{"id":"282901-282901","dt":"2025-12-15","p":[{"id":2,"n":"Haricots verts Notre Jardin Extra fins - 345g","p":2.39,"u":"6,93 €/KG","img":"https://fd1-photos.leclercdrive.fr/image.ashx?id=2368650&use=l&cat=p&typeid=i","cat":312606},{"id":3,"n":"Haricots verts Notre Jardin Très fins - 220g","p":0.86,"u":"3,91 €/KG","img":"https://fd1-photos.leclercdrive.fr/image.ashx?id=2987991&use=l&cat=p&typeid=i","cat":312606},{"id":4,"n":"Haricots verts Notre Jardin Très fins - 440g","p":1.15,"u":"2,61 €/KG","img":"https://fd1-photos.leclercdrive.fr/image.ashx?id=2468822&use=l&cat=p&typeid=i","cat":312606},{"id":5,"n":"Haricots verts Notre Jardin Extra fins - 440g","p":1.2,"u":"2,73 €/KG","img":"https://fd1-photos.leclercdrive.fr/image.ashx?id=2291393&use=l&cat=p&typeid=i","cat":312606},{"id":6,"n":"Haricots verts Notre Jardin Extra fins - 220g","p":0.88,"u":"4,00 €/KG","img":"https://fd1-photos.leclercdrive.fr/image.ashx?id=1993167&use=l&cat=p&typeid=i","cat":312606},{"id":7,"n":"Haricots beurre Notre Jardin Très fins - 220g","p":1.11,"u":"5,05 €/KG","img":"https://fd1-photos.leclercdrive.fr/image.ashx?id=2988027&use=l&cat=p&typeid=i","cat":312606},{"id":8,"n":"Haricots beurre Notre Jardin Très fins - 440g","p":1.55,"u":"3,52 €/KG","img":"https://fd1-photos.leclercdrive.fr/image.ashx?id=2988030&use=l&cat=p&typeid=i","cat":312606},{"id":9,"n":"Petits pois Notre Jardin A l'étuvée - Extra fins - 280g","p":0.9,"u":"3,21 €/KG","img":"https://fd1-photos.leclercdrive.fr/image.ashx?id=2398758&use=l&cat=p&typeid=i","cat":312607},{"id":10,"n":"Petits pois Notre Jardin A l'étuvée - Très fins - 280g","p":0.89,"u":"3,18 €/KG","img":"https://fd1-photos.leclercdrive.fr/image.ashx?id=2987958&use=l&cat=p&typeid=i","cat":312607},{"id":11,"n":"Petits pois carottes  Notre Jardin -Extra fins - 530g","p":1.22,"u":"2,30 €/KG","img":"https://fd1-photos.leclercdrive.fr/image.ashx?id=2987961&use=l&cat=p&typeid=i","cat":312607},{"id":12,"n":"Petits pois carottes extra-fins Notre Jardin à l'étuvée 260g","p":0.99,"u":"3,74 €/KG","img":"https://fd1-photos.leclercdrive.fr/image.ashx?id=2987964&use=l&cat=p&typeid=i","cat":312607},{"id":13,"n":"Petits pois carottes Très fins Notre Jardin -A l'étuvée -530g","p":1.33,"u":"2,51 €/KG","img":"https://fd1-photos.leclercdrive.fr/image.ashx?id=2698156&use=l&cat=p&typeid=i","cat":312607},{"id":14,"n":"Carottes Notre Jardin Extra-fines - 265g","p":0.85,"u":"3,21 €/KG","img":"https://fd1-photos.leclercdrive.fr/image.ashx?id=1993149&use=l&cat=p&typeid=i","cat":312607},{"id":15,"n":"Champignons Paris Notre Jardin Entiers - 230g","p":1.47,"u":"6,39 €/KG","img":"https://fd1-photos.leclercdrive.fr/image.ashx?id=2553890&use=l&cat=p&typeid=i","cat":312610},{"id":16,"n":"Champignons Paris Notre Jardin Pieds et morceaux - 230g","p":1.49,"u":"6,48 €/KG","img":"https://fd1-photos.leclercdrive.fr/image.ashx?id=2553896&use=l&cat=p&typeid=i","cat":312610},{"id":17,"n":"Champignons Paris Notre Jardin Emincés - 230g","p":1.07,"u":"4,65 €/KG","img":"https://fd1-photos.leclercdrive.fr/image.ashx?id=2551960&use=l&cat=p&typeid=i","cat":312610},{"id":19,"n":"Flageolets verts Notre Jardin Extra fins - 265g","p":0.99,"u":"3,74 €/KG","img":"https://fd1-photos.leclercdrive.fr/image.ashx?id=1993161&use=l&cat=p&typeid=i","cat":312606},{"id":20,"n":"Macédoine légumes Notre Jardin 265g","p":0.71,"u":"2,68 €/KG","img":"https://fd1-photos.leclercdrive.fr/image.ashx?id=2375953&use=l&cat=p&typeid=i","cat":312612},{"id":21,"n":"Macédoine légumes Notre Jardin - 530g","p":1.23,"u":"2,32 €/KG","img":"https://fd1-photos.leclercdrive.fr/image.ashx?id=2526276&use=l&cat=p&typeid=i","cat":312612},{"id":22,"n":"Garniture de 4 légumes  Notre Jardin - 510g","p":1.74,"u":"3,41 €/KG","img":"https://fd1-photos.leclercdrive.fr/image.ashx?id=2526279&use=l&cat=p&typeid=i","cat":312612},{"id":26,"n":"Pois chiches Notre Jardin 265g","p":0.75,"u":"2,83 €/KG","img":"https://fd1-photos.leclercdrive.fr/image.ashx?id=2988009&use=l&cat=p&typeid=i","cat":312609},{"id":27,"n":"Lentilles préparées Notre  Jardin - 265g","p":0.67,"u":"2,53 €/KG","img":"https://fd1-photos.leclercdrive.fr/image.ashx?id=2987985&use=l&cat=p&typeid=i","cat":312609},{"id":28,"n":"Lentilles Préparées Notre  Jardin - 530g","p":1.15,"u":"2,17 €/KG","img":"https://fd1-photos.leclercdrive.fr/image.ashx?id=2987982&use=l&cat=p&typeid=i","cat":312609},{"id":29,"n":"Haricots rouges Notre Jardin 250g","p":0.84,"u":"3,36 €/KG","img":"https://fd1-photos.leclercdrive.fr/image.ashx?id=2988024&use=l&cat=p&typeid=i","cat":312606},{"id":30,"n":"Pommes de terre Notre Jardin 530g","p":1.29,"u":"2,43 €/KG","img":"https://fd1-photos.leclercdrive.fr/image.ashx?id=2696250&use=l&cat=p&typeid=i","cat":312612},{"id":36,"n":"Epinards hâchés Notre Jardin 795g","p":1.65,"u":"2,08 €/KG","img":"https://fd1-photos.leclercdrive.fr/image.ashx?id=2468807&use=l&cat=p&typeid=i","cat":312612},{"id":37,"n":"Epinards hâchés Notre Jardin 395g","p":1.09,"u":"2,76 €/KG","img":"https://fd1-photos.leclercdrive.fr/image.ashx?id=2468810&use=l&cat=p&typeid=i","cat":312612},{"id":38,"n":"Epinards branches  Notre Jardin 265g","p":1.15,"u":"4,34 €/KG","img":"https://fd1-photos.leclercdrive.fr/image.ashx?id=2691024&use=l&cat=p&typeid=i","cat":312612},{"id":39,"n":"Epinards branches Notre Jardin 530g","p":1.69,"u":"3,19 €/KG","img":"https://fd1-photos.leclercdrive.fr/image.ashx?id=2398773&use=l&cat=p&typeid=i","cat":312612},{"id":40,"n":"Coeurs de palmiers Notre Jardin Extra tendres - 500g","p":3.85,"u":"7,70 €/KG","img":"https://fd1-photos.leclercdrive.fr/image.ashx?id=2072698&use=l&cat=p&typeid=i","cat":312611},{"id":41,"n":"Choux Bruxelles Notre Jardin 530g","p":1.95,"u":"3,68 €/KG","img":"https://fd1-photos.leclercdrive.fr/image.ashx?id=2072428&use=l&cat=p&typeid=i","cat":312612},{"id":42,"n":"Haricots Mungo Notre Jardin 180g","p":1.0,"u":"5,56 €/KG","img":"https://fd1-photos.leclercdrive.fr/image.ashx?id=2072431&use=l&cat=p&typeid=i","cat":312611},{"id":43,"n":"Asperges blanches miniatures Notre Jardin - 110g","p":1.55,"u":"14,09 €/KG","img":"https://fd1-photos.leclercdrive.fr/image.ashx?id=2049019&use=l&cat=p&typeid=i","cat":312611},{"id":44,"n":"Maïs Notre Jardin Tendre - 285g","p":0.96,"u":"3,37 €/KG","img":"https://fd1-photos.leclercdrive.fr/image.ashx?id=3005658&use=l&cat=p&typeid=i","cat":312611},{"id":47,"n":"Filets de thon Saupiquet Huile d'olive - 115g","p":2.29,"u":"19,91 €/KG","img":"https://fd1-photos.leclercdrive.fr/image.ashx?id=2846373&use=l&cat=p&typeid=i","cat":303867},{"id":48,"n":"Thon Saupiquet A la Catalane - 252g","p":1.72,"u":"6,83 €/KG","img":"https://fd1-photos.leclercdrive.fr/image.ashx?id=2860892&use=l&cat=p&typeid=i","cat":303867},{"id":50,"n":"Miettes de thon Pêche Océan Huile de tournesol - 160g","p":1.7,"u":"10,63 €/KG","img":"https://fd1-photos.leclercdrive.fr/image.ashx?id=2941369&use=l&cat=p&typeid=i","cat":303867},{"id":51,"n":"Miettes de thon Pêche Océan Tomate - 160g","p":1.13,"u":"7,06 €/KG","img":"https://fd1-photos.leclercdrive.fr/image.ashx?id=2941378&use=l&cat=p&typeid=i","cat":303867},{"id":52,"n":"Miettes de thon Pêche Océan Tomate - 3x80g","p":1.56,"u":"6,50 €/KG","img":"https://fd1-photos.leclercdrive.fr/image.ashx?id=2941363&use=l&cat=p&typeid=i","cat":303867},{"id":54,"n":"Sardines tomate Pêche Océan 135g","p":1.32,"u":"9,78 €/KG","img":"https://fd1-photos.leclercdrive.fr/image.ashx?id=2694097&use=l&cat=p&typeid=i","cat":305146},{"id":58,"n":"Filets maquereaux Pêche Océan Arômates et Muscadet 176g","p":1.45,"u":"8,24 €/KG","img":"https://fd1-photos.leclercdrive.fr/image.ashx?id=2476948&use=l&cat=p&typeid=i","cat":303868},{"id":59,"n":"Maquereaux Pêche Océan Moutarde de Dijon - 169g","p":1.65,"u":"9,76 €/KG","img":"https://fd1-photos.leclercdrive.fr/image.ashx?id=2488350&use=l&cat=p&typeid=i","cat":303868},{"id":66,"n":"Terrine de campagne Côté Table Cèpes - 180g","p":1.55,"u":"8,61 €/KG","img":"https://fd1-photos.leclercdrive.fr/image.ashx?id=2519414&use=l&cat=p&typeid=i","cat":305149},{"id":68,"n":"Cassoulet Côté Table Saucisses et saucissons - 420g","p":1.15,"u":"2,74 €/KG","img":"https://fd1-photos.leclercdrive.fr/image.ashx?id=2977099&use=l&cat=p&typeid=i","cat":284440},{"id":72,"n":"Lentilles cuisinées Raynal Et Roquelaure - 820g","p":1.95,"u":"2,38 €/KG","img":"https://fd1-photos.leclercdrive.fr/image.ashx?id=2928393&use=l&cat=p&typeid=i","cat":312609},{"id":74,"n":"Choucroute Côté Table garnie 800g","p":2.69,"u":"3,36 €/KG","img":"https://fd1-photos.leclercdrive.fr/image.ashx?id=2977111&use=l&cat=p&typeid=i","cat":284441},{"id":75,"n":"Choucroute Côté Table garnie 400g","p":1.75,"u":"4,38 €/KG","img":"https://fd1-photos.leclercdrive.fr/image.ashx?id=2977114&use=l&cat=p&typeid=i","cat":284441},{"id":78,"n":"Saucisses lentilles Côté Table 840g","p":1.99,"u":"2,37 €/KG","img":"https://fd1-photos.leclercdrive.fr/image.ashx?id=2977102&use=l&cat=p&typeid=i","cat":284441},{"id":79,"n":"Saucisses lentilles Côté Table 420g","p":1.15,"u":"2,74 €/KG","img":"https://fd1-photos.leclercdrive.fr/image.ashx?id=2977105&use=l&cat=p&typeid=i","cat":284441},{"id":92,"n":"Chips Pom'lisse Nature - 6x30g","p":1.37,"u":"7,61 €/KG","img":"https://fd1-photos.leclercdrive.fr/image.ashx?id=2498593&use=l&cat=p&typeid=i","cat":284447},{"id":97,"n":"Pétales salées Tokapi Soufflés - 75g","p":0.69,"u":"9,20 €/KG","img":"https://fd1-photos.leclercdrive.fr/image.ashx?id=2751874&use=l&cat=p&typeid=i","cat":284449},{"id":104,"n":"Mélange Grillé et salé Tokapi Cacahuètes et noisettes - 120g","p":1.42,"u":"11,83 €/KG","img":"https://fd1-photos.leclercdrive.fr/image.ashx?id=2794100&use=l&cat=p&typeid=i","cat":284448},{"id":105,"n":"Cacahuètes grillées Tokapi Salées - 250g","p":0.85,"u":"3,40 €/KG","img":"https://fd1-photos.leclercdrive.fr/image.ashx?id=2795529&use=l&cat=p&typeid=i","cat":284448},{"id":108,"n":"Noix de cajou grillées Tokapi Salées - 400g","p":4.78,"u":"11,95 €/KG","img":"https://fd1-photos.leclercdrive.fr/image.ashx?id=2998880&use=l&cat=p&typeid=i","cat":284448},{"id":113,"n":"Crackers Tuc Nature Original - 100g","p":0.55,"u":"5,50 €/KG","img":"https://fd1-photos.leclercdrive.fr/image.ashx?id=3002195&use=l&cat=p&typeid=i","cat":297000},{"id":117,"n":"Huile Isio 4 Lesieur 1L","p":3.43,"u":"3,43 €/L","img":"https://fd1-photos.leclercdrive.fr/image.ashx?id=2916018&use=l&cat=p&typeid=i","cat":284453},{"id":118,"n":"Huile d'olive Puget 1L","p":11.5,"u":"11,50 €/L","img":"https://fd1-photos.leclercdrive.fr/image.ashx?id=2917750&use=l&cat=p&typeid=i","cat":284453},{"id":121,"n":"Huile Fleur de colza Lesieur  1L","p":2.78,"u":"2,78 €/L","img":"https://fd1-photos.leclercdrive.fr/image.ashx?id=2916848&use=l&cat=p&typeid=i","cat":284453},{"id":122,"n":"Huile de friture Rustica Sans odeur - 2L","p":4.45,"u":"2,23 €/L","img":"https://fd1-photos.leclercdrive.fr/image.ashx?id=2916662&use=l&cat=p&typeid=i","cat":284453},{"id":123,"n":"Huile végétale  Rustica Mélange 4 huiles  - 1L","p":2.65,"u":"2,65 €/L","img":"https://fd1-photos.leclercdrive.fr/image.ashx?id=2538134&use=l&cat=p&typeid=i","cat":284453},{"id":124,"n":"Huile d'olive Rustica Vierge extra - 1L","p":8.99,"u":"8,99 €/L","img":"https://fd1-photos.leclercdrive.fr/image.ashx?id=2898011&use=l&cat=p&typeid=i","cat":284453},{"id":125,"n":"Huile de tournesol Rustica  1L","p":1.99,"u":"1,99 €/L","img":"https://fd1-photos.leclercdrive.fr/image.ashx?id=2900319&use=l&cat=p&typeid=i","cat":284453},{"id":126,"n":"Huile de tournesol Rustica 3L","p":5.89,"u":"1,96 €/L","img":"https://fd1-photos.leclercdrive.fr/image.ashx?id=2900322&use=l&cat=p&typeid=i","cat":284453},{"id":127,"n":"Huile de colza Rustica  1L","p":1.76,"u":"1,76 €/L","img":"https://fd1-photos.leclercdrive.fr/image.ashx?id=2500797&use=l&cat=p&typeid=i","cat":284453},{"id":128,"n":"Vinaigre de vin Rustica 75cl","p":0.99,"u":"1,32 €/L","img":"https://fd1-photos.leclercdrive.fr/image.ashx?id=1061150&use=l&cat=p&typeid=i","cat":298543},{"id":129,"n":"Vinaigre de cidre Rustica  75cl","p":0.87,"u":"1,16 €/L","img":"https://fd1-photos.leclercdrive.fr/image.ashx?id=2657190&use=l&cat=p&typeid=i","cat":298543},{"id":130,"n":"Vinaigrette Rustica  Moutarde - 50cl","p":0.89,"u":"1,78 €/L","img":"https://fd1-photos.leclercdrive.fr/image.ashx?id=1950144&use=l&cat=p&typeid=i","cat":284456},{"id":131,"n":"Jus de citron Rustica Sicile - 2x125ml - 250ml","p":1.08,"u":"4,32 €/L","img":"https://fd1-photos.leclercdrive.fr/image.ashx?id=2974786&use=l&cat=p&typeid=i","cat":288383},{"id":137,"n":"Gros sel de Camargue NRT Sachet -1kg","p":1.2,"u":"1,20 €/KG","img":"https://fd1-photos.leclercdrive.fr/image.ashx?id=2819956&use=l&cat=p&typeid=i","cat":284457},{"id":138,"n":"Sel fin de Guérande IGP NRT 250g","p":1.35,"u":"5,40 €/KG","img":"https://fd1-photos.leclercdrive.fr/image.ashx?id=2644900&use=l&cat=p&typeid=i","cat":284457},{"id":147,"n":"Olives vertes Rustica  Dénoyautées - 160g","p":0.92,"u":"5,75 €/KG","img":"https://fd1-photos.leclercdrive.fr/image.ashx?id=2499070&use=l&cat=p&typeid=i","cat":284458},{"id":156,"n":"Moutarde de Dijon Rustica  Fine et forte Verre whisky-280g","p":1.94,"u":"6,93 €/KG","img":"https://fd1-photos.leclercdrive.fr/image.ashx?id=2954337&use=l&cat=p&typeid=i","cat":288850},{"id":157,"n":"Moutarde de Dijon AMORA Fine & Forte - 265g","p":1.55,"u":"5,85 €/KG","img":"https://fd1-photos.leclercdrive.fr/image.ashx?id=3004870&use=l&cat=p&typeid=i","cat":288850},{"id":160,"n":"Mayonnaise Lesieur Huile de colza - 175g","p":0.78,"u":"4,46 €/KG","img":"https://fd1-photos.leclercdrive.fr/image.ashx?id=2917702&use=l&cat=p&typeid=i","cat":298295},{"id":169,"n":"Sauce Pesto Panzani Basilic - 200g","p":1.61,"u":"8,05 €/KG","img":"https://fd1-photos.leclercdrive.fr/image.ashx?id=2989093&use=l&cat=p&typeid=i","cat":287599},{"id":173,"n":"Pulpe de tomate Notre Jardin En dés - 3x383g","p":2.06,"u":"1,81 €/KG","img":"https://fd1-photos.leclercdrive.fr/image.ashx?id=2826918&use=l&cat=p&typeid=i","cat":288384},{"id":175,"n":"Sauce bolognaise Turini 420g","p":1.45,"u":"3,45 €/KG","img":"https://fd1-photos.leclercdrive.fr/image.ashx?id=2634860&use=l&cat=p&typeid=i","cat":287599},{"id":177,"n":"Sauce Tomate Turini 2x190g","p":1.39,"u":"3,66 €/KG","img":"https://fd1-photos.leclercdrive.fr/image.ashx?id=2668117&use=l&cat=p&typeid=i","cat":288384},{"id":178,"n":"Sauce Napolitaine Turini 420g","p":0.88,"u":"2,10 €/KG","img":"https://fd1-photos.leclercdrive.fr/image.ashx?id=2441893&use=l&cat=p&typeid=i","cat":287599},{"id":185,"n":"Pâtes Barilla Pipe Rigate - 500g","p":1.02,"u":"2,04 €/KG","img":"https://fd1-photos.leclercdrive.fr/image.ashx?id=2392209&use=l&cat=p&typeid=i","cat":284427},{"id":186,"n":"Pâtes Barilla Penne rigate - 500g","p":1.0,"u":"2,00 €/KG","img":"https://fd1-photos.leclercdrive.fr/image.ashx?id=2392203&use=l&cat=p&typeid=i","cat":284427},{"id":187,"n":"Pâtes Barilla Fusilli - 500g","p":0.98,"u":"1,96 €/KG","img":"https://fd1-photos.leclercdrive.fr/image.ashx?id=2392212&use=l&cat=p&typeid=i","cat":284427},{"id":191,"n":"Pâtes Collezione Barilla Lasagne aux œufs - 500g","p":1.97,"u":"3,94 €/KG","img":"https://fd1-photos.leclercdrive.fr/image.ashx?id=2990997&use=l&cat=p&typeid=i","cat":284427},{"id":192,"n":"Pâtes Barilla Penne rigate - 1kg","p":1.87,"u":"1,87 €/KG","img":"https://fd1-photos.leclercdrive.fr/image.ashx?id=2392191&use=l&cat=p&typeid=i","cat":284427},{"id":193,"n":"Pâtes vermicelles Panzani  500g","p":1.22,"u":"2,44 €/KG","img":"https://fd1-photos.leclercdrive.fr/image.ashx?id=2896072&use=l&cat=p&typeid=i","cat":284427},{"id":194,"n":"Pâtes Coquillettes Panzani 500g","p":0.91,"u":"1,82 €/KG","img":"https://fd1-photos.leclercdrive.fr/image.ashx?id=2870200&use=l&cat=p&typeid=i","cat":284427},{"id":195,"n":"Pâtes macaroni Panzani 500g","p":0.96,"u":"1,92 €/KG","img":"https://fd1-photos.leclercdrive.fr/image.ashx?id=2884297&use=l&cat=p&typeid=i","cat":284427},{"id":196,"n":"Pâtes nouilles fines Panzani 500g","p":1.1,"u":"2,20 €/KG","img":"https://fd1-photos.leclercdrive.fr/image.ashx?id=2876005&use=l&cat=p&typeid=i","cat":284427},{"id":197,"n":"Pâtes Torti Panzani 500g","p":0.78,"u":"1,56 €/KG","img":"https://fd1-photos.leclercdrive.fr/image.ashx?id=2869552&use=l&cat=p&typeid=i","cat":284427},{"id":198,"n":"Pâtes Spaghetti Panzani 500g","p":0.89,"u":"1,78 €/KG","img":"https://fd1-photos.leclercdrive.fr/image.ashx?id=2876023&use=l&cat=p&typeid=i","cat":284427},{"id":199,"n":"Pâtes Tagliatelle Panzani Créatives - 500G","p":1.51,"u":"3,02 €/KG","img":"https://fd1-photos.leclercdrive.fr/image.ashx?id=2902936&use=l&cat=p&typeid=i","cat":284427},{"id":200,"n":"Pâtes lasagnes Turini  500g","p":1.29,"u":"2,58 €/KG","img":"https://fd1-photos.leclercdrive.fr/image.ashx?id=2980779&use=l&cat=p&typeid=i","cat":284427},{"id":203,"n":"Pâtes Torsades Turini 500g","p":0.65,"u":"1,30 €/KG","img":"https://fd1-photos.leclercdrive.fr/image.ashx?id=2980420&use=l&cat=p&typeid=i","cat":284427},{"id":204,"n":"Pâtes Coquillettes Turini 500g","p":0.75,"u":"1,50 €/KG","img":"https://fd1-photos.leclercdrive.fr/image.ashx?id=2980402&use=l&cat=p&typeid=i","cat":284427},{"id":205,"n":"Pâtes Macaroni Turini 500g","p":0.75,"u":"1,50 €/KG","img":"https://fd1-photos.leclercdrive.fr/image.ashx?id=2980411&use=l&cat=p&typeid=i","cat":284427},{"id":206,"n":"Spaghetti Turini 500g","p":0.69,"u":"1,38 €/KG","img":"https://fd1-photos.leclercdrive.fr/image.ashx?id=2664328&use=l&cat=p&typeid=i","cat":284427},{"id":208,"n":"Pâtes gansettes Turini 500g","p":0.98,"u":"1,96 €/KG","img":"https://fd1-photos.leclercdrive.fr/image.ashx?id=2607422&use=l&cat=p&typeid=i","cat":284427},{"id":210,"n":"Pâtes cheveux d'anges Turini 500g","p":0.85,"u":"1,70 €/KG","img":"https://fd1-photos.leclercdrive.fr/image.ashx?id=2980782&use=l&cat=p&typeid=i","cat":284427},{"id":211,"n":"Pâtes Tagliatelles Turini 500g","p":1.29,"u":"2,58 €/KG","img":"https://fd1-photos.leclercdrive.fr/image.ashx?id=2669693&use=l&cat=p&typeid=i","cat":284427},{"id":219,"n":"Riz long Comptoir du Grain Sachet cuisson rapide x5 - 1kg","p":1.74,"u":"1,74 €/KG","img":"https://fd1-photos.leclercdrive.fr/image.ashx?id=1759876&use=l&cat=p&typeid=i","cat":284428},{"id":220,"n":"Couscous moyen Regia 1kg","p":2.12,"u":"2,12 €/KG","img":"https://fd1-photos.leclercdrive.fr/image.ashx?id=2874856&use=l&cat=p&typeid=i","cat":284429},{"id":221,"n":"Couscous Ferrero fin Graine nature - 1kg","p":2.69,"u":"2,69 €/KG","img":"https://fd1-photos.leclercdrive.fr/image.ashx?id=2862215&use=l&cat=p&typeid=i","cat":284429},{"id":224,"n":"Purée pomme de terre Pom'lisse Nature - 4x125g - 500g","p":1.85,"u":"3,70 €/KG","img":"https://fd1-photos.leclercdrive.fr/image.ashx?id=2949403&use=l&cat=p&typeid=i","cat":284431},{"id":225,"n":"Couscous Comptoir du Grain Grain moyen - 1kg","p":1.44,"u":"1,44 €/KG","img":"https://fd1-photos.leclercdrive.fr/image.ashx?id=3012794&use=l&cat=p&typeid=i","cat":284429},{"id":229,"n":"Blé précuit Comptoir du Grain Cuisson rapide 10 min - 500g","p":1.54,"u":"3,08 €/KG","img":"https://fd1-photos.leclercdrive.fr/image.ashx?id=3012818&use=l&cat=p&typeid=i","cat":284429},{"id":230,"n":"Pois cassés Notre Jardin 500g","p":1.05,"u":"2,10 €/KG","img":"https://fd1-photos.leclercdrive.fr/image.ashx?id=2983772&use=l&cat=p&typeid=i","cat":284430},{"id":231,"n":"Lentilles vertes Notre Jardin 500g","p":1.63,"u":"3,26 €/KG","img":"https://fd1-photos.leclercdrive.fr/image.ashx?id=2049010&use=l&cat=p&typeid=i","cat":284430},{"id":238,"n":"Soupe Velouté Régal Soupe Tomates - 1L","p":1.09,"u":"1,09 €/L","img":"https://fd1-photos.leclercdrive.fr/image.ashx?id=2800234&use=l&cat=p&typeid=i","cat":284462},{"id":239,"n":"Soupe Velouté Régal Soupe 10 légumes - 1L","p":1.19,"u":"1,19 €/L","img":"https://fd1-photos.leclercdrive.fr/image.ashx?id=2983781&use=l&cat=p&typeid=i","cat":284462},{"id":240,"n":"Soupe Régal Soupe Poireaux Pommes de terre - 1L","p":1.19,"u":"1,19 €/L","img":"https://fd1-photos.leclercdrive.fr/image.ashx?id=2983784&use=l&cat=p&typeid=i","cat":284462},{"id":241,"n":"Soupe Mouliné Régal Soupe 10 légumes variés - 1L","p":1.08,"u":"1,08 €/L","img":"https://fd1-photos.leclercdrive.fr/image.ashx?id=2607353&use=l&cat=p&typeid=i","cat":284462},{"id":242,"n":"Soupe Velouté Régal Soupe Potiron - 1L","p":1.35,"u":"1,35 €/L","img":"https://fd1-photos.leclercdrive.fr/image.ashx?id=2983787&use=l&cat=p&typeid=i","cat":284462},{"id":255,"n":"Arôme Saveur Maggi 250g","p":1.86,"u":"7,44 €/KG","img":"https://fd1-photos.leclercdrive.fr/image.ashx?id=2671960&use=l&cat=p&typeid=i","cat":288379},{"id":259,"n":"Assaisonnement Liquide KNORR Viandox - 160ml","p":1.46,"pp":1.02,"u":"6,38 €/L","img":"https://fd1-photos.leclercdrive.fr/image.ashx?id=2705215&use=l&cat=p&typeid=i","cat":288383},{"id":267,"n":"Biscuits Petit Ecolier LU Chocolat au lait - 120g","p":2.11,"u":"17,58 €/KG","img":"https://fd1-photos.leclercdrive.fr/image.ashx?id=3014404&use=l&cat=p&typeid=i","cat":284488},{"id":270,"n":"Biscuits Petit Ecolier LU Chocolat noir - 150g","p":1.75,"u":"11,67 €/KG","img":"https://fd1-photos.leclercdrive.fr/image.ashx?id=2944359&use=l&cat=p&typeid=i","cat":284488},{"id":274,"n":"Biscuits Pocket Prince Chocolat - 400g","p":2.25,"u":"5,63 €/KG","img":"https://fd1-photos.leclercdrive.fr/image.ashx?id=3002207&use=l&cat=p&typeid=i","cat":284488},{"id":278,"n":"Biscuits La Barquette Lulu LU Chocolat noisettes - 2x120g","p":2.0,"u":"8,33 €/KG","img":"https://fd1-photos.leclercdrive.fr/image.ashx?id=2135740&use=l&cat=p&typeid=i","cat":284488},{"id":280,"n":"Biscuits Petits cœurs LU Chocolat - 180g","p":2.25,"u":"12,50 €/KG","img":"https://fd1-photos.leclercdrive.fr/image.ashx?id=3002024&use=l&cat=p&typeid=i","cat":284488},{"id":281,"n":"Gâteaux moelleux Lulu LU Coqueline Chocolat - 165g","p":1.64,"u":"9,94 €/KG","img":"https://fd1-photos.leclercdrive.fr/image.ashx?id=3001946&use=l&cat=p&typeid=i","cat":284495},{"id":283,"n":"Biscuit Petit beurre P'tit Déli Chocolat au lait pocket - 250g","p":2.25,"u":"9,00 €/KG","img":"https://fd1-photos.leclercdrive.fr/image.ashx?id=2919589&use=l&cat=p&typeid=i","cat":284488},{"id":284,"n":"Biscuits P'tit Déli ronds Chocolat lait 200g","p":1.22,"u":"6,10 €/KG","img":"https://fd1-photos.leclercdrive.fr/image.ashx?id=2884210&use=l&cat=p&typeid=i","cat":284488},{"id":286,"n":"Biscuits barquette P'tit Déli Chocolat et noisette x18 - 120g","p":0.89,"u":"7,42 €/KG","img":"https://fd1-photos.leclercdrive.fr/image.ashx?id=2705065&use=l&cat=p&typeid=i","cat":284488},{"id":288,"n":"Gaufrettes P'tit Déli  Enrobées chocolat 150g","p":1.59,"u":"10,60 €/KG","img":"https://fd1-photos.leclercdrive.fr/image.ashx?id=2965416&use=l&cat=p&typeid=i","cat":284488},{"id":289,"n":"Mini goûters P'tit Déli Chocolat 168g","p":1.13,"u":"6,73 €/KG","img":"https://fd1-photos.leclercdrive.fr/image.ashx?id=2321941&use=l&cat=p&typeid=i","cat":284488},{"id":290,"n":"Biscuits P'tit Déli Bâtonnets Chocolat 150g","p":1.19,"u":"7,93 €/KG","img":"https://fd1-photos.leclercdrive.fr/image.ashx?id=2470189&use=l&cat=p&typeid=i","cat":284488},{"id":291,"n":"Goûter Moelleux P'tit Déli  Lait et cacao x10 420g","p":2.81,"u":"6,69 €/KG","img":"https://fd1-photos.leclercdrive.fr/image.ashx?id=2610684&use=l&cat=p&typeid=i","cat":284495},{"id":292,"n":"Biscuits fourrés P'tit Déli Coeur fondant chocolat - 225g","p":1.26,"u":"5,60 €/KG","img":"https://fd1-photos.leclercdrive.fr/image.ashx?id=2932393&use=l&cat=p&typeid=i","cat":284488},{"id":296,"n":"Biscuits La Barquette Lulu LU Fraise - 2x120g","p":2.02,"u":"8,42 €/KG","img":"https://fd1-photos.leclercdrive.fr/image.ashx?id=3001952&use=l&cat=p&typeid=i","cat":284489},{"id":297,"n":"Biscuits La Barquette Lulu LU Framboise - 2x120g","p":2.0,"u":"16,67 €/KG","img":"https://fd1-photos.leclercdrive.fr/image.ashx?id=2904631&use=l&cat=p&typeid=i","cat":284489},{"id":298,"n":"Gâteaux moelleux Lulu LU Coqueline Fraise - 165g","p":1.34,"u":"8,12 €/KG","img":"https://fd1-photos.leclercdrive.fr/image.ashx?id=2977252&use=l&cat=p&typeid=i","cat":284495},{"id":304,"n":"Génoises fourrées P'tit Déli - 150g","p":1.39,"u":"9,27 €/KG","img":"https://fd1-photos.leclercdrive.fr/image.ashx?id=2470192&use=l&cat=p&typeid=i","cat":284489},{"id":310,"n":"Biscuits boudoirs P'tit Déli Aux oeufs - 175g","p":1.38,"u":"7,89 €/KG","img":"https://fd1-photos.leclercdrive.fr/image.ashx?id=1947342&use=l&cat=p&typeid=i","cat":284487},{"id":313,"n":"Biscuits palmiers P'tit Déli 100g","p":0.59,"u":"5,90 €/KG","img":"https://fd1-photos.leclercdrive.fr/image.ashx?id=2940896&use=l&cat=p&typeid=i","cat":284487},{"id":314,"n":"Biscuits langue chat P'tit Déli 200g","p":1.28,"u":"6,40 €/KG","img":"https://fd1-photos.leclercdrive.fr/image.ashx?id=1875827&use=l&cat=p&typeid=i","cat":284487},{"id":315,"n":"Biscuits cigarettes P'tit Déli Fines 180g","p":0.94,"u":"5,22 €/KG","img":"https://fd1-photos.leclercdrive.fr/image.ashx?id=2907039&use=l&cat=p&typeid=i","cat":284487},{"id":316,"n":"Palets bretons P'tit Déli 125g","p":0.97,"u":"7,76 €/KG","img":"https://fd1-photos.leclercdrive.fr/image.ashx?id=2809650&use=l&cat=p&typeid=i","cat":284487},{"id":321,"n":"Cake fruits Brossard 500g","p":4.11,"u":"8,22 €/KG","img":"https://fd1-photos.leclercdrive.fr/image.ashx?id=2983105&use=l&cat=p&typeid=i","cat":284493},{"id":322,"n":"Cake anglais Brossard 400g","p":2.95,"u":"7,38 €/KG","img":"https://fd1-photos.leclercdrive.fr/image.ashx?id=2456795&use=l&cat=p&typeid=i","cat":284493},{"id":323,"n":"Gâteaux Mini roulés Pépito Chocolat - 150g","p":1.76,"u":"11,73 €/KG","img":"https://fd1-photos.leclercdrive.fr/image.ashx?id=2331898&use=l&cat=p&typeid=i","cat":284495},{"id":325,"n":"Galettes Bretonnes P'tit Déli Pur beurre - 125g","p":0.73,"u":"5,84 €/KG","img":"https://fd1-photos.leclercdrive.fr/image.ashx?id=2847943&use=l&cat=p&typeid=i","cat":284487},{"id":327,"n":"Biscuits P'tit Déli Cookies Chocolat nougatine 200g","p":1.35,"u":"6,75 €/KG","img":"https://fd1-photos.leclercdrive.fr/image.ashx?id=2900022&use=l&cat=p&typeid=i","cat":325066},{"id":328,"n":"Biscuits Cookies P'tit Déli Chocolat pépite chocolat - 200g","p":1.35,"u":"6,75 €/KG","img":"https://fd1-photos.leclercdrive.fr/image.ashx?id=2900025&use=l&cat=p&typeid=i","cat":325066},{"id":329,"n":"Biscuits Bastogne LU Originale - 260g","p":1.48,"u":"5,69 €/KG","img":"https://fd1-photos.leclercdrive.fr/image.ashx?id=2346765&use=l&cat=p&typeid=i","cat":284487},{"id":332,"n":"Biscuits petit déjeuner Belvita Céréales & Lait - 400g","p":2.68,"u":"6,70 €/KG","img":"https://fd1-photos.leclercdrive.fr/image.ashx?id=2959841&use=l&cat=p&typeid=i","cat":284491},{"id":345,"n":"Pain de mie Harrys - Nature Longue conservation - 250g","p":0.79,"u":"3,16 €/KG","img":"https://fd1-photos.leclercdrive.fr/image.ashx?id=2507976&use=l&cat=p&typeid=i","cat":284477},{"id":349,"n":"Pain de mie nature Epi d'Or Classique - 500g","p":1.19,"u":"2,38 €/KG","img":"https://fd1-photos.leclercdrive.fr/image.ashx?id=2615582&use=l&cat=p&typeid=i","cat":284477},{"id":350,"n":"Pain de mie nature Epi d'Or Grandes tranches - 550g","p":1.09,"u":"1,98 €/KG","img":"https://fd1-photos.leclercdrive.fr/image.ashx?id=2860700&use=l&cat=p&typeid=i","cat":284477},{"id":352,"n":"Pain de mie nature Epi d'Or  Extra-moelleux - 500g","p":0.95,"u":"1,90 €/KG","img":"https://fd1-photos.leclercdrive.fr/image.ashx?id=2860697&use=l&cat=p&typeid=i","cat":284477},{"id":361,"n":"Brioche tranchée Epi d'Or Nature - 500g","p":1.65,"u":"3,30 €/KG","img":"https://fd1-photos.leclercdrive.fr/image.ashx?id=2860694&use=l&cat=p&typeid=i","cat":284478},{"id":362,"n":"Briochettes Epi d'Or Nature x12 - 480g","p":1.49,"u":"3,10 €/KG","img":"https://fd1-photos.leclercdrive.fr/image.ashx?id=2860709&use=l&cat=p&typeid=i","cat":284478},{"id":363,"n":"Pains au lait Epi d'Or x10 - 350g","p":1.19,"u":"3,40 €/KG","img":"https://fd1-photos.leclercdrive.fr/image.ashx?id=2860688&use=l&cat=p&typeid=i","cat":293505},{"id":364,"n":"Pains au chocolat Epi d'Or x8 - 360g","p":1.89,"u":"5,25 €/KG","img":"https://fd1-photos.leclercdrive.fr/image.ashx?id=2860691&use=l&cat=p&typeid=i","cat":296366},{"id":367,"n":"Barre patissière P'tit Déli 800g","p":2.2,"u":"2,75 €/KG","img":"https://fd1-photos.leclercdrive.fr/image.ashx?id=2074379&use=l&cat=p&typeid=i","cat":294776},{"id":368,"n":"Madeleine P'tit Déli coquilles Sachet 1kg","p":3.4,"u":"3,40 €/KG","img":"https://fd1-photos.leclercdrive.fr/image.ashx?id=2999493&use=l&cat=p&typeid=i","cat":284492},{"id":369,"n":"Marbré P'tit Déli 300g","p":1.89,"u":"6,30 €/KG","img":"https://fd1-photos.leclercdrive.fr/image.ashx?id=2562698&use=l&cat=p&typeid=i","cat":294776},{"id":373,"n":"Biscottes Plaine Vie Heudebert  Sans sel - 300g","p":1.39,"u":"4,63 €/KG","img":"https://fd1-photos.leclercdrive.fr/image.ashx?id=2870572&use=l&cat=p&typeid=i","cat":284479},{"id":375,"n":"Biscottes fourrées Cracotte LU  Framboise - 200g","p":1.7,"u":"8,50 €/KG","img":"https://fd1-photos.leclercdrive.fr/image.ashx?id=2873844&use=l&cat=p&typeid=i","cat":284479},{"id":376,"n":"Biscottes Cracotte LU  Froment - 250g","p":1.49,"u":"5,96 €/KG","img":"https://fd1-photos.leclercdrive.fr/image.ashx?id=3002006&use=l&cat=p&typeid=i","cat":284479},{"id":377,"n":"Biscottes Cracotte LU Gourmande - 250g","p":1.48,"u":"5,92 €/KG","img":"https://fd1-photos.leclercdrive.fr/image.ashx?id=3002009&use=l&cat=p&typeid=i","cat":284479},{"id":378,"n":"Biscottes Cracotte LU  Céréales complètes - 250g","p":1.63,"u":"6,52 €/KG","img":"https://fd1-photos.leclercdrive.fr/image.ashx?id=3002012&use=l&cat=p&typeid=i","cat":284479},{"id":379,"n":"Biscottes fourrées Cracotte Lu Chocolat - 200g","p":1.55,"u":"7,75 €/KG","img":"https://fd1-photos.leclercdrive.fr/image.ashx?id=2849704&use=l&cat=p&typeid=i","cat":284479},{"id":382,"n":"Biscottes Epi d'Or 6 céréales x36 - 300g","p":1.22,"u":"4,07 €/KG","img":"https://fd1-photos.leclercdrive.fr/image.ashx?id=2532832&use=l&cat=p&typeid=i","cat":284479},{"id":384,"n":"Biscottes Epi d'Or froment x36 - 300g","p":1.37,"u":"4,57 €/KG","img":"https://fd1-photos.leclercdrive.fr/image.ashx?id=2634854&use=l&cat=p&typeid=i","cat":284479},{"id":388,"n":"Tartines craquantes Epi d'Or  Froment - 250g","p":1.05,"u":"4,20 €/KG","img":"https://fd1-photos.leclercdrive.fr/image.ashx?id=2856121&use=l&cat=p&typeid=i","cat":284479},{"id":399,"n":"Café moulu Plantation Intense et aromatique - 2x250g","p":6.8,"u":"13,60 €/KG","img":"https://fd1-photos.leclercdrive.fr/image.ashx?id=2607398&use=l&cat=p&typeid=i","cat":284750},{"id":400,"n":"Café moulu Plantation  Intense et aromatique - 250g","p":3.5,"u":"14,00 €/KG","img":"https://fd1-photos.leclercdrive.fr/image.ashx?id=2555050&use=l&cat=p&typeid=i","cat":284750},{"id":401,"n":"Café moulu Plantation  Brésil - 2x250g","p":7.19,"u":"14,38 €/KG","img":"https://fd1-photos.leclercdrive.fr/image.ashx?id=2824247&use=l&cat=p&typeid=i","cat":284750},{"id":402,"n":"Café moulu Plantation  Tradition - 4x250g","p":9.69,"u":"9,69 €/KG","img":"https://fd1-photos.leclercdrive.fr/image.ashx?id=2856408&use=l&cat=p&typeid=i","cat":284750},{"id":405,"n":"Café Soluble Nescafé Spécial Filtre Original - 200g","p":7.85,"u":"39,25 €/KG","img":"https://fd1-photos.leclercdrive.fr/image.ashx?id=2837154&use=l&cat=p&typeid=i","cat":284843},{"id":406,"n":"Café soluble Nescafé Capuccino - x10 - 140g","p":2.97,"u":"21,21 €/KG","img":"https://fd1-photos.leclercdrive.fr/image.ashx?id=2729929&use=l&cat=p&typeid=i","cat":284843},{"id":407,"n":"Café et Chicorée Soluble Ricoré Lait - 400g","p":6.11,"u":"15,28 €/KG","img":"https://fd1-photos.leclercdrive.fr/image.ashx?id=2979617&use=l&cat=p&typeid=i","cat":284843},{"id":435,"n":"Infusion Tiséa Tilleul Menthe - x25","p":1.05,"u":"26,25 €/KG","img":"https://fd1-photos.leclercdrive.fr/image.ashx?id=2481748&use=l&cat=p&typeid=i","cat":293234},{"id":437,"n":"Infusion Tiséa Verveine Orange - x25","p":1.34,"u":"33,50 €/KG","img":"https://fd1-photos.leclercdrive.fr/image.ashx?id=2757915&use=l&cat=p&typeid=i","cat":293234},{"id":444,"n":"Lait en poudre Régilait Demi écrémé - 300g","p":2.38,"u":"7,93 €/KG","img":"https://fd1-photos.leclercdrive.fr/image.ashx?id=2110077&use=l&cat=p&typeid=i","cat":299162},{"id":445,"n":"Lait concentré Régilait 4x170g","p":3.29,"u":"4,84 €/KG","img":"https://fd1-photos.leclercdrive.fr/image.ashx?id=2645474&use=l&cat=p&typeid=i","cat":299162},{"id":446,"n":"Lait en poudre Délisse Ecrémé - 300g","p":2.1,"u":"7,00 €/KG","img":"https://fd1-photos.leclercdrive.fr/image.ashx?id=2545467&use=l&cat=p&typeid=i","cat":299162},{"id":451,"n":"Confiture Bonne Maman Abricots - 370g","p":1.64,"u":"4,43 €/KG","img":"https://fd1-photos.leclercdrive.fr/image.ashx?id=3001275&use=l&cat=p&typeid=i","cat":284480},{"id":452,"n":"Confiture Bonne Maman Mûres 370g","p":2.49,"u":"6,73 €/KG","img":"https://fd1-photos.leclercdrive.fr/image.ashx?id=2348379&use=l&cat=p&typeid=i","cat":284480},{"id":456,"n":"Céréales Golden Grahams Nestlé 375g","p":2.29,"u":"6,11 €/KG","img":"https://fd1-photos.leclercdrive.fr/image.ashx?id=2979830&use=l&cat=p&typeid=i","cat":309513},{"id":473,"n":"Céréales Lion Nestlé Caramel et Chocolat - 400g","p":2.62,"u":"6,55 €/KG","img":"https://fd1-photos.leclercdrive.fr/image.ashx?id=2927453&use=l&cat=p&typeid=i","cat":309513},{"id":474,"n":"Céréales Cookie Crisp Nestlé 375g","p":2.32,"u":"6,19 €/KG","img":"https://fd1-photos.leclercdrive.fr/image.ashx?id=2926443&use=l&cat=p&typeid=i","cat":309513},{"id":486,"n":"Sucre en poudre Saint Louis 1kg","p":1.81,"u":"1,81 €/KG","img":"https://fd1-photos.leclercdrive.fr/image.ashx?id=2624239&use=l&cat=p&typeid=i","cat":284502},{"id":491,"n":"Levure boulangère Francine 30g","p":1.13,"u":"37,67 €/KG","img":"https://fd1-photos.leclercdrive.fr/image.ashx?id=2210083&use=l&cat=p&typeid=i","cat":294686},{"id":492,"n":"Farine fluide Tablier Blanc Sans grumeaux - 1kg","p":0.85,"u":"0,85 €/KG","img":"https://fd1-photos.leclercdrive.fr/image.ashx?id=2832631&use=l&cat=p&typeid=i","cat":284503},{"id":494,"n":"Levure boulangère Alsa Briochin - x5 - 27.5g","p":0.86,"u":"30,71 €/KG","img":"https://fd1-photos.leclercdrive.fr/image.ashx?id=3007906&use=l&cat=p&typeid=i","cat":294686},{"id":496,"n":"Sucre Vanillé des Isles Alsa x7 - 52.5g","p":2.38,"u":"45,77 €/KG","img":"https://fd1-photos.leclercdrive.fr/image.ashx?id=2965867&use=l&cat=p&typeid=i","cat":294686},{"id":497,"n":"Sucre Vanillé Alsa x12 - 90g","p":2.07,"u":"23,00 €/KG","img":"https://fd1-photos.leclercdrive.fr/image.ashx?id=3004459&use=l&cat=p&typeid=i","cat":294686},{"id":528,"n":"Bonbons Copains Copines Cola acide - 275 g","p":1.53,"u":"5,56 €/KG","img":"https://fd1-photos.leclercdrive.fr/image.ashx?id=2934658&use=l&cat=p&typeid=i","cat":304250},{"id":529,"n":"Bonbons Copains Copines Chocours 200g","p":1.25,"u":"6,25 €/KG","img":"https://fd1-photos.leclercdrive.fr/image.ashx?id=2934649&use=l&cat=p&typeid=i","cat":304250},{"id":546,"n":"Eau minérale naturelle Des Alpes - 6x50cl","p":1.98,"u":"0,66 €/L","img":"https://fd1-photos.leclercdrive.fr/image.ashx?id=552962&use=l&cat=p&typeid=i","cat":284535},{"id":567,"n":"Eau gazeuse San Pellegrino Minérale naturelle - 6x50cl","p":2.94,"u":"0,98 €/L","img":"https://fd1-photos.leclercdrive.fr/image.ashx?id=2145871&use=l&cat=p&typeid=i","cat":284536},{"id":591,"n":"Sirop Frucci Citron - 75cl","p":1.69,"u":"2,25 €/L","img":"https://fd1-photos.leclercdrive.fr/image.ashx?id=2842214&use=l&cat=p&typeid=i","cat":295020},{"id":592,"n":"Sirop Frucci Grenadine - 75cl","p":1.99,"u":"2,65 €/L","img":"https://fd1-photos.leclercdrive.fr/image.ashx?id=2842220&use=l&cat=p&typeid=i","cat":295020},{"id":593,"n":"Sirop Frucci Pêche - 75cl","p":2.39,"u":"3,19 €/L","img":"https://fd1-photos.leclercdrive.fr/image.ashx?id=2842226&use=l&cat=p&typeid=i","cat":295020},{"id":594,"n":"Sirop Frucci Framboise - 75cl","p":3.52,"u":"4,69 €/L","img":"https://fd1-photos.leclercdrive.fr/image.ashx?id=2909867&use=l&cat=p&typeid=i","cat":295020},{"id":595,"n":"Sirop Frucci Fraise - 75cl","p":2.69,"u":"3,59 €/L","img":"https://fd1-photos.leclercdrive.fr/image.ashx?id=2842232&use=l&cat=p&typeid=i","cat":295020},{"id":596,"n":"Sirop Frucci Cassis - 75cl","p":2.94,"u":"3,92 €/L","img":"https://fd1-photos.leclercdrive.fr/image.ashx?id=2842238&use=l&cat=p&typeid=i","cat":295020},{"id":598,"n":"100% Pur jus de tomate Jafaden bouteille plastique -1L","p":2.05,"u":"2,05 €/L","img":"https://fd1-photos.leclercdrive.fr/image.ashx?id=2860682&use=l&cat=p&typeid=i","cat":284523},{"id":612,"n":"100% Pur jus d'orange Jafaden Sans pulpe - 1L","p":2.22,"u":"2,22 €/L","img":"https://fd1-photos.leclercdrive.fr/image.ashx?id=2955620&use=l&cat=p&typeid=i","cat":284521},{"id":613,"n":"Jus d'orange Jafaden A base de concentré - 6x20cl","p":1.99,"u":"1,66 €/L","img":"https://fd1-photos.leclercdrive.fr/image.ashx?id=2751871&use=l&cat=p&typeid=i","cat":284524},{"id":617,"n":"100% Pur jus d'orange Jafaden  Sans pulpe - 1,5L","p":2.65,"u":"1,77 €/L","img":"https://fd1-photos.leclercdrive.fr/image.ashx?id=2842468&use=l&cat=p&typeid=i","cat":284521},{"id":621,"n":"100% Pur jus d'orange Jafaden  Sans pulpe - 2L","p":3.49,"u":"1,75 €/L","img":"https://fd1-photos.leclercdrive.fr/image.ashx?id=2842456&use=l&cat=p&typeid=i","cat":284521},{"id":624,"n":"Pur Jus de pommes NRT De Bretagne - 1L","p":2.53,"u":"2,53 €/L","img":"https://fd1-photos.leclercdrive.fr/image.ashx?id=2590463&use=l&cat=p&typeid=i","cat":284522},{"id":625,"n":"Pur jus raisin Jafaden 1L","p":1.55,"u":"1,55 €/L","img":"https://fd1-photos.leclercdrive.fr/image.ashx?id=2978507&use=l&cat=p&typeid=i","cat":284915},{"id":627,"n":"Jus pamplemousse rose Jafaden A base de concentré - 1L","p":1.55,"u":"1,55 €/L","img":"https://fd1-photos.leclercdrive.fr/image.ashx?id=2520005&use=l&cat=p&typeid=i","cat":284914},{"id":630,"n":"Nectar Jafaden Orange banane - 2L","p":3.19,"u":"1,60 €/L","img":"https://fd1-photos.leclercdrive.fr/image.ashx?id=2955680&use=l&cat=p&typeid=i","cat":284915},{"id":632,"n":"Jus ananas Jafaden A base de concentré 1L","p":1.75,"u":"1,75 €/L","img":"https://fd1-photos.leclercdrive.fr/image.ashx?id=2919592&use=l&cat=p&typeid=i","cat":284916},{"id":633,"n":"Jus d'ananas Jafaden Briquettes - 6x20cl","p":2.7,"u":"2,25 €/L","img":"https://fd1-photos.leclercdrive.fr/image.ashx?id=2869775&use=l&cat=p&typeid=i","cat":284524},{"id":638,"n":"Jus multifruits Jafaden 1L","p":1.89,"u":"1,89 €/L","img":"https://fd1-photos.leclercdrive.fr/image.ashx?id=2916659&use=l&cat=p&typeid=i","cat":285435},{"id":655,"n":"Soda Jean's Cola Bouteille - 1,5L","p":1.11,"u":"0,74 €/L","img":"https://fd1-photos.leclercdrive.fr/image.ashx?id=2637826&use=l&cat=p&typeid=i","cat":284530},{"id":656,"n":"Soda Jean's Cola Canette - 6x33cl","p":2.26,"u":"1,14 €/L","img":"https://fd1-photos.leclercdrive.fr/image.ashx?id=2637829&use=l&cat=p&typeid=i","cat":284530},{"id":668,"n":"Limonade artisanale NRT 1L","p":2.75,"u":"2,75 €/L","img":"https://fd1-photos.leclercdrive.fr/image.ashx?id=2791066&use=l&cat=p&typeid=i","cat":284531},{"id":673,"n":"Soda Gini Citron - 1,5L","p":1.92,"u":"1,28 €/L","img":"https://fd1-photos.leclercdrive.fr/image.ashx?id=2654677&use=l&cat=p&typeid=i","cat":284532},{"id":682,"n":"Soda Pulp'Orange Bouteille - 1,5L","p":1.47,"u":"0,98 €/L","img":"https://fd1-photos.leclercdrive.fr/image.ashx?id=2922382&use=l&cat=p&typeid=i","cat":284532},{"id":689,"n":"Thé glacé Fresh Tea Pêche - Canette -  6x33cl","p":2.49,"u":"1,26 €/L","img":"https://fd1-photos.leclercdrive.fr/image.ashx?id=2622239&use=l&cat=p&typeid=i","cat":295019},{"id":700,"n":"Bière blonde 1664 5,5° - 4x50cl canettes","p":4.69,"u":"2,35 €/L","img":"https://fd1-photos.leclercdrive.fr/image.ashx?id=2793536&use=l&cat=p&typeid=i","cat":334853},{"id":720,"n":"Bière brune Guinness Canette - 50cl","p":1.82,"u":"3,64 €/L","img":"https://fd1-photos.leclercdrive.fr/image.ashx?id=2579080&use=l&cat=p&typeid=i","cat":334853},{"id":726,"n":"Bière blonde Amsterdam  Maximator 11.6% vol. - 50cl","p":1.79,"u":"3,58 €/L","img":"https://fd1-photos.leclercdrive.fr/image.ashx?id=2190897&use=l&cat=p&typeid=i","cat":334853},{"id":731,"n":"Bière blonde forte Falsbourg Canette - 8%vol. - 50cl","p":0.98,"u":"1,96 €/L","img":"https://fd1-photos.leclercdrive.fr/image.ashx?id=2637838&use=l&cat=p&typeid=i","cat":334853},{"id":741,"n":"IGP Pays d'Oc Chardonnay Blanc Vieux Carion 13% vol -75 cl","p":2.75,"u":"3,67 €/L","img":"https://fd1-photos.leclercdrive.fr/image.ashx?id=2874690&use=l&cat=p&typeid=i","cat":289557},{"id":742,"n":"AOP Cabernet d'Anjou vin rosé Les Caractères - BIB 3L - 11%","p":12.89,"u":"4,30 €/L","img":"https://fd1-photos.leclercdrive.fr/image.ashx?id=2940902&use=l&cat=p&typeid=i","cat":289560},{"id":744,"n":"Cidre bouché Les Goelleries Breton brut 5%vol. - 75cl","p":1.99,"u":"2,65 €/L","img":"https://fd1-photos.leclercdrive.fr/image.ashx?id=2842184&use=l&cat=p&typeid=i","cat":334880},{"id":749,"n":"Camembert Les Croisés 20%MG - 250g","p":1.53,"u":"6,12 €/KG","img":"https://fd1-photos.leclercdrive.fr/image.ashx?id=2974759&use=l&cat=p&typeid=i","cat":314033},{"id":750,"n":"Camembert de Pays Les Croisés 21% mg - 250 gr","p":1.75,"u":"7,00 €/KG","img":"https://fd1-photos.leclercdrive.fr/image.ashx?id=2974795&use=l&cat=p&typeid=i","cat":314033},{"id":751,"n":"Coulommiers Les Croisés Tendre/Onctueux - 24%mg - 350g","p":2.15,"u":"6,14 €/KG","img":"https://fd1-photos.leclercdrive.fr/image.ashx?id=2974768&use=l&cat=p&typeid=i","cat":314033},{"id":752,"n":"Petit Brie Les Croisés 32% matière grasse - 500g","p":4.31,"u":"8,62 €/KG","img":"https://fd1-photos.leclercdrive.fr/image.ashx?id=2974792&use=l&cat=p&typeid=i","cat":314033},{"id":753,"n":"Pointe de Brie Les Croisés 32% mg - 200g","p":1.45,"u":"7,25 €/KG","img":"https://fd1-photos.leclercdrive.fr/image.ashx?id=2974771&use=l&cat=p&typeid=i","cat":314033},{"id":754,"n":"Fromage Les Croisés Coeur Crème Lait pasteurisé 33%mg - 300g","p":2.29,"u":"7,63 €/KG","img":"https://fd1-photos.leclercdrive.fr/image.ashx?id=2625068&use=l&cat=p&typeid=i","cat":314033},{"id":757,"n":"Fromage Comté Entremont 32 %mg - 350g","p":5.25,"u":"15,00 €/KG","img":"https://fd1-photos.leclercdrive.fr/image.ashx?id=2983147&use=l&cat=p&typeid=i","cat":314034},{"id":760,"n":"Emmental fromage bloc Les Croisés - 250g","p":2.24,"u":"8,96 €/KG","img":"https://fd1-photos.leclercdrive.fr/image.ashx?id=2904550&use=l&cat=p&typeid=i","cat":314034},{"id":764,"n":"Fromage Bleu Les Croisés Lait pasteurisé 31% mg - 250g","p":2.29,"u":"9,16 €/KG","img":"https://fd1-photos.leclercdrive.fr/image.ashx?id=2642100&use=l&cat=p&typeid=i","cat":314032},{"id":765,"n":"Société Crème  Crème de fromage brebis - 100g","p":2.09,"u":"20,90 €/KG","img":"https://fd1-photos.leclercdrive.fr/image.ashx?id=2729317&use=l&cat=p&typeid=i","cat":314029},{"id":769,"n":"Fromage de Brebis Les Croisés -Tranche - 200g","p":2.22,"u":"11,10 €/KG","img":"https://fd1-photos.leclercdrive.fr/image.ashx?id=2237499&use=l&cat=p&typeid=i","cat":314031},{"id":785,"n":"Rondelé ail et fines herbes 125g","p":1.7,"u":"13,60 €/KG","img":"https://fd1-photos.leclercdrive.fr/image.ashx?id=2967756&use=l&cat=p&typeid=i","cat":314029},{"id":786,"n":"Chaussée aux Moines 450g","p":3.99,"u":"8,87 €/KG","img":"https://fd1-photos.leclercdrive.fr/image.ashx?id=2771166&use=l&cat=p&typeid=i","cat":329184},{"id":787,"n":"Fromage L'Ortolan  Fromagerie Milleret - 250g","p":2.36,"u":"9,44 €/KG","img":"https://fd1-photos.leclercdrive.fr/image.ashx?id=2450913&use=l&cat=p&typeid=i","cat":314033},{"id":794,"n":"Rocamadour NRT AOP  Fromage de chèvre - 3x35g","p":2.69,"u":"25,62 €/KG","img":"https://fd1-photos.leclercdrive.fr/image.ashx?id=2954142&use=l&cat=p&typeid=i","cat":314031},{"id":795,"n":"Fromage Brique Les Croisés Lait pasteurisé 60%mg - 200g","p":1.74,"u":"8,70 €/KG","img":"https://fd1-photos.leclercdrive.fr/image.ashx?id=2615804&use=l&cat=p&typeid=i","cat":314033},{"id":796,"n":"Fromage raclette Les Croisés Tranchette lait pasteurisé 400g","p":3.89,"u":"9,73 €/KG","img":"https://fd1-photos.leclercdrive.fr/image.ashx?id=2791704&use=l&cat=p&typeid=i","cat":314037},{"id":800,"n":"Mozzarella Les Croisés - 125g","p":0.93,"u":"7,44 €/KG","img":"https://fd1-photos.leclercdrive.fr/image.ashx?id=2129990&use=l&cat=p&typeid=i","cat":314026},{"id":807,"n":"Emmental fromage rapé Les Croisés - 200g","p":1.67,"u":"8,35 €/KG","img":"https://fd1-photos.leclercdrive.fr/image.ashx?id=2949409&use=l&cat=p&typeid=i","cat":314035},{"id":808,"n":"Emmental fromage rapé Les Croisés - 100g","p":1.1,"u":"11,00 €/KG","img":"https://fd1-photos.leclercdrive.fr/image.ashx?id=2893283&use=l&cat=p&typeid=i","cat":314035},{"id":809,"n":"Râpé Parmigiano Reggiano AOP Les Croisés - 60g","p":1.1,"u":"18,33 €/KG","img":"https://fd1-photos.leclercdrive.fr/image.ashx?id=2903944&use=l&cat=p&typeid=i","cat":314035},{"id":810,"n":"Râpé Grana Padano AOP Les Croisés - 100g","p":1.5,"u":"15,00 €/KG","img":"https://fd1-photos.leclercdrive.fr/image.ashx?id=2903935&use=l&cat=p&typeid=i","cat":314035},{"id":816,"n":"Yaourts Délisse Nature - 16x125g","p":2.25,"u":"1,13 €/KG","img":"https://fd1-photos.leclercdrive.fr/image.ashx?id=2974756&use=l&cat=p&typeid=i","cat":284409},{"id":817,"n":"Yaourts Délisse Nature - 12x125g","p":1.85,"u":"1,23 €/KG","img":"https://fd1-photos.leclercdrive.fr/image.ashx?id=2971867&use=l&cat=p&typeid=i","cat":284409},{"id":818,"n":"Yaourts brassés Délisse  Nature - 8x125g","p":1.65,"u":"1,65 €/KG","img":"https://fd1-photos.leclercdrive.fr/image.ashx?id=2742611&use=l&cat=p&typeid=i","cat":284409},{"id":819,"n":"Yaourts brassés Délisse Nature - 16x125g","p":2.99,"u":"1,50 €/KG","img":"https://fd1-photos.leclercdrive.fr/image.ashx?id=3003049&use=l&cat=p&typeid=i","cat":284409},{"id":821,"n":"Yaourts sucrés Délisse Nature - 16x125g","p":2.69,"u":"1,35 €/KG","img":"https://fd1-photos.leclercdrive.fr/image.ashx?id=2591485&use=l&cat=p&typeid=i","cat":284409},{"id":822,"n":"Yaourts à la Grecque Délisse Nature - 4x150g","p":1.29,"u":"2,15 €/KG","img":"https://fd1-photos.leclercdrive.fr/image.ashx?id=2699405&use=l&cat=p&typeid=i","cat":314999},{"id":834,"n":"Yaourts La Laitière Fruits pâtissiers - 12x125g","p":4.43,"u":"2,95 €/KG","img":"https://fd1-photos.leclercdrive.fr/image.ashx?id=2578684&use=l&cat=p&typeid=i","cat":314999},{"id":839,"n":"Yaourts crémeux Délisse Panaché de fruits - 16x125g","p":4.32,"u":"2,16 €/KG","img":"https://fd1-photos.leclercdrive.fr/image.ashx?id=2799236&use=l&cat=p&typeid=i","cat":284410},{"id":841,"n":"Yaourts brassés Délisse Panaché de fruits - 16x125g","p":3.26,"u":"1,63 €/KG","img":"https://fd1-photos.leclercdrive.fr/image.ashx?id=2494211&use=l&cat=p&typeid=i","cat":284410},{"id":842,"n":"Yaourts aux fruits Délisse Panaché de fruits - 16x125g","p":3.78,"u":"1,89 €/KG","img":"https://fd1-photos.leclercdrive.fr/image.ashx?id=2609544&use=l&cat=p&typeid=i","cat":284410},{"id":843,"n":"Yaourts Crème Délisse Stracciatella - 4x125g","p":2.04,"u":"4,08 €/KG","img":"https://fd1-photos.leclercdrive.fr/image.ashx?id=2117120&use=l&cat=p&typeid=i","cat":314999},{"id":872,"n":"Actifidus Delisse Nature - 12x125g","p":2.23,"u":"1,49 €/KG","img":"https://fd1-photos.leclercdrive.fr/image.ashx?id=2452666&use=l&cat=p&typeid=i","cat":315000},{"id":879,"n":"Fromage blanc sous mousse  Gervita nature - 4x100g","p":1.88,"u":"4,70 €/KG","img":"https://fd1-photos.leclercdrive.fr/image.ashx?id=2746157&use=l&cat=p&typeid=i","cat":284409},{"id":887,"n":"Fromage frais Délisse Fruits panachés 22%mg - 12x50g","p":1.51,"u":"2,52 €/KG","img":"https://fd1-photos.leclercdrive.fr/image.ashx?id=2922491&use=l&cat=p&typeid=i","cat":284414},{"id":890,"n":"Fromage frais Délisse Nature 3,8% MG - 12x60g","p":1.64,"u":"2,28 €/KG","img":"https://fd1-photos.leclercdrive.fr/image.ashx?id=1951840&use=l&cat=p&typeid=i","cat":284409},{"id":894,"n":"Fromage blanc Délisse Nature 0% MG - 8x100g","p":1.79,"u":"2,24 €/KG","img":"https://fd1-photos.leclercdrive.fr/image.ashx?id=2898817&use=l&cat=p&typeid=i","cat":315000},{"id":895,"n":"Fromage blanc Délisse Nature - 3,1% MG - 8x100g","p":1.79,"u":"2,24 €/KG","img":"https://fd1-photos.leclercdrive.fr/image.ashx?id=3012791&use=l&cat=p&typeid=i","cat":284409},{"id":897,"n":"Fromage blanc Délisse Nature 3.1% MG - 1kg","p":1.97,"u":"1,97 €/KG","img":"https://fd1-photos.leclercdrive.fr/image.ashx?id=3012788&use=l&cat=p&typeid=i","cat":284409},{"id":909,"n":"Crème dessert Danette Chocolat et lait - 6x70g","p":1.62,"u":"3,86 €/KG","img":"https://fd1-photos.leclercdrive.fr/image.ashx?id=1984855&use=l&cat=p&typeid=i","cat":285041},{"id":918,"n":"Crème dessert Délisse Café - 4x125g","p":0.89,"u":"1,78 €/KG","img":"https://fd1-photos.leclercdrive.fr/image.ashx?id=2441048&use=l&cat=p&typeid=i","cat":285041},{"id":919,"n":"Crème dessert Délisse Caramel - 4x125g","p":0.91,"u":"1,82 €/KG","img":"https://fd1-photos.leclercdrive.fr/image.ashx?id=2854204&use=l&cat=p&typeid=i","cat":285041},{"id":920,"n":"Crème dessert Délisse Chocolat - 4x125g","p":0.95,"u":"1,90 €/KG","img":"https://fd1-photos.leclercdrive.fr/image.ashx?id=2854207&use=l&cat=p&typeid=i","cat":285041},{"id":921,"n":"Crème dessert Délisse Vanille - 4x125g","p":0.89,"u":"1,78 €/KG","img":"https://fd1-photos.leclercdrive.fr/image.ashx?id=2854210&use=l&cat=p&typeid=i","cat":285041},{"id":922,"n":"Crème dessert Délisse Praliné - 4x125g","p":0.95,"u":"1,90 €/KG","img":"https://fd1-photos.leclercdrive.fr/image.ashx?id=2441066&use=l&cat=p&typeid=i","cat":285041},{"id":923,"n":"Crème dessert Délisse Panaché - 12x125g","p":2.83,"u":"1,89 €/KG","img":"https://fd1-photos.leclercdrive.fr/image.ashx?id=2465211&use=l&cat=p&typeid=i","cat":285041},{"id":924,"n":"Petit pot de crème Délisse Chocolat - 4x100g","p":1.88,"u":"4,70 €/KG","img":"https://fd1-photos.leclercdrive.fr/image.ashx?id=2544967&use=l&cat=p&typeid=i","cat":285041},{"id":925,"n":"Petit pot de crème Délisse Vanille - 4x100g","p":1.74,"u":"4,35 €/KG","img":"https://fd1-photos.leclercdrive.fr/image.ashx?id=2556508&use=l&cat=p&typeid=i","cat":285041},{"id":926,"n":"Petit pot de crème Délisse Noix de coco - 4x100g","p":2.1,"u":"5,25 €/KG","img":"https://fd1-photos.leclercdrive.fr/image.ashx?id=2722387&use=l&cat=p&typeid=i","cat":285041},{"id":931,"n":"Dessert Liégeois Délisse Café - 4x100g","p":0.99,"u":"2,48 €/KG","img":"https://fd1-photos.leclercdrive.fr/image.ashx?id=2630881&use=l&cat=p&typeid=i","cat":285042},{"id":932,"n":"Dessert Liégeois Délisse Chocolat - 4x100g","p":1.1,"u":"2,75 €/KG","img":"https://fd1-photos.leclercdrive.fr/image.ashx?id=2636233&use=l&cat=p&typeid=i","cat":285042},{"id":933,"n":"Dessert Liégeois Délisse Chocolat Café - 8x100g","p":2.19,"u":"2,74 €/KG","img":"https://fd1-photos.leclercdrive.fr/image.ashx?id=2630884&use=l&cat=p&typeid=i","cat":285042},{"id":934,"n":"Dessert Liégeois Délisse Chocolat - 12x100g","p":3.14,"u":"2,62 €/KG","img":"https://fd1-photos.leclercdrive.fr/image.ashx?id=2630878&use=l&cat=p&typeid=i","cat":285042},{"id":935,"n":"Dessert Liégeois Délisse Vanille Caramel - 8x100g","p":1.98,"u":"2,48 €/KG","img":"https://fd1-photos.leclercdrive.fr/image.ashx?id=2636236&use=l&cat=p&typeid=i","cat":285042},{"id":936,"n":"Riz au lait Délisse  Vanille - 4x115g","p":1.35,"u":"2,93 €/KG","img":"https://fd1-photos.leclercdrive.fr/image.ashx?id=2489107&use=l&cat=p&typeid=i","cat":284418},{"id":939,"n":"Semoule au lait Délisse Vanille - 4x115g","p":1.09,"u":"2,37 €/KG","img":"https://fd1-photos.leclercdrive.fr/image.ashx?id=2558377&use=l&cat=p&typeid=i","cat":284418},{"id":940,"n":"Gâteaux de riz Délisse 4x100g","p":1.49,"u":"3,73 €/KG","img":"https://fd1-photos.leclercdrive.fr/image.ashx?id=2898820&use=l&cat=p&typeid=i","cat":284418},{"id":941,"n":"Mousse liégeoise Viennois  Chocolat - 8x90g","p":3.11,"u":"4,32 €/KG","img":"https://fd1-photos.leclercdrive.fr/image.ashx?id=2855043&use=l&cat=p&typeid=i","cat":284417},{"id":943,"n":"Mousse Délisse Chocolat noir - 4x60g","p":1.15,"u":"4,79 €/KG","img":"https://fd1-photos.leclercdrive.fr/image.ashx?id=3009493&use=l&cat=p&typeid=i","cat":284417},{"id":944,"n":"Mousse au chocolat Délisse Chocolat au lait - 4x60g","p":1.15,"u":"4,79 €/KG","img":"https://fd1-photos.leclercdrive.fr/image.ashx?id=3009496&use=l&cat=p&typeid=i","cat":284417},{"id":945,"n":"Mousse chocolat Délisse Noir et lait coulis - 8x60g","p":2.25,"u":"4,69 €/KG","img":"https://fd1-photos.leclercdrive.fr/image.ashx?id=3009499&use=l&cat=p&typeid=i","cat":284417},{"id":955,"n":"Ile flottante Délisse Crème anglaise - 4x100g","p":1.89,"u":"4,73 €/KG","img":"https://fd1-photos.leclercdrive.fr/image.ashx?id=2860706&use=l&cat=p&typeid=i","cat":284419},{"id":956,"n":"Baba au rhum Délisse 2x150g","p":1.49,"u":"4,97 €/KG","img":"https://fd1-photos.leclercdrive.fr/image.ashx?id=1871461&use=l&cat=p&typeid=i","cat":284419},{"id":959,"n":"Flan Délisse Vanille Caramel - 4x100g","p":0.79,"u":"1,98 €/KG","img":"https://fd1-photos.leclercdrive.fr/image.ashx?id=2851640&use=l&cat=p&typeid=i","cat":284420},{"id":983,"n":"Beurre Tendre Les Croisés Doux - 82% MG - 250g","p":2.59,"u":"10,36 €/KG","img":"https://fd1-photos.leclercdrive.fr/image.ashx?id=2778015&use=l&cat=p&typeid=i","cat":284379},{"id":988,"n":"Beurre Les Croisés 80% MG  Demi-sel Extra fin - 250g","p":2.39,"u":"9,56 €/KG","img":"https://fd1-photos.leclercdrive.fr/image.ashx?id=2777949&use=l&cat=p&typeid=i","cat":284379},{"id":989,"n":"Beurre Tendre Les Croisés Demi-sel - 80% MG - 250g","p":2.62,"u":"10,48 €/KG","img":"https://fd1-photos.leclercdrive.fr/image.ashx?id=2778006&use=l&cat=p&typeid=i","cat":284379},{"id":991,"n":"Beurre de Bretagne Les Croisés Demi-sel - 80% MG - 500g","p":4.89,"u":"9,78 €/KG","img":"https://fd1-photos.leclercdrive.fr/image.ashx?id=2943602&use=l&cat=p&typeid=i","cat":284379},{"id":1005,"n":"Crème Chantilly sucrée Délisse Entière sous pression - 250g","p":1.95,"u":"7,80 €/KG","img":"https://fd1-photos.leclercdrive.fr/image.ashx?id=3002512&use=l&cat=p&typeid=i","cat":284382},{"id":1006,"n":"Crème Chantilly sucrée Délisse Allégée sous pression - 250g","p":1.85,"u":"7,40 €/KG","img":"https://fd1-photos.leclercdrive.fr/image.ashx?id=3002515&use=l&cat=p&typeid=i","cat":284382},{"id":1008,"n":"Crème entière fluide Délisse 30%mg - 3x20cl","p":2.65,"u":"4,42 €/L","img":"https://fd1-photos.leclercdrive.fr/image.ashx?id=2509977&use=l&cat=p&typeid=i","cat":284381},{"id":1009,"n":"Crème légère semi-épaisse   Délisse 18%mg - 3x20cl","p":2.1,"u":"3,50 €/L","img":"https://fd1-photos.leclercdrive.fr/image.ashx?id=3002554&use=l&cat=p&typeid=i","cat":284381},{"id":1010,"n":"Crème entière d'Isigny AOP NRT 40cl","p":2.99,"u":"7,48 €/L","img":"https://fd1-photos.leclercdrive.fr/image.ashx?id=2771022&use=l&cat=p&typeid=i","cat":284381},{"id":1011,"n":"Crème fraîche légère Délisse Epaisse - 15% MG - 20cl","p":0.7,"u":"3,50 €/L","img":"https://fd1-photos.leclercdrive.fr/image.ashx?id=1974248&use=l&cat=p&typeid=i","cat":284381},{"id":1012,"n":"Crème fraîche légère Délisse Epaisse - 15% MG  - 50cl","p":1.55,"u":"3,10 €/L","img":"https://fd1-photos.leclercdrive.fr/image.ashx?id=3002539&use=l&cat=p&typeid=i","cat":284381},{"id":1013,"n":"Crème fraîche entière Délisse Epaisse - 30% MG - 20cl","p":0.84,"u":"4,20 €/L","img":"https://fd1-photos.leclercdrive.fr/image.ashx?id=2013155&use=l&cat=p&typeid=i","cat":284381},{"id":1014,"n":"Crème fraîche entière Délisse Epaisse - 30% MG- 50cl","p":1.95,"u":"3,90 €/L","img":"https://fd1-photos.leclercdrive.fr/image.ashx?id=3002524&use=l&cat=p&typeid=i","cat":284381},{"id":1019,"n":"Jambon Italien Saint Azay x6 - 100g","p":1.75,"u":"17,50 €/KG","img":"https://fd1-photos.leclercdrive.fr/image.ashx?id=2466871&use=l&cat=p&typeid=i","cat":316007},{"id":1021,"n":"Rosette de lyon Saint Azay 10 tranches - 100g","p":2.99,"u":"29,90 €/KG","img":"https://fd1-photos.leclercdrive.fr/image.ashx?id=2114415&use=l&cat=p&typeid=i","cat":316007},{"id":1022,"n":"Bacon Saint Azay x15 - 150g","p":1.79,"u":"11,93 €/KG","img":"https://fd1-photos.leclercdrive.fr/image.ashx?id=2974957&use=l&cat=p&typeid=i","cat":316007},{"id":1026,"n":"Assiette charcuterie Saint Azay 200g","p":5.54,"u":"27,70 €/KG","img":"https://fd1-photos.leclercdrive.fr/image.ashx?id=1290640&use=l&cat=p&typeid=i","cat":316007},{"id":1027,"n":"Plateau charcuteries Alsace NRT 200g","p":2.04,"u":"10,20 €/KG","img":"https://fd1-photos.leclercdrive.fr/image.ashx?id=2991479&use=l&cat=p&typeid=i","cat":316012},{"id":1029,"n":"Mini saucissons secs Saint Azay Nature - 75g","p":1.29,"u":"17,20 €/KG","img":"https://fd1-photos.leclercdrive.fr/image.ashx?id=2943617&use=l&cat=p&typeid=i","cat":316006},{"id":1030,"n":"Mini Saucissons secs Saint Azay Aux noix - 75g","p":1.35,"u":"18,00 €/KG","img":"https://fd1-photos.leclercdrive.fr/image.ashx?id=2943620&use=l&cat=p&typeid=i","cat":316006},{"id":1032,"n":"Saucisse sèche Saint Azay Qualité supérieure - 300g","p":3.46,"u":"11,53 €/KG","img":"https://fd1-photos.leclercdrive.fr/image.ashx?id=2859152&use=l&cat=p&typeid=i","cat":316006},{"id":1033,"n":"Chorizo Doux Saint Azay 225g","p":1.89,"u":"8,40 €/KG","img":"https://fd1-photos.leclercdrive.fr/image.ashx?id=2293375&use=l&cat=p&typeid=i","cat":316006},{"id":1034,"n":"Chorizo Fort Saint Azay 225g","p":1.89,"u":"8,40 €/KG","img":"https://fd1-photos.leclercdrive.fr/image.ashx?id=2293378&use=l&cat=p&typeid=i","cat":316006},{"id":1035,"n":"Chorizo Extra Fort Saint Azay 225g","p":1.89,"u":"8,40 €/KG","img":"https://fd1-photos.leclercdrive.fr/image.ashx?id=2753466&use=l&cat=p&typeid=i","cat":316006},{"id":1039,"n":"Jambon Tranché Fin FleuryMichon à l'italienne x4 - 120g","p":2.35,"u":"19,58 €/KG","img":"https://fd1-photos.leclercdrive.fr/image.ashx?id=2889304&use=l&cat=p&typeid=i","cat":316009},{"id":1058,"n":"Jambon serrano IGP Saint Azay 6 tranches - 100g","p":1.69,"u":"16,90 €/KG","img":"https://fd1-photos.leclercdrive.fr/image.ashx?id=2850422&use=l&cat=p&typeid=i","cat":316007},{"id":1069,"n":"Saucisses de Montbéliard IGP NRT - 250g","p":3.19,"u":"12,76 €/KG","img":"https://fd1-photos.leclercdrive.fr/image.ashx?id=2991470&use=l&cat=p&typeid=i","cat":316012},{"id":1070,"n":"Saucisse de Morteau NRT IGP - 350g","p":5.41,"u":"15,46 €/KG","img":"https://fd1-photos.leclercdrive.fr/image.ashx?id=2991464&use=l&cat=p&typeid=i","cat":316012},{"id":1071,"n":"Coppa italienne Saint Azay 10 tranches 100 g","p":1.98,"u":"19,80 €/KG","img":"https://fd1-photos.leclercdrive.fr/image.ashx?id=2665844&use=l&cat=p&typeid=i","cat":316007},{"id":1081,"n":"Véritables Knacks d'Alsace NRT X4 - 260g","p":2.79,"u":"10,73 €/KG","img":"https://fd1-photos.leclercdrive.fr/image.ashx?id=2991488&use=l&cat=p&typeid=i","cat":316012},{"id":1087,"n":"Pâté en croûte St Azay 450g","p":2.65,"u":"5,89 €/KG","img":"https://fd1-photos.leclercdrive.fr/image.ashx?id=2932396&use=l&cat=p&typeid=i","cat":316003},{"id":1103,"n":"Foie gras de canard entier Pierre de Chaumeyrac - 180g","p":15.48,"u":"86,00 €/KG","img":"https://fd1-photos.leclercdrive.fr/image.ashx?id=2801040&use=l&cat=p&typeid=i","cat":316008},{"id":1105,"n":"Carottes râpées Menu Fraîcheur  Assaisonnées - 500g","p":1.02,"u":"2,04 €/KG","img":"https://fd1-photos.leclercdrive.fr/image.ashx?id=2850811&use=l&cat=p&typeid=i","cat":333657},{"id":1106,"n":"Céleri Menu Fraîcheur  Rémoulade - 300g","p":0.99,"u":"3,30 €/KG","img":"https://fd1-photos.leclercdrive.fr/image.ashx?id=2819929&use=l&cat=p&typeid=i","cat":333657},{"id":1107,"n":"Taboulé Menu Fraîcheur A l'orientale - 300g","p":0.99,"u":"3,30 €/KG","img":"https://fd1-photos.leclercdrive.fr/image.ashx?id=2816546&use=l&cat=p&typeid=i","cat":333657},{"id":1108,"n":"Taboulé Menu Fraîcheur A l'orientale - 500g","p":1.39,"u":"2,78 €/KG","img":"https://fd1-photos.leclercdrive.fr/image.ashx?id=2816549&use=l&cat=p&typeid=i","cat":333657},{"id":1109,"n":"Taboule Menu Fraîcheur Au poulet - 300g","p":1.39,"u":"4,63 €/KG","img":"https://fd1-photos.leclercdrive.fr/image.ashx?id=2901431&use=l&cat=p&typeid=i","cat":333657},{"id":1115,"n":"Croque-monsieur Côté Croc 2x100g","p":1.36,"u":"6,80 €/KG","img":"https://fd1-photos.leclercdrive.fr/image.ashx?id=2873661&use=l&cat=p&typeid=i","cat":333671},{"id":1116,"n":"Croque-monsieur Côté Croc 2x135g","p":1.94,"u":"7,19 €/KG","img":"https://fd1-photos.leclercdrive.fr/image.ashx?id=2885765&use=l&cat=p&typeid=i","cat":333671},{"id":1117,"n":"Manchons de poulet Côté Croc 250g","p":2.49,"u":"9,96 €/KG","img":"https://fd1-photos.leclercdrive.fr/image.ashx?id=2560467&use=l&cat=p&typeid=i","cat":333685},{"id":1118,"n":"Manchons de poulet Côté Croc Méxicaine - 250g","p":2.49,"u":"9,96 €/KG","img":"https://fd1-photos.leclercdrive.fr/image.ashx?id=2570031&use=l&cat=p&typeid=i","cat":333685},{"id":1120,"n":"Sandwich Côté Snack Jambon beurre - 125g","p":0.99,"u":"7,92 €/KG","img":"https://fd1-photos.leclercdrive.fr/image.ashx?id=2619707&use=l&cat=p&typeid=i","cat":333658},{"id":1121,"n":"Sandwich Côté Snack Jambon emmental - 145g","p":1.19,"u":"8,21 €/KG","img":"https://fd1-photos.leclercdrive.fr/image.ashx?id=2609547&use=l&cat=p&typeid=i","cat":333658},{"id":1125,"n":"Cordons bleus Côté Croc Dinde - 200g","p":1.95,"u":"9,75 €/KG","img":"https://fd1-photos.leclercdrive.fr/image.ashx?id=2915113&use=l&cat=p&typeid=i","cat":333683},{"id":1126,"n":"Nuggets de poulet Côté Croc x10 - 200g","p":1.52,"u":"7,60 €/KG","img":"https://fd1-photos.leclercdrive.fr/image.ashx?id=2883312&use=l&cat=p&typeid=i","cat":333684},{"id":1131,"n":"Escalope Bolognaise Père Dodu  Poulet x2 - 200g","p":2.59,"u":"12,95 €/KG","img":"https://fd1-photos.leclercdrive.fr/image.ashx?id=2956978&use=l&cat=p&typeid=i","cat":333683},{"id":1133,"n":"Nuggets de Poulet Père Dodu  x10 - 200g","p":1.98,"u":"9,90 €/KG","img":"https://fd1-photos.leclercdrive.fr/image.ashx?id=2956972&use=l&cat=p&typeid=i","cat":333684},{"id":1134,"n":"Nuggets de Fromage Père Dodu  x10 - 180g","p":2.29,"u":"12,72 €/KG","img":"https://fd1-photos.leclercdrive.fr/image.ashx?id=2956990&use=l&cat=p&typeid=i","cat":333684},{"id":1135,"n":"Pizza fraîche Turini Jambon fromage - 450g","p":2.39,"u":"5,31 €/KG","img":"https://fd1-photos.leclercdrive.fr/image.ashx?id=2709719&use=l&cat=p&typeid=i","cat":333679},{"id":1136,"n":"Pizza fraîche Turini 4 fromages - 450g","p":2.49,"u":"5,53 €/KG","img":"https://fd1-photos.leclercdrive.fr/image.ashx?id=2967639&use=l&cat=p&typeid=i","cat":333679},{"id":1137,"n":"Pizza Turini Chèvre lardons - 450g","p":2.58,"u":"5,73 €/KG","img":"https://fd1-photos.leclercdrive.fr/image.ashx?id=2727611&use=l&cat=p&typeid=i","cat":333679},{"id":1142,"n":"Ravioli Lustucru Selection  Boeuf - 300g","p":1.8,"u":"6,00 €/KG","img":"https://fd1-photos.leclercdrive.fr/image.ashx?id=2938659&use=l&cat=p&typeid=i","cat":333682},{"id":1144,"n":"Ravioli jambon Turini 300g","p":2.06,"u":"6,87 €/KG","img":"https://fd1-photos.leclercdrive.fr/image.ashx?id=2777997&use=l&cat=p&typeid=i","cat":333682},{"id":1145,"n":"Ravioli 4 fromages Turini 300g","p":1.49,"u":"4,97 €/KG","img":"https://fd1-photos.leclercdrive.fr/image.ashx?id=2989643&use=l&cat=p&typeid=i","cat":333682},{"id":1149,"n":"Pâte à pizza Tablier Blanc 260g","p":1.05,"u":"4,04 €/KG","img":"https://fd1-photos.leclercdrive.fr/image.ashx?id=2041773&use=l&cat=p&typeid=i","cat":333681},{"id":1150,"n":"Pâte sablée Tablier Blanc 230g","p":1.09,"u":"4,74 €/KG","img":"https://fd1-photos.leclercdrive.fr/image.ashx?id=2635898&use=l&cat=p&typeid=i","cat":333681},{"id":1151,"n":"Pâte feuilletée Tablier Blanc Au beurre - 230g","p":1.15,"u":"5,00 €/KG","img":"https://fd1-photos.leclercdrive.fr/image.ashx?id=2635895&use=l&cat=p&typeid=i","cat":333681},{"id":1152,"n":"Pâte feuilletée Tablier Blanc Prête à dérouler - 230g","p":0.74,"u":"3,22 €/KG","img":"https://fd1-photos.leclercdrive.fr/image.ashx?id=2635889&use=l&cat=p&typeid=i","cat":333681},{"id":1154,"n":"Lardons de saumon fumé Ronde des Mers - 90g","p":3.6,"u":"40,00 €/KG","img":"https://fd1-photos.leclercdrive.fr/image.ashx?id=3004597&use=l&cat=p&typeid=i","cat":285188},{"id":1163,"n":"Mini blinis Ronde des Mers x16 - 135g","p":0.99,"u":"7,33 €/KG","img":"https://fd1-photos.leclercdrive.fr/image.ashx?id=2079526&use=l&cat=p&typeid=i","cat":285191},{"id":1164,"n":"Bâtonnets surimi Pêche Océan MSC - 400g","p":2.19,"u":"5,48 €/KG","img":"https://fd1-photos.leclercdrive.fr/image.ashx?id=2981840&use=l&cat=p&typeid=i","cat":285189},{"id":1165,"n":"Bâtonnets Surimi Pêche Océan MSC - x30 - 500g","p":2.74,"u":"5,48 €/KG","img":"https://fd1-photos.leclercdrive.fr/image.ashx?id=2953227&use=l&cat=p&typeid=i","cat":285189},{"id":1166,"n":"Miettes de surimi Pêche Océan MSC - 180g","p":1.64,"u":"9,11 €/KG","img":"https://fd1-photos.leclercdrive.fr/image.ashx?id=2981861&use=l&cat=p&typeid=i","cat":285189},{"id":1167,"n":"Oeufs de lompe Ronde des mers Noir - MSC - 100g","p":2.6,"u":"26,00 €/KG","img":"https://fd1-photos.leclercdrive.fr/image.ashx?id=2981843&use=l&cat=p&typeid=i","cat":285191},{"id":1168,"n":"Filets de hareng Pêche Océan MSC - Doux - 200g","p":1.75,"u":"8,75 €/KG","img":"https://fd1-photos.leclercdrive.fr/image.ashx?id=2992489&use=l&cat=p&typeid=i","cat":285190},{"id":1169,"n":"Filets d'anchois Pêche Océan À l'huile d'olive - 105g","p":2.45,"u":"23,33 €/KG","img":"https://fd1-photos.leclercdrive.fr/image.ashx?id=2992504&use=l&cat=p&typeid=i","cat":285190},{"id":1178,"n":"Pizza Cuite sur pierre Volpone  Bolognaise - 400g","p":1.94,"u":"4,85 €/KG","img":"https://fd1-photos.leclercdrive.fr/image.ashx?id=2815208&use=l&cat=p&typeid=i","cat":284256},{"id":1179,"n":"Pizza Royale Turini Cuite au feu de bois - 440g","p":2.16,"u":"4,91 €/KG","img":"https://fd1-photos.leclercdrive.fr/image.ashx?id=2815199&use=l&cat=p&typeid=i","cat":284256},{"id":1181,"n":"Tarte aux poireaux Côté Table - 400g","p":2.45,"u":"6,13 €/KG","img":"https://fd1-photos.leclercdrive.fr/image.ashx?id=2791710&use=l&cat=p&typeid=i","cat":284257},{"id":1182,"n":"Crêpes Côté Table Jambon fromage x6 - 300g","p":2.01,"u":"6,70 €/KG","img":"https://fd1-photos.leclercdrive.fr/image.ashx?id=2932402&use=l&cat=p&typeid=i","cat":319776},{"id":1183,"n":"Crêpes Côté Table Jambon fromage x20 1kg","p":3.74,"u":"3,74 €/KG","img":"https://fd1-photos.leclercdrive.fr/image.ashx?id=2932405&use=l&cat=p&typeid=i","cat":319776},{"id":1185,"n":"Steaks hachés Charal Pur Bœuf 15% MG 10x100g - 1kg","p":14.69,"u":"14,69 €/KG","img":"https://fd1-photos.leclercdrive.fr/image.ashx?id=2659300&use=l&cat=p&typeid=i","cat":319778},{"id":1186,"n":"Haché Extra Moelleux Charal 10x100g - 1kg","p":12.21,"u":"12,21 €/KG","img":"https://fd1-photos.leclercdrive.fr/image.ashx?id=2731735&use=l&cat=p&typeid=i","cat":319778},{"id":1191,"n":"Poisson Bordelaise Pêche Océan MSC - 400g","p":3.09,"u":"7,73 €/KG","img":"https://fd1-photos.leclercdrive.fr/image.ashx?id=2930081&use=l&cat=p&typeid=i","cat":319788},{"id":1192,"n":"Colin d'Alaska MSC Pêche Océan À l'oseille x2 - 400g","p":3.15,"u":"7,88 €/KG","img":"https://fd1-photos.leclercdrive.fr/image.ashx?id=2930099&use=l&cat=p&typeid=i","cat":319786},{"id":1193,"n":"Pané colin d'Alaska Pêche Océan x15 bâtonnets - MSC - 450g","p":2.34,"u":"5,20 €/KG","img":"https://fd1-photos.leclercdrive.fr/image.ashx?id=2558368&use=l&cat=p&typeid=i","cat":319788},{"id":1194,"n":"Calamars Pêche Océan A la romaine 40/60 - 500g","p":4.45,"u":"8,90 €/KG","img":"https://fd1-photos.leclercdrive.fr/image.ashx?id=2216298&use=l&cat=p&typeid=i","cat":319788},{"id":1196,"n":"Coquilles Saint-Jacques Coté Table - 4x90g","p":4.83,"u":"13,42 €/KG","img":"https://fd1-photos.leclercdrive.fr/image.ashx?id=2625071&use=l&cat=p&typeid=i","cat":319775},{"id":1197,"n":"Paëlla royale Côté Table Fruits de mer poulet 1kg","p":4.11,"u":"4,11 €/KG","img":"https://fd1-photos.leclercdrive.fr/image.ashx?id=2663353&use=l&cat=p&typeid=i","cat":284254},{"id":1200,"n":"Poêlée paysanne Côté Table 900g","p":4.3,"u":"4,78 €/KG","img":"https://fd1-photos.leclercdrive.fr/image.ashx?id=2471670&use=l&cat=p&typeid=i","cat":319823},{"id":1211,"n":"Choux fleurs Notre Jardin Fleurettes 1kg","p":1.69,"u":"1,69 €/KG","img":"https://fd1-photos.leclercdrive.fr/image.ashx?id=2900019&use=l&cat=p&typeid=i","cat":319805},{"id":1212,"n":"Choux de Bruxelles Notre Jardin 1kg","p":1.95,"u":"1,95 €/KG","img":"https://fd1-photos.leclercdrive.fr/image.ashx?id=2873015&use=l&cat=p&typeid=i","cat":319805},{"id":1214,"n":"Haricots verts Notre jardin Très fins 1kg","p":1.82,"u":"1,82 €/KG","img":"https://fd1-photos.leclercdrive.fr/image.ashx?id=2900040&use=l&cat=p&typeid=i","cat":319805},{"id":1215,"n":"Haricots verts Notre Jardin Extra fins 1kg","p":1.85,"u":"1,85 €/KG","img":"https://fd1-photos.leclercdrive.fr/image.ashx?id=2873048&use=l&cat=p&typeid=i","cat":319805},{"id":1216,"n":"Courgettes Notre Jardin Rondelles 1kg","p":1.29,"u":"1,29 €/KG","img":"https://fd1-photos.leclercdrive.fr/image.ashx?id=2873099&use=l&cat=p&typeid=i","cat":319805},{"id":1217,"n":"Epinards Notre Jardin Branches - 1kg","p":1.3,"u":"1,30 €/KG","img":"https://fd1-photos.leclercdrive.fr/image.ashx?id=2873069&use=l&cat=p&typeid=i","cat":319805},{"id":1219,"n":"Epinards Notre Jardin Hachés A la crème fraîche - 1kg","p":1.68,"u":"1,68 €/KG","img":"https://fd1-photos.leclercdrive.fr/image.ashx?id=2916656&use=l&cat=p&typeid=i","cat":319805},{"id":1222,"n":"Petits pois Notre Jardin Extra fins 1kg","p":1.89,"u":"1,89 €/KG","img":"https://fd1-photos.leclercdrive.fr/image.ashx?id=2873060&use=l&cat=p&typeid=i","cat":319805},{"id":1223,"n":"Champignons Paris Notre jardin Emincés 1kg","p":1.95,"u":"1,95 €/KG","img":"https://fd1-photos.leclercdrive.fr/image.ashx?id=2873027&use=l&cat=p&typeid=i","cat":319805},{"id":1226,"n":"Légumes potage Notre Jardin 1kg","p":1.28,"u":"1,28 €/KG","img":"https://fd1-photos.leclercdrive.fr/image.ashx?id=2916647&use=l&cat=p&typeid=i","cat":319805},{"id":1227,"n":"Poêlée de légumes Notre Jardin Méridionale - 1kg","p":2.95,"u":"2,95 €/KG","img":"https://fd1-photos.leclercdrive.fr/image.ashx?id=2803948&use=l&cat=p&typeid=i","cat":319823},{"id":1228,"n":"Poêlée de légumes Notre jardin Champêtre - 1kg","p":2.99,"u":"2,99 €/KG","img":"https://fd1-photos.leclercdrive.fr/image.ashx?id=2832867&use=l&cat=p&typeid=i","cat":319823},{"id":1229,"n":"Poêlée de légumes Notre Jardin Bretonne - 1kg","p":2.61,"u":"2,61 €/KG","img":"https://fd1-photos.leclercdrive.fr/image.ashx?id=2803951&use=l&cat=p&typeid=i","cat":319823},{"id":1238,"n":"Pommes rissolées Pom'lisse 1kg","p":1.56,"u":"1,56 €/KG","img":"https://fd1-photos.leclercdrive.fr/image.ashx?id=2704597&use=l&cat=p&typeid=i","cat":319792},{"id":1239,"n":"Frites allumettes Pom'lisse 1kg","p":1.85,"u":"1,85 €/KG","img":"https://fd1-photos.leclercdrive.fr/image.ashx?id=2699381&use=l&cat=p&typeid=i","cat":319791},{"id":1240,"n":"Frites Pom'lisse 2.5 kg","p":4.55,"u":"1,82 €/KG","img":"https://fd1-photos.leclercdrive.fr/image.ashx?id=2699387&use=l&cat=p&typeid=i","cat":319791},{"id":1243,"n":"Frites Pom'lisse Au four - 600g","p":1.15,"u":"1,92 €/KG","img":"https://fd1-photos.leclercdrive.fr/image.ashx?id=2770678&use=l&cat=p&typeid=i","cat":319791},{"id":1244,"n":"Potatoes Pom'lisse Finement épicées - 600g","p":1.16,"u":"1,93 €/KG","img":"https://fd1-photos.leclercdrive.fr/image.ashx?id=2699663&use=l&cat=p&typeid=i","cat":319791},{"id":1245,"n":"Pommes noisettes Pom'lisse 1kg","p":1.88,"u":"1,88 €/KG","img":"https://fd1-photos.leclercdrive.fr/image.ashx?id=2958314&use=l&cat=p&typeid=i","cat":319792},{"id":1248,"n":"Frites Pom'lisse 1kg","p":1.87,"u":"1,87 €/KG","img":"https://fd1-photos.leclercdrive.fr/image.ashx?id=2699648&use=l&cat=p&typeid=i","cat":319791},{"id":1251,"n":"Crème glacée Eskiss Vanille de Madagascar - 494g","p":1.65,"u":"3,34 €/KG","img":"https://fd1-photos.leclercdrive.fr/image.ashx?id=2982592&use=l&cat=p&typeid=i","cat":284263},{"id":1335,"n":"Liquide vaisselle Visior Citron - 750ml","p":1.2,"u":"1,60 €/L","img":"https://fd1-photos.leclercdrive.fr/image.ashx?id=2930849&use=l&cat=p&typeid=i","cat":284655},{"id":1336,"n":"Liquide vaisselle Visior Ultra Peaux sensibles 500ml","p":0.64,"u":"1,28 €/L","img":"https://fd1-photos.leclercdrive.fr/image.ashx?id=2951116&use=l&cat=p&typeid=i","cat":284655},{"id":1344,"n":"Gants jetables Mamison latex T6 x10","p":1.33,"img":"https://fd1-photos.leclercdrive.fr/image.ashx?id=554721&use=l&cat=p&typeid=i","cat":284668},{"id":1345,"n":"Gants jetables Mamison latex T8 x10","p":1.33,"img":"https://fd1-photos.leclercdrive.fr/image.ashx?id=2742691&use=l&cat=p&typeid=i","cat":284668},{"id":1346,"n":"Eponges Mamison végétales Super absorbantes x3","p":1.17,"u":"0,39 €/P","img":"https://fd1-photos.leclercdrive.fr/image.ashx?id=2458052&use=l&cat=p&typeid=i","cat":284667},{"id":1358,"n":"Nettoyant Gel avec javel Clair 1L","p":1.09,"u":"1,09 €/L","img":"https://fd1-photos.leclercdrive.fr/image.ashx?id=2705062&use=l&cat=p&typeid=i","cat":284907},{"id":1359,"n":"Pastilles javel Clair x48 - 150g","p":1.65,"u":"11,00 €/KG","img":"https://fd1-photos.leclercdrive.fr/image.ashx?id=2631426&use=l&cat=p&typeid=i","cat":284661},{"id":1360,"n":"Eau de Javel Clair Parfum Eucalyptus - 2L","p":0.72,"u":"0,36 €/L","img":"https://fd1-photos.leclercdrive.fr/image.ashx?id=2949173&use=l&cat=p&typeid=i","cat":284661},{"id":1376,"n":"Lingettes nettoyantes Clair Sols muguet larges x15","p":1.14,"img":"https://fd1-photos.leclercdrive.fr/image.ashx?id=2593815&use=l&cat=p&typeid=i","cat":325364},{"id":1381,"n":"Dépoussiérant Clair meuble Cire 300ml","p":1.33,"u":"4,43 €/L","img":"https://fd1-photos.leclercdrive.fr/image.ashx?id=2819256&use=l&cat=p&typeid=i","cat":325364},{"id":1385,"n":"Spray nettoyant Vitroclen  Vitrocéramique - 250ml","p":2.42,"u":"9,68 €/L","img":"https://fd1-photos.leclercdrive.fr/image.ashx?id=2263727&use=l&cat=p&typeid=i","cat":325363},{"id":1386,"n":"Nettoyant four Clair 500ml","p":1.53,"u":"3,06 €/L","img":"https://fd1-photos.leclercdrive.fr/image.ashx?id=2858824&use=l&cat=p&typeid=i","cat":325363},{"id":1392,"n":"Blocs wc eau bleue Syphon x2 80g","p":1.12,"u":"14,00 €/KG","img":"https://fd1-photos.leclercdrive.fr/image.ashx?id=2302537&use=l&cat=p&typeid=i","cat":284662},{"id":1398,"n":"Recharge diffuseur électrique Insectivor anti-moustiques - x1","p":2.27,"img":"https://fd1-photos.leclercdrive.fr/image.ashx?id=2717105&use=l&cat=p&typeid=i","cat":298368},{"id":1400,"n":"Papier aluminium Elembal 20m","p":2.62,"img":"https://fd1-photos.leclercdrive.fr/image.ashx?id=2756846&use=l&cat=p&typeid=i","cat":334134},{"id":1401,"n":"Barquettes aluminium Elembal x10 0.5L","p":2.56,"img":"https://fd1-photos.leclercdrive.fr/image.ashx?id=2455093&use=l&cat=p&typeid=i","cat":334134},{"id":1402,"n":"Barquettes aluminium Elembal Plates 1L","p":4.4,"img":"https://fd1-photos.leclercdrive.fr/image.ashx?id=2455105&use=l&cat=p&typeid=i","cat":334134},{"id":1403,"n":"Barquettes aluminium Elembal Profondes x10 1L","p":4.3,"img":"https://fd1-photos.leclercdrive.fr/image.ashx?id=2455102&use=l&cat=p&typeid=i","cat":334134},{"id":1405,"n":"Barquettes aluminium Elembal x5 2L","p":3.46,"img":"https://fd1-photos.leclercdrive.fr/image.ashx?id=2455099&use=l&cat=p&typeid=i","cat":334134},{"id":1407,"n":"Film étirable Elembal 30m","p":1.2,"img":"https://fd1-photos.leclercdrive.fr/image.ashx?id=2431191&use=l&cat=p&typeid=i","cat":334134},{"id":1412,"n":"Sacs congélation Elembal Grand modèle x25","p":1.08,"img":"https://fd1-photos.leclercdrive.fr/image.ashx?id=2169147&use=l&cat=p&typeid=i","cat":334134},{"id":1413,"n":"Sacs congélation Elembal Petit modèle x50","p":1.1,"img":"https://fd1-photos.leclercdrive.fr/image.ashx?id=2158155&use=l&cat=p&typeid=i","cat":334134},{"id":1414,"n":"Sacs poubelle 30L Elembal à liens classiques - x25","p":1.26,"u":"0,05 €/P","img":"https://fd1-photos.leclercdrive.fr/image.ashx?id=2958699&use=l&cat=p&typeid=i","cat":285168},{"id":1415,"n":"Sacs poubelle 130L Elembal à liens classiques - x10","p":4.65,"u":"0,47 €/P","img":"https://fd1-photos.leclercdrive.fr/image.ashx?id=2791743&use=l&cat=p&typeid=i","cat":285168},{"id":1416,"n":"Sacs poubelle 100L Elembal Poignées coulissantes - x10","p":1.62,"u":"0,16 €/P","img":"https://fd1-photos.leclercdrive.fr/image.ashx?id=2791731&use=l&cat=p&typeid=i","cat":285168},{"id":1417,"n":"Sacs poubelle 100L Elembal à liens classiques - x10","p":1.54,"u":"0,15 €/P","img":"https://fd1-photos.leclercdrive.fr/image.ashx?id=2791734&use=l&cat=p&typeid=i","cat":285168},{"id":1418,"n":"Sacs poubelle 50L Elembal à liens classiques - x15","p":2.19,"u":"0,15 €/P","img":"https://fd1-photos.leclercdrive.fr/image.ashx?id=2958693&use=l&cat=p&typeid=i","cat":285168},{"id":1419,"n":"Sacs poubelle Elembal 20L x20","p":1.2,"u":"0,06 €/P","img":"https://fd1-photos.leclercdrive.fr/image.ashx?id=2791728&use=l&cat=p&typeid=i","cat":285168},{"id":1420,"n":"Sacs poubelle Elembal 20L A poignées - x30","p":2.08,"u":"0,07 €/P","img":"https://fd1-photos.leclercdrive.fr/image.ashx?id=2791674&use=l&cat=p&typeid=i","cat":285168},{"id":1421,"n":"Sacs poubelle Elembal 30L A poignées - x20","p":2.49,"u":"0,12 €/P","img":"https://fd1-photos.leclercdrive.fr/image.ashx?id=2791677&use=l&cat=p&typeid=i","cat":285168},{"id":1423,"n":"Sacs poubelle 50L Elembal Poignées coulissantes - x15","p":2.31,"u":"0,15 €/P","img":"https://fd1-photos.leclercdrive.fr/image.ashx?id=2958696&use=l&cat=p&typeid=i","cat":285168},{"id":1427,"n":"Gel douche Manava Pétales d'Orient - 250ml","p":1.15,"u":"4,60 €/L","img":"https://fd1-photos.leclercdrive.fr/image.ashx?id=2494214&use=l&cat=p&typeid=i","cat":284594},{"id":1428,"n":"Lait de douche Manava Coeur de vanille - 250ml","p":0.94,"u":"3,76 €/L","img":"https://fd1-photos.leclercdrive.fr/image.ashx?id=2456141&use=l&cat=p&typeid=i","cat":284594},{"id":1429,"n":"Gel douche Manava Boisé - 250ml","p":1.15,"u":"4,60 €/L","img":"https://fd1-photos.leclercdrive.fr/image.ashx?id=2809653&use=l&cat=p&typeid=i","cat":284594},{"id":1433,"n":"Recharge savon mains Manava Crème perles d'oranger - 250ml","p":0.68,"u":"2,72 €/L","img":"https://fd1-photos.leclercdrive.fr/image.ashx?id=2935483&use=l&cat=p&typeid=i","cat":284597},{"id":1435,"n":"Recharge savon mains Manava Crème Amande - 250ml","p":0.57,"u":"2,28 €/L","img":"https://fd1-photos.leclercdrive.fr/image.ashx?id=2935474&use=l&cat=p&typeid=i","cat":284597},{"id":1436,"n":"Lait de douche Manava Amande douce - 250ml","p":0.94,"u":"3,76 €/L","img":"https://fd1-photos.leclercdrive.fr/image.ashx?id=2771346&use=l&cat=p&typeid=i","cat":284594},{"id":1437,"n":"Lait de douche Manava Lait de coco - 250ml","p":0.94,"u":"3,76 €/L","img":"https://fd1-photos.leclercdrive.fr/image.ashx?id=2443176&use=l&cat=p&typeid=i","cat":284594},{"id":1441,"n":"Cire Chaude au Sucre Pure Veet Vanille 98% naturelle 250ml","p":4.31,"u":"17,24 €/L","img":"https://fd1-photos.leclercdrive.fr/image.ashx?id=2960684&use=l&cat=p&typeid=i","cat":325351},{"id":1449,"n":"Déodorant Manava fraîcheur Vanille glacée spray 200ml","p":1.39,"u":"6,95 €/L","img":"https://fd1-photos.leclercdrive.fr/image.ashx?id=2656445&use=l&cat=p&typeid=i","cat":284595},{"id":1465,"n":"Rasoirs jetables Comfort 2 Bic x10","p":2.45,"u":"0,25 €/P","img":"https://fd1-photos.leclercdrive.fr/image.ashx?id=2984862&use=l&cat=p&typeid=i","cat":284616},{"id":1466,"n":"Rasoirs jetables Bic 3 lames - x8","p":2.94,"u":"0,37 €/P","img":"https://fd1-photos.leclercdrive.fr/image.ashx?id=2789014&use=l&cat=p&typeid=i","cat":284616},{"id":1473,"n":"Gel à raser Carré Homme Hydratant 200ml","p":1.69,"u":"8,45 €/L","img":"https://fd1-photos.leclercdrive.fr/image.ashx?id=2771582&use=l&cat=p&typeid=i","cat":284617},{"id":1474,"n":"Rasoirs jetables Carré Homme 2 lames - x10","p":1.5,"u":"0,15 €/P","img":"https://fd1-photos.leclercdrive.fr/image.ashx?id=2873543&use=l&cat=p&typeid=i","cat":284616},{"id":1482,"n":"Dentifrice enfant Dentamyl Fraise - 3-6 ans - 50ml","p":0.89,"u":"17,80 €/L","img":"https://fd1-photos.leclercdrive.fr/image.ashx?id=2075188&use=l&cat=p&typeid=i","cat":288898},{"id":1486,"n":"Brosse à dents enfant Dentamyl 2-6 ans x1","p":0.51,"img":"https://fd1-photos.leclercdrive.fr/image.ashx?id=1980485&use=l&cat=p&typeid=i","cat":288897},{"id":1487,"n":"Pansements Primoplast Multi-usages x40","p":1.11,"img":"https://fd1-photos.leclercdrive.fr/image.ashx?id=2891773&use=l&cat=p&typeid=i","cat":284630},{"id":1488,"n":"Mouchoirs blancs 4 plis Caresse Mouchoirs papier Lotion x12","p":2.28,"u":"0,19 €/P","img":"https://fd1-photos.leclercdrive.fr/image.ashx?id=2572993&use=l&cat=p&typeid=i","cat":284638},{"id":1627,"n":"Lingettes bébé Mots d'Enfants Ultra-douces - x72","p":1.75,"u":"0,02 €/P","img":"https://fd1-photos.leclercdrive.fr/image.ashx?id=2856447&use=l&cat=p&typeid=i","cat":284738},{"id":1637,"n":"Change + 2 slips maille Chorys Anatomiques - Homme/Femme - x20","p":15.94,"u":"0,80 €/P","img":"https://fd1-photos.leclercdrive.fr/image.ashx?id=2623660&use=l&cat=p&typeid=i","cat":284628},{"id":1640,"n":"Protection incontinence Chorys Rectangulaire - x24","p":4.62,"u":"0,19 €/P","img":"https://fd1-photos.leclercdrive.fr/image.ashx?id=2761980&use=l&cat=p&typeid=i","cat":284628},{"id":1653,"n":"Enveloppes adhésives Esquisse 11.4x16.2cm 80g - x50","p":1.39,"u":"0,03 €/P","img":"https://fd1-photos.leclercdrive.fr/image.ashx?id=1701963&use=l&cat=p&typeid=i","cat":284697},{"id":1654,"n":"Enveloppes adhésives Esquisse x50 11x22cm 80g","p":1.69,"u":"21,13 €/KG","img":"https://fd1-photos.leclercdrive.fr/image.ashx?id=2943181&use=l&cat=p&typeid=i","cat":284697},{"id":1655,"n":"Enveloppes adhésives Esquisse x100 11x22cm 80g","p":2.69,"img":"https://fd1-photos.leclercdrive.fr/image.ashx?id=2943184&use=l&cat=p&typeid=i","cat":284697},{"id":1656,"n":"Pochettes kraft Esquisse Adhésives 22.9x32.4cm x25","p":2.3,"img":"https://fd1-photos.leclercdrive.fr/image.ashx?id=1699690&use=l&cat=p&typeid=i","cat":284697},{"id":1657,"n":"Pochettes kraft Esquisse Adhésives 16.2x22.9cm x25","p":1.99,"img":"https://fd1-photos.leclercdrive.fr/image.ashx?id=1698655&use=l&cat=p&typeid=i","cat":284697},{"id":1661,"n":"Bâton de colle Esquisse 20g","p":0.88,"u":"44,00 €/KG","img":"https://fd1-photos.leclercdrive.fr/image.ashx?id=1699687&use=l&cat=p&typeid=i","cat":334133},{"id":1666,"n":"Feuilles blanches Esquisse A4 80g - 500 feuilles","p":4.44,"img":"https://fd1-photos.leclercdrive.fr/image.ashx?id=2943196&use=l&cat=p&typeid=i","cat":284697},{"id":1683,"n":"Piles alcalines Foxter AAA/LR3 1,5V - x4","p":0.98,"img":"https://fd1-photos.leclercdrive.fr/image.ashx?id=2162150&use=l&cat=p&typeid=i","cat":300572},{"id":1684,"n":"Piles Foxter C/LR14 1.5V - x2","p":1.69,"img":"https://fd1-photos.leclercdrive.fr/image.ashx?id=2162168&use=l&cat=p&typeid=i","cat":300572},{"id":1686,"n":"Pile Foxter 9V/6LR61 - x1","p":1.99,"img":"https://fd1-photos.leclercdrive.fr/image.ashx?id=2162159&use=l&cat=p&typeid=i","cat":300572},{"id":1687,"n":"Pile alcaline Foxter 3LR12 4,5V - x1","p":2.25,"img":"https://fd1-photos.leclercdrive.fr/image.ashx?id=2162177&use=l&cat=p&typeid=i","cat":300572},{"id":1729,"n":"Croquettes chiens Lydog poulet Petit chien - Poulet - 1kg","p":2.92,"u":"2,92 €/KG","img":"https://fd1-photos.leclercdrive.fr/image.ashx?id=2895762&use=l&cat=p&typeid=i","cat":294526},{"id":1730,"n":"Barquette chiens Lydog Au Saumon et Truite - 300g","p":1.49,"u":"4,97 €/KG","img":"https://fd1-photos.leclercdrive.fr/image.ashx?id=2042433&use=l&cat=p&typeid=i","cat":284673},{"id":1751,"n":"Croquettes chat Purina One Adulte - Saumon/Céréales - 450g","p":2.48,"u":"5,51 €/KG","img":"https://fd1-photos.leclercdrive.fr/image.ashx?id=2683220&use=l&cat=p&typeid=i","cat":284680},{"id":1753,"n":"Croquettes chat Purina One Adulte - Saumon/Céréales -1.5kg","p":6.62,"u":"4,41 €/KG","img":"https://fd1-photos.leclercdrive.fr/image.ashx?id=2902268&use=l&cat=p&typeid=i","cat":284680},{"id":1754,"n":"Croquettes chat Purina One Adulte - Poulet/Céréales - 3kg","p":12.05,"u":"4,02 €/KG","img":"https://fd1-photos.leclercdrive.fr/image.ashx?id=2432007&use=l&cat=p&typeid=i","cat":284680},{"id":1755,"n":"Bouchées chiens Lydog Adulte - Boeuf - 4kg","p":7.49,"u":"1,87 €/KG","img":"https://fd1-photos.leclercdrive.fr/image.ashx?id=2907162&use=l&cat=p&typeid=i","cat":284672},{"id":1756,"n":"Emincés en sauce Tous mes amis pour chats -  800g","p":1.45,"u":"1,81 €/KG","img":"https://fd1-photos.leclercdrive.fr/image.ashx?id=2606798&use=l&cat=p&typeid=i","cat":285601},{"id":1759,"n":"Croquettes chat Tous mes amis Boeuf Poulet Foie - 400g","p":1.2,"u":"3,00 €/KG","img":"https://fd1-photos.leclercdrive.fr/image.ashx?id=2301379&use=l&cat=p&typeid=i","cat":284680},{"id":1761,"n":"Croquettes chat Tous mes amis Saumon thon lég.verts - 400g","p":1.11,"u":"2,78 €/KG","img":"https://fd1-photos.leclercdrive.fr/image.ashx?id=2301382&use=l&cat=p&typeid=i","cat":284680},{"id":1762,"n":"Croquettes chat Tous mes amis Poulet légumes - 4kg","p":5.76,"u":"1,44 €/KG","img":"https://fd1-photos.leclercdrive.fr/image.ashx?id=2301406&use=l&cat=p&typeid=i","cat":284680},{"id":1763,"n":"Croquettes chat Tous mes amis Boeuf Poulet Légumes - 2kg","p":2.79,"u":"1,40 €/KG","img":"https://fd1-photos.leclercdrive.fr/image.ashx?id=2739724&use=l&cat=p&typeid=i","cat":284680},{"id":1764,"n":"Croquettes chat Tous mes amis Poulet dinde canard olive - 2kg","p":3.62,"u":"1,81 €/KG","img":"https://fd1-photos.leclercdrive.fr/image.ashx?id=2301400&use=l&cat=p&typeid=i","cat":284680},{"id":1765,"n":"Croquettes chat Tous mes amis Saumon & Légumes - 2kg","p":2.79,"u":"1,40 €/KG","img":"https://fd1-photos.leclercdrive.fr/image.ashx?id=2301394&use=l&cat=p&typeid=i","cat":284680},{"id":1766,"n":"Croquettes chat Tous mes amis Chaton - 400g","p":1.05,"u":"2,63 €/KG","img":"https://fd1-photos.leclercdrive.fr/image.ashx?id=2503275&use=l&cat=p&typeid=i","cat":284680},{"id":1767,"n":"Barquette chats Tous mes amis au Boeuf - 100g","p":0.61,"u":"6,10 €/KG","img":"https://fd1-photos.leclercdrive.fr/image.ashx?id=2042418&use=l&cat=p&typeid=i","cat":285286},{"id":1769,"n":"Barquette chats Lycat au Foie et Volaille - 100g","p":0.59,"u":"5,90 €/KG","img":"https://fd1-photos.leclercdrive.fr/image.ashx?id=2042415&use=l&cat=p&typeid=i","cat":285286},{"id":1770,"n":"Barquette chats Tous mes amis au Saumon 100g","p":0.58,"u":"5,80 €/KG","img":"https://fd1-photos.leclercdrive.fr/image.ashx?id=2042412&use=l&cat=p&typeid=i","cat":285286},{"id":1771,"n":"Terrines chats Tous mes amis Délices Multi-viandes - 3x400g","p":2.97,"u":"2,48 €/KG","img":"https://fd1-photos.leclercdrive.fr/image.ashx?id=2860703&use=l&cat=p&typeid=i","cat":285601},{"id":1772,"n":"Sachet repas chat Tous mes amis Poissons en gelée - 12x100g","p":3.65,"u":"3,04 €/KG","img":"https://fd1-photos.leclercdrive.fr/image.ashx?id=2027592&use=l&cat=p&typeid=i","cat":285286},{"id":1775,"n":"Litière minérale Catsan Hygiène plus pour chat - 10L","p":5.19,"u":"0,52 €/L","img":"https://fd1-photos.leclercdrive.fr/image.ashx?id=2692677&use=l&cat=p&typeid=i","cat":284683},{"id":1786,"n":"Blocs WC Syphon Activ' effect Fraîcheur marine x3","p":1.22,"u":"0,41 €/P","img":"https://fd1-photos.leclercdrive.fr/image.ashx?id=2317294&use=l&cat=p&typeid=i","cat":284662},{"id":1795,"n":"Lingettes nettoyantes Clair Multi-surfaces citron x50","p":1.38,"u":"0,03 €/P","img":"https://fd1-photos.leclercdrive.fr/image.ashx?id=2975638&use=l&cat=p&typeid=i","cat":325358},{"id":1798,"n":"Eponges Multi-usages Mamison grattantes - x3","p":0.89,"u":"0,30 €/P","img":"https://fd1-photos.leclercdrive.fr/image.ashx?id=2202341&use=l&cat=p&typeid=i","cat":284667},{"id":1799,"n":"Haricots verts Notre Jardin Très fins - 3x110g","p":1.83,"u":"5,55 €/KG","img":"https://fd1-photos.leclercdrive.fr/image.ashx?id=2987994&use=l&cat=p&typeid=i","cat":312606},{"id":1800,"n":"Lingettes nettoyantes Clair Muguet x50","p":1.72,"u":"0,03 €/P","img":"https://fd1-photos.leclercdrive.fr/image.ashx?id=2835196&use=l&cat=p&typeid=i","cat":325358},{"id":1801,"n":"Boules inox Mamison x2","p":0.44,"img":"https://fd1-photos.leclercdrive.fr/image.ashx?id=555602&use=l&cat=p&typeid=i","cat":284667},{"id":1802,"n":"Insecticide Insectivor cafards Fourmis araignées 400ml","p":2.49,"u":"6,23 €/L","img":"https://fd1-photos.leclercdrive.fr/image.ashx?id=2843039&use=l&cat=p&typeid=i","cat":298368},{"id":1803,"n":"Spray désodorisant Texil Textile 500ml","p":2.61,"u":"5,22 €/L","img":"https://fd1-photos.leclercdrive.fr/image.ashx?id=2958690&use=l&cat=p&typeid=i","cat":290451},{"id":1804,"n":"Asperges vertes miniatures  Notre Jardin - 100g","p":1.49,"u":"14,90 €/KG","img":"https://fd1-photos.leclercdrive.fr/image.ashx?id=2591515&use=l&cat=p&typeid=i","cat":312611},{"id":1806,"n":"Insecticide Insectivor guêpes Mouches moustiques - 400ml","p":2.22,"u":"5,55 €/L","img":"https://fd1-photos.leclercdrive.fr/image.ashx?id=2835008&use=l&cat=p&typeid=i","cat":298368},{"id":1810,"n":"Gel nettoyant wc Syphon 750ml","p":1.03,"u":"1,37 €/L","img":"https://fd1-photos.leclercdrive.fr/image.ashx?id=2558775&use=l&cat=p&typeid=i","cat":284662},{"id":1812,"n":"Gel nettoyant wc Syphon 750ml","p":0.66,"u":"0,88 €/L","img":"https://fd1-photos.leclercdrive.fr/image.ashx?id=2067935&use=l&cat=p&typeid=i","cat":284662},{"id":1816,"n":"Déboucheur canalisations Syphon Gel 1L","p":1.39,"u":"1,39 €/L","img":"https://fd1-photos.leclercdrive.fr/image.ashx?id=2202347&use=l&cat=p&typeid=i","cat":284908},{"id":1821,"n":"Confiture Bonne Maman Figues violettes - 370g","p":1.88,"u":"5,08 €/KG","img":"https://fd1-photos.leclercdrive.fr/image.ashx?id=2547477&use=l&cat=p&typeid=i","cat":284480},{"id":1822,"n":"Confiture Bonne Maman Myrtilles - 370g","p":2.75,"u":"7,43 €/KG","img":"https://fd1-photos.leclercdrive.fr/image.ashx?id=2132361&use=l&cat=p&typeid=i","cat":284480},{"id":1825,"n":"Confiture Bonne Maman Cerises griottes - 370g","p":2.27,"u":"6,14 €/KG","img":"https://fd1-photos.leclercdrive.fr/image.ashx?id=2474981&use=l&cat=p&typeid=i","cat":284480},{"id":1826,"n":"Confiture Douceur du Verger Abricots - Allégée - 340g","p":1.05,"u":"3,09 €/KG","img":"https://fd1-photos.leclercdrive.fr/image.ashx?id=2965440&use=l&cat=p&typeid=i","cat":284480},{"id":1828,"n":"Confiture Bonne Maman Framboises - 370g","p":2.39,"u":"6,46 €/KG","img":"https://fd1-photos.leclercdrive.fr/image.ashx?id=2544807&use=l&cat=p&typeid=i","cat":284480},{"id":1832,"n":"Confiture Bonne Maman Oranges amères 370g","p":1.48,"u":"4,00 €/KG","img":"https://fd1-photos.leclercdrive.fr/image.ashx?id=2559184&use=l&cat=p&typeid=i","cat":284480},{"id":1833,"n":"Confiture Douceur du Verger Fraises - 340g","p":1.05,"u":"3,09 €/KG","img":"https://fd1-photos.leclercdrive.fr/image.ashx?id=2965431&use=l&cat=p&typeid=i","cat":284480},{"id":1835,"n":"Confiture Douceur du Verger Orange 340g","p":0.99,"u":"2,83 €/KG","img":"https://fd1-photos.leclercdrive.fr/image.ashx?id=2965434&use=l&cat=p&typeid=i","cat":284480},{"id":1845,"n":"Barres de céréales Frosties Kellogg's - 6x25g","p":1.8,"u":"12,00 €/KG","img":"https://fd1-photos.leclercdrive.fr/image.ashx?id=2300062&use=l&cat=p&typeid=i","cat":285869},{"id":1846,"n":"Compote Douceur du Verger Gourdes Pomme Fraise - 4x90g","p":1.39,"u":"3,86 €/KG","img":"https://fd1-photos.leclercdrive.fr/image.ashx?id=2837024&use=l&cat=p&typeid=i","cat":284508},{"id":1848,"n":"Chocolat au lait Tablette d'Or Lait Noisettes - 3x100g","p":3.64,"u":"12,13 €/KG","img":"https://fd1-photos.leclercdrive.fr/image.ashx?id=3014347&use=l&cat=p&typeid=i","cat":284497},{"id":1850,"n":"Chocolat au lait Tablette d'Or Céréales croustillantes 2x100g","p":2.01,"u":"10,05 €/KG","img":"https://fd1-photos.leclercdrive.fr/image.ashx?id=2555952&use=l&cat=p&typeid=i","cat":284497},{"id":1851,"n":"Chocolat au lait Tablette d'Or 3x100g","p":3.13,"u":"10,43 €/KG","img":"https://fd1-photos.leclercdrive.fr/image.ashx?id=2771508&use=l&cat=p&typeid=i","cat":284497},{"id":1861,"n":"Levure chimique Tablier Blanc x6 sachets","p":0.26,"u":"3,94 €/KG","img":"https://fd1-photos.leclercdrive.fr/image.ashx?id=2867892&use=l&cat=p&typeid=i","cat":294686},{"id":1863,"n":"Soja cuisine fluide Bio Bjorg - 25cl","p":0.94,"u":"3,76 €/L","img":"https://fd1-photos.leclercdrive.fr/image.ashx?id=2970921&use=l&cat=p&typeid=i","cat":316069},{"id":1864,"n":"Chocolat Tablette d'Or Noir amandes entières 200g","p":1.84,"u":"9,20 €/KG","img":"https://fd1-photos.leclercdrive.fr/image.ashx?id=2982886&use=l&cat=p&typeid=i","cat":284956},{"id":1865,"n":"Chocolat Tablette d'Or noir Ecorces d'orange 200g","p":2.45,"u":"12,25 €/KG","img":"https://fd1-photos.leclercdrive.fr/image.ashx?id=2654267&use=l&cat=p&typeid=i","cat":284956},{"id":1867,"n":"Chocolat au lait Tablette d'Or Noisettes entières - 200g","p":2.31,"u":"11,55 €/KG","img":"https://fd1-photos.leclercdrive.fr/image.ashx?id=2580889&use=l&cat=p&typeid=i","cat":284497},{"id":1868,"n":"Chocolat blanc Tablette d'Or Noisettes entières - 200g","p":2.45,"u":"12,25 €/KG","img":"https://fd1-photos.leclercdrive.fr/image.ashx?id=2753469&use=l&cat=p&typeid=i","cat":284957},{"id":1870,"n":"Tablette de chocolat Equador Noir 85% cacao - 100g","p":1.53,"u":"15,30 €/KG","img":"https://fd1-photos.leclercdrive.fr/image.ashx?id=2840734&use=l&cat=p&typeid=i","cat":284956},{"id":1871,"n":"Céréales mini-pack Kellogg's Multi-variétés - 215g","p":2.81,"u":"13,07 €/KG","img":"https://fd1-photos.leclercdrive.fr/image.ashx?id=3014467&use=l&cat=p&typeid=i","cat":309513},{"id":1873,"n":"Petits pains grillés Epi d'Or Complet - 225g","p":0.89,"u":"3,96 €/KG","img":"https://fd1-photos.leclercdrive.fr/image.ashx?id=2726491&use=l&cat=p&typeid=i","cat":284479},{"id":1874,"n":"Chocolat Tablette d'Or Noir noisettes entières 200g","p":2.05,"u":"10,25 €/KG","img":"https://fd1-photos.leclercdrive.fr/image.ashx?id=2582516&use=l&cat=p&typeid=i","cat":284956},{"id":1878,"n":"Compote Douceur du Verger Coupelle pomme pêche - 4x100g","p":1.19,"u":"2,98 €/KG","img":"https://fd1-photos.leclercdrive.fr/image.ashx?id=2663464&use=l&cat=p&typeid=i","cat":284508},{"id":1879,"n":"Compote Douceur du Verger Coupelle pomme poire - 4x100g","p":1.17,"u":"2,93 €/KG","img":"https://fd1-photos.leclercdrive.fr/image.ashx?id=2663470&use=l&cat=p&typeid=i","cat":284508},{"id":1883,"n":"Compote Douceur du Verger Gourdes Pomme Banane - 4x90g","p":1.59,"u":"4,42 €/KG","img":"https://fd1-photos.leclercdrive.fr/image.ashx?id=2837027&use=l&cat=p&typeid=i","cat":284508},{"id":1884,"n":"Compote Douceur du Verger Gourdes Pomme - 4x90g","p":0.99,"u":"2,75 €/KG","img":"https://fd1-photos.leclercdrive.fr/image.ashx?id=2837018&use=l&cat=p&typeid=i","cat":284508},{"id":1885,"n":"Haricots verts Notre Jardin Extra fins - 440g","p":2.58,"u":"5,86 €/KG","img":"https://fd1-photos.leclercdrive.fr/image.ashx?id=3005652&use=l&cat=p&typeid=i","cat":312606},{"id":1886,"n":"Petits pois Notre Jardin A l'étuvée - Extra fins - 560g","p":1.29,"u":"2,30 €/KG","img":"https://fd1-photos.leclercdrive.fr/image.ashx?id=2526267&use=l&cat=p&typeid=i","cat":312607},{"id":1887,"n":"Champignons Paris Notre Jardin Pieds et morceaux - 3x115g","p":1.99,"u":"5,77 €/KG","img":"https://fd1-photos.leclercdrive.fr/image.ashx?id=2991115&use=l&cat=p&typeid=i","cat":312610},{"id":1888,"n":"Flageolets verts Notre Jardin Extra fins - 530g","p":1.29,"u":"2,43 €/KG","img":"https://fd1-photos.leclercdrive.fr/image.ashx?id=2468819&use=l&cat=p&typeid=i","cat":312606},{"id":1889,"n":"Macédoine légumes Notre Jardin 3x130g","p":1.75,"u":"4,49 €/KG","img":"https://fd1-photos.leclercdrive.fr/image.ashx?id=2537349&use=l&cat=p&typeid=i","cat":312612},{"id":1890,"n":"Choux Bruxelles Notre Jardin 265g","p":1.29,"u":"4,87 €/KG","img":"https://fd1-photos.leclercdrive.fr/image.ashx?id=2913654&use=l&cat=p&typeid=i","cat":312612},{"id":1893,"n":"Sardines Pêche Océan Huile d'olive - 135g","p":1.25,"u":"9,26 €/KG","img":"https://fd1-photos.leclercdrive.fr/image.ashx?id=2550375&use=l&cat=p&typeid=i","cat":305146},{"id":1895,"n":"Foie de morue Connétable MSC - Fumé - 121g","p":1.89,"u":"15,62 €/KG","img":"https://fd1-photos.leclercdrive.fr/image.ashx?id=2804454&use=l&cat=p&typeid=i","cat":305147},{"id":1897,"n":"Pâté NRT Campagne porc breton - 200g","p":1.91,"u":"9,55 €/KG","img":"https://fd1-photos.leclercdrive.fr/image.ashx?id=2560494&use=l&cat=p&typeid=i","cat":305149},{"id":1898,"n":"Cassoulet Côté Table 840g","p":2.19,"u":"2,61 €/KG","img":"https://fd1-photos.leclercdrive.fr/image.ashx?id=2977096&use=l&cat=p&typeid=i","cat":284440},{"id":1901,"n":"Taboulé Côté Table Etui 730g","p":1.87,"u":"2,56 €/KG","img":"https://fd1-photos.leclercdrive.fr/image.ashx?id=2977093&use=l&cat=p&typeid=i","cat":325094},{"id":1902,"n":"Chips à l'ancienne Pom'Lisse Nature - 150g","p":1.04,"u":"6,93 €/KG","img":"https://fd1-photos.leclercdrive.fr/image.ashx?id=2724829&use=l&cat=p&typeid=i","cat":284447},{"id":1903,"n":"Saucisses cocktail Tokapi  240g","p":1.95,"u":"8,13 €/KG","img":"https://fd1-photos.leclercdrive.fr/image.ashx?id=2943614&use=l&cat=p&typeid=i","cat":284450},{"id":1906,"n":"Huile de tournesol Lesieur  1L","p":2.66,"u":"2,66 €/L","img":"https://fd1-photos.leclercdrive.fr/image.ashx?id=2916839&use=l&cat=p&typeid=i","cat":284453},{"id":1907,"n":"Vinaigre de Xérès AOP Maille 50cl","p":2.59,"u":"5,18 €/L","img":"https://fd1-photos.leclercdrive.fr/image.ashx?id=2769624&use=l&cat=p&typeid=i","cat":298543},{"id":1909,"n":"Olives vertes Rustica Entières - 200g","p":1.24,"u":"6,20 €/KG","img":"https://fd1-photos.leclercdrive.fr/image.ashx?id=2499073&use=l&cat=p&typeid=i","cat":284458},{"id":1913,"n":"Pâtes Barilla Coquillettes - 500g","p":0.94,"u":"1,88 €/KG","img":"https://fd1-photos.leclercdrive.fr/image.ashx?id=2392218&use=l&cat=p&typeid=i","cat":284427},{"id":1920,"n":"Boisson végétale Bio Bjorg Soja Douceur - 1L","p":1.86,"u":"1,86 €/L","img":"https://fd1-photos.leclercdrive.fr/image.ashx?id=2967052&use=l&cat=p&typeid=i","cat":316067},{"id":1925,"n":"Petits beurre P'tit Déli x24 - 200g","p":0.95,"u":"4,75 €/KG","img":"https://fd1-photos.leclercdrive.fr/image.ashx?id=1898886&use=l&cat=p&typeid=i","cat":284487},{"id":1928,"n":"Brioche vendéenne IGP NRT Tressée - 650g","p":4.06,"u":"6,25 €/KG","img":"https://fd1-photos.leclercdrive.fr/image.ashx?id=2679789&use=l&cat=p&typeid=i","cat":284478},{"id":1935,"n":"Café Soluble Nescafé Sélection - 200g","p":6.15,"u":"30,75 €/KG","img":"https://fd1-photos.leclercdrive.fr/image.ashx?id=2968847&use=l&cat=p&typeid=i","cat":284843},{"id":1939,"n":"Infusion Tiséa verveine menthe x25","p":0.92,"u":"23,00 €/KG","img":"https://fd1-photos.leclercdrive.fr/image.ashx?id=2441102&use=l&cat=p&typeid=i","cat":293234},{"id":1942,"n":"Chocolat en poudre Nesquik Boîte 1kg","p":6.41,"u":"6,41 €/KG","img":"https://fd1-photos.leclercdrive.fr/image.ashx?id=2493805&use=l&cat=p&typeid=i","cat":293235},{"id":1943,"n":"Confiture Bonne Maman Fraises - 750g","p":3.5,"u":"4,67 €/KG","img":"https://fd1-photos.leclercdrive.fr/image.ashx?id=2906073&use=l&cat=p&typeid=i","cat":284480},{"id":1944,"n":"Miel Nid d'Abeille A tartiner - 250 g","p":1.91,"u":"7,64 €/KG","img":"https://fd1-photos.leclercdrive.fr/image.ashx?id=2696805&use=l&cat=p&typeid=i","cat":287643},{"id":1955,"n":"Farine de blé T45 Tablier Blanc 1kg","p":0.69,"u":"0,69 €/KG","img":"https://fd1-photos.leclercdrive.fr/image.ashx?id=3001199&use=l&cat=p&typeid=i","cat":284503},{"id":1956,"n":"Compote Douceur du Verger Coupelle pomme banane - 4x100g","p":1.3,"u":"3,25 €/KG","img":"https://fd1-photos.leclercdrive.fr/image.ashx?id=2663461&use=l&cat=p&typeid=i","cat":284508},{"id":1961,"n":"Tablette de chocolat Equador Noir 72% cacao 100g","p":1.39,"u":"13,90 €/KG","img":"https://fd1-photos.leclercdrive.fr/image.ashx?id=2822920&use=l&cat=p&typeid=i","cat":284956},{"id":1962,"n":"Tablette de Chocolat Blanc Galak - 2x100g","p":3.0,"u":"15,00 €/KG","img":"https://fd1-photos.leclercdrive.fr/image.ashx?id=2769618&use=l&cat=p&typeid=i","cat":284957},{"id":1972,"n":"Eau minérale gazeuse Perrier  Bouteilles en verre 8x20cl","p":3.27,"u":"2,04 €/L","img":"https://fd1-photos.leclercdrive.fr/image.ashx?id=2587551&use=l&cat=p&typeid=i","cat":284536},{"id":1975,"n":"Sirop Frucci Menthe - 75cl","p":1.85,"u":"2,47 €/L","img":"https://fd1-photos.leclercdrive.fr/image.ashx?id=2842208&use=l&cat=p&typeid=i","cat":295020},{"id":1980,"n":"Pur Jus d'ananas Jafaden Brique élopack 1L","p":2.09,"u":"2,09 €/L","img":"https://fd1-photos.leclercdrive.fr/image.ashx?id=2955683&use=l&cat=p&typeid=i","cat":284916},{"id":1984,"n":"Thé glacé Fresh Tea Pêche - 2L","p":1.64,"u":"0,82 €/L","img":"https://fd1-photos.leclercdrive.fr/image.ashx?id=2715281&use=l&cat=p&typeid=i","cat":295019},{"id":1990,"n":"Scotch Whisky Label 5 40%vol - 70cl","p":13.01,"u":"18,59 €/L","img":"https://fd1-photos.leclercdrive.fr/image.ashx?id=2639468&use=l&cat=p&typeid=i","cat":284547},{"id":1994,"n":"Whisky J&B Rare 40%vol - 70cl","p":15.43,"u":"22,04 €/L","img":"https://fd1-photos.leclercdrive.fr/image.ashx?id=2301028&use=l&cat=p&typeid=i","cat":284547},{"id":1997,"n":"Whisky Clan Campbell Blended Scotch 40% vol - 70cl","p":14.01,"u":"20,01 €/L","img":"https://fd1-photos.leclercdrive.fr/image.ashx?id=2868365&use=l&cat=p&typeid=i","cat":284547},{"id":1998,"n":"Whiskey Irlandais Jameson  40% vol - 70cl","p":20.13,"u":"28,76 €/L","img":"https://fd1-photos.leclercdrive.fr/image.ashx?id=2866025&use=l&cat=p&typeid=i","cat":284547},{"id":2000,"n":"Pastis Duval 45%vol - 1L","p":18.18,"u":"18,18 €/L","img":"https://fd1-photos.leclercdrive.fr/image.ashx?id=2659656&use=l&cat=p&typeid=i","cat":284548},{"id":2001,"n":"Pastis Ricard Anisé 45% vol - 1L","p":19.89,"pp":18.89,"u":"18,89 €/L","img":"https://fd1-photos.leclercdrive.fr/image.ashx?id=2947820&use=l&cat=p&typeid=i","cat":284548},{"id":2002,"n":"Pastis de Marseille Vivalis 45%vol - 1L","p":17.02,"u":"17,02 €/L","img":"https://fd1-photos.leclercdrive.fr/image.ashx?id=2699639&use=l&cat=p&typeid=i","cat":284548},{"id":2003,"n":"Vodka premium Eristoff Original 37,5° - 70cl","p":11.87,"u":"16,96 €/L","img":"https://fd1-photos.leclercdrive.fr/image.ashx?id=2850734&use=l&cat=p&typeid=i","cat":284550},{"id":2006,"n":"Vodka Novotna  Pure grain 37.5%vol - 70cl","p":10.59,"u":"15,13 €/L","img":"https://fd1-photos.leclercdrive.fr/image.ashx?id=1654441&use=l&cat=p&typeid=i","cat":284550},{"id":2007,"n":"Rhum blanc Bacardi Carta Blanca 37,5° - 70cl","p":14.75,"u":"21,07 €/L","img":"https://fd1-photos.leclercdrive.fr/image.ashx?id=2833933&use=l&cat=p&typeid=i","cat":284550},{"id":2009,"n":"Rhum ambré Negrita 40%vol - 50cl","p":6.99,"u":"13,98 €/L","img":"https://fd1-photos.leclercdrive.fr/image.ashx?id=2785112&use=l&cat=p&typeid=i","cat":284550},{"id":2010,"n":"Rhum blanc Old Nick  40%vol - 70cl","p":10.1,"pp":9.09,"u":"12,99 €/L","img":"https://fd1-photos.leclercdrive.fr/image.ashx?id=2483747&use=l&cat=p&typeid=i","cat":284550},{"id":2012,"n":"Rhum ambré Negrita 40%vol - 1L","p":13.25,"u":"13,25 €/L","img":"https://fd1-photos.leclercdrive.fr/image.ashx?id=2519633&use=l&cat=p&typeid=i","cat":284550},{"id":2014,"n":"Cognac Hennessy v.s 40%vol 70cl","p":39.63,"u":"56,61 €/L","img":"https://fd1-photos.leclercdrive.fr/image.ashx?id=2732449&use=l&cat=p&typeid=i","cat":286032},{"id":2015,"n":"Liqueur The Original Baileys Irish Cream 17%vol - 70cl","p":12.16,"u":"17,37 €/L","img":"https://fd1-photos.leclercdrive.fr/image.ashx?id=2536059&use=l&cat=p&typeid=i","cat":286032},{"id":2019,"n":"Sucre de canne Lagoa 70cl","p":1.65,"u":"2,36 €/L","img":"https://fd1-photos.leclercdrive.fr/image.ashx?id=2966475&use=l&cat=p&typeid=i","cat":284551},{"id":2021,"n":"Apéritif Suze L'Originale 15% vol - 1L","p":9.83,"u":"9,83 €/L","img":"https://fd1-photos.leclercdrive.fr/image.ashx?id=2914462&use=l&cat=p&typeid=i","cat":284913},{"id":2023,"n":"Muscat Guillaume d'Arria 15.5%vol - 75cl","p":6.99,"u":"9,32 €/L","img":"https://fd1-photos.leclercdrive.fr/image.ashx?id=2974783&use=l&cat=p&typeid=i","cat":284913},{"id":2024,"n":"Rivesaltes ambré G. d'Arria 16%vol - 75cl","p":4.28,"u":"5,71 €/L","img":"https://fd1-photos.leclercdrive.fr/image.ashx?id=2974738&use=l&cat=p&typeid=i","cat":284913},{"id":2025,"n":"Muscat de Rivesaltes G. d'Arria 15.5%vol - 75cl","p":4.99,"u":"6,65 €/L","img":"https://fd1-photos.leclercdrive.fr/image.ashx?id=2974744&use=l&cat=p&typeid=i","cat":284913},{"id":2028,"n":"AOP Bordeaux rouge Baron de Lestac - 75cl","p":4.0,"u":"5,33 €/L","img":"https://fd1-photos.leclercdrive.fr/image.ashx?id=2471148&use=l&cat=p&typeid=i","cat":289556},{"id":2029,"n":"AOP Bordeaux rouge Malesan - 75 cl","p":4.5,"u":"6,00 €/L","img":"https://fd1-photos.leclercdrive.fr/image.ashx?id=2917432&use=l&cat=p&typeid=i","cat":289556},{"id":2044,"n":"IGP Pays d'Oc Merlot vin rouge Vieux Carion 13% vol -75 cl","p":2.25,"u":"3,00 €/L","img":"https://fd1-photos.leclercdrive.fr/image.ashx?id=2949412&use=l&cat=p&typeid=i","cat":289556},{"id":2045,"n":"IGP Pays d'Oc vin rouge Vieux Carion 12.5% vol -75 cl","p":2.25,"u":"3,00 €/L","img":"https://fd1-photos.leclercdrive.fr/image.ashx?id=2925168&use=l&cat=p&typeid=i","cat":289556},{"id":2049,"n":"IGP Pays d'Oc Gris vin rosé Rives & Terrasses - 75cl -12,5%","p":2.89,"u":"3,85 €/L","img":"https://fd1-photos.leclercdrive.fr/image.ashx?id=2920918&use=l&cat=p&typeid=i","cat":289558},{"id":2051,"n":"IGP Pays d'Oc Syrah vin rosé Vieux Carion 12.5% vol -75 cl","p":2.25,"u":"3,00 €/L","img":"https://fd1-photos.leclercdrive.fr/image.ashx?id=2892340&use=l&cat=p&typeid=i","cat":289558},{"id":2058,"n":"IGP Pays d'Oc Sauvignon Blanc Vieux Carion 12% vol -75 cl","p":2.25,"u":"3,00 €/L","img":"https://fd1-photos.leclercdrive.fr/image.ashx?id=2879937&use=l&cat=p&typeid=i","cat":289557},{"id":2072,"n":"AOP Champagne Mumm Cordon Rouge Brut 12% vol - 75cl","p":28.9,"pp":27.9,"u":"37,20 €/L","img":"https://fd1-photos.leclercdrive.fr/image.ashx?id=3011005&use=l&cat=p&typeid=i","cat":284542},{"id":2074,"n":"AOP Champagne demi-sec blanc Pol Carson - 75cl","p":17.99,"u":"23,99 €/L","img":"https://fd1-photos.leclercdrive.fr/image.ashx?id=2909846&use=l&cat=p&typeid=i","cat":284542},{"id":2075,"n":"AOP Champagne brut Pol Carson - 75cl","p":17.99,"u":"23,99 €/L","img":"https://fd1-photos.leclercdrive.fr/image.ashx?id=2909843&use=l&cat=p&typeid=i","cat":284542},{"id":2078,"n":"Pétillant Gibus pomme Sans alcool 75cl","p":2.39,"u":"3,19 €/L","img":"https://fd1-photos.leclercdrive.fr/image.ashx?id=1887586&use=l&cat=p&typeid=i","cat":289460},{"id":2079,"n":"Cidre bouché Les Goelleries Breton doux 2%vol. - 75cl","p":2.12,"u":"2,83 €/L","img":"https://fd1-photos.leclercdrive.fr/image.ashx?id=2842190&use=l&cat=p&typeid=i","cat":334880},{"id":2082,"n":"AOP Crémant d'Alsace brut Rebmann - 75 cl","p":5.82,"u":"7,76 €/L","img":"https://fd1-photos.leclercdrive.fr/image.ashx?id=2888935&use=l&cat=p&typeid=i","cat":284545},{"id":2087,"n":"Jus de pomme pétillant Champomy L'Original Pomme - 75cl","p":2.72,"u":"3,63 €/L","img":"https://fd1-photos.leclercdrive.fr/image.ashx?id=2688683&use=l&cat=p&typeid=i","cat":289460},{"id":2090,"n":"Emmental fromage bloc Les Croisés - 500g","p":4.19,"u":"8,38 €/KG","img":"https://fd1-photos.leclercdrive.fr/image.ashx?id=2897775&use=l&cat=p&typeid=i","cat":314034},{"id":2092,"n":"Bûche de chèvre Saint-Maure LEs Croisés 25% MG - 200g","p":2.06,"u":"10,30 €/KG","img":"https://fd1-photos.leclercdrive.fr/image.ashx?id=2894719&use=l&cat=p&typeid=i","cat":314031},{"id":2104,"n":"Mousse à la liégeoise Délisse Chocolat - 8x80g","p":2.35,"u":"3,67 €/KG","img":"https://fd1-photos.leclercdrive.fr/image.ashx?id=3009490&use=l&cat=p&typeid=i","cat":284417},{"id":2111,"n":"Beurre Extra fin Les Croisés Doux - 82% MG - 250g","p":2.35,"u":"9,40 €/KG","img":"https://fd1-photos.leclercdrive.fr/image.ashx?id=2791224&use=l&cat=p&typeid=i","cat":284379},{"id":2112,"n":"Sauce Béchamel Bridélice 3x20cl","p":2.85,"u":"4,75 €/L","img":"https://fd1-photos.leclercdrive.fr/image.ashx?id=2888458&use=l&cat=p&typeid=i","cat":284382},{"id":2114,"n":"Saucisse sèche Saint Azay Qualité supérieure - 250g","p":2.99,"u":"11,96 €/KG","img":"https://fd1-photos.leclercdrive.fr/image.ashx?id=2859149&use=l&cat=p&typeid=i","cat":316006},{"id":2121,"n":"Carottes râpées Menu Fraîcheur  Assaisonnées - 300g","p":0.69,"u":"2,30 €/KG","img":"https://fd1-photos.leclercdrive.fr/image.ashx?id=2816552&use=l&cat=p&typeid=i","cat":333657},{"id":2125,"n":"Tagliatelle fraîche Turini 350g","p":1.19,"u":"3,40 €/KG","img":"https://fd1-photos.leclercdrive.fr/image.ashx?id=2846514&use=l&cat=p&typeid=i","cat":333682},{"id":2126,"n":"Pâte brisée Tablier Blanc Prête à dérouler - 230g","p":0.65,"u":"2,83 €/KG","img":"https://fd1-photos.leclercdrive.fr/image.ashx?id=2635886&use=l&cat=p&typeid=i","cat":333681},{"id":2128,"n":"Bâtonnets Surimi Pêche Océan MSC - x12 - 200g","p":1.38,"u":"6,90 €/KG","img":"https://fd1-photos.leclercdrive.fr/image.ashx?id=2981837&use=l&cat=p&typeid=i","cat":285189},{"id":2129,"n":"Tarama Ronde des mers  Aux oeufs de cabillaud - 100g","p":0.99,"u":"9,90 €/KG","img":"https://fd1-photos.leclercdrive.fr/image.ashx?id=2824600&use=l&cat=p&typeid=i","cat":315999},{"id":2130,"n":"Filets d'anchois Pêche Océan Huile d'olive - 50g","p":1.36,"u":"27,20 €/KG","img":"https://fd1-photos.leclercdrive.fr/image.ashx?id=2992498&use=l&cat=p&typeid=i","cat":285190},{"id":2139,"n":"Gants jetables Mamison latex T7 x10","p":1.33,"img":"https://fd1-photos.leclercdrive.fr/image.ashx?id=2742688&use=l&cat=p&typeid=i","cat":284668},{"id":2141,"n":"Crème nettoyante Clair 3en1 - 750ml","p":1.15,"u":"1,53 €/L","img":"https://fd1-photos.leclercdrive.fr/image.ashx?id=2868310&use=l&cat=p&typeid=i","cat":325357},{"id":2164,"n":"Enveloppes Esquisse adhésives C6 100x80g","p":2.39,"img":"https://fd1-photos.leclercdrive.fr/image.ashx?id=1928740&use=l&cat=p&typeid=i","cat":284697},{"id":2166,"n":"Piles Foxter AA/LR6 1,5V - x4","p":0.99,"u":"0,25 €/P","img":"https://fd1-photos.leclercdrive.fr/image.ashx?id=2162156&use=l&cat=p&typeid=i","cat":300572},{"id":2175,"n":"Sucre cristal Saint Louis Sachet 1 kg","p":2.13,"u":"2,13 €/KG","img":"https://fd1-photos.leclercdrive.fr/image.ashx?id=2624245&use=l&cat=p&typeid=i","cat":284502},{"id":2179,"n":"Barres céréales Special K  Kellogg's Chocolat - 6x21,5g","p":2.11,"u":"16,36 €/KG","img":"https://fd1-photos.leclercdrive.fr/image.ashx?id=3011113&use=l&cat=p&typeid=i","cat":285869},{"id":2185,"n":"boisson végétale soja  sans sucre bio bjorg nature 1l","p":1.65,"u":"1,65 €/L","img":"https://fd1-photos.leclercdrive.fr/image.ashx?id=2939385&use=l&cat=p&typeid=i","cat":316067},{"id":2187,"n":"Mascarpone Les Croisés - 250g","p":1.78,"u":"7,12 €/KG","img":"https://fd1-photos.leclercdrive.fr/image.ashx?id=2123620&use=l&cat=p&typeid=i","cat":314026},{"id":2192,"n":"Papier aluminium Elembal 50m","p":4.4,"img":"https://fd1-photos.leclercdrive.fr/image.ashx?id=2940899&use=l&cat=p&typeid=i","cat":334134},{"id":2193,"n":"Film étirable Elembal 2en1 20m","p":1.25,"img":"https://fd1-photos.leclercdrive.fr/image.ashx?id=2059962&use=l&cat=p&typeid=i","cat":334134},{"id":2194,"n":"Sacs congélation Elembal Moyen modèle x50","p":1.08,"img":"https://fd1-photos.leclercdrive.fr/image.ashx?id=2257205&use=l&cat=p&typeid=i","cat":334134},{"id":2195,"n":"Sacs poubelle 30L Elembal Poignées coulissantes - x20","p":2.11,"u":"0,11 €/P","img":"https://fd1-photos.leclercdrive.fr/image.ashx?id=2791740&use=l&cat=p&typeid=i","cat":285168},{"id":2198,"n":"Cassoulet La Belle Chaurienne Porc 4/4 840g","p":4.72,"u":"5,62 €/KG","img":"https://fd1-photos.leclercdrive.fr/image.ashx?id=2837355&use=l&cat=p&typeid=i","cat":284440},{"id":2200,"n":"Muffins nature Epi d'Or x4 - 250g","p":1.51,"u":"6,04 €/KG","img":"https://fd1-photos.leclercdrive.fr/image.ashx?id=2939052&use=l&cat=p&typeid=i","cat":284985},{"id":2203,"n":"Palermo rouge Sans alcool - 1L","p":3.49,"u":"3,49 €/L","img":"https://fd1-photos.leclercdrive.fr/image.ashx?id=1866952&use=l&cat=p&typeid=i","cat":284549},{"id":2217,"n":"Soin dents Polident Anti-bactérien comprimés x108","p":3.54,"u":"0,03 €/P","img":"https://fd1-photos.leclercdrive.fr/image.ashx?id=2557242&use=l&cat=p&typeid=i","cat":285158},{"id":2224,"n":"Boisson lactée Candy'UP Chocolat - 6x20cl","p":2.47,"u":"2,06 €/L","img":"https://fd1-photos.leclercdrive.fr/image.ashx?id=2485635&use=l&cat=p&typeid=i","cat":295246},{"id":2236,"n":"Sucre vanillé Vahiné 10 sachets - 75g","p":1.44,"u":"19,20 €/KG","img":"https://fd1-photos.leclercdrive.fr/image.ashx?id=2490536&use=l&cat=p&typeid=i","cat":294686},{"id":2237,"n":"Arôme Fleur d'oranger Vahiné 200ml","p":1.4,"u":"7,00 €/L","img":"https://fd1-photos.leclercdrive.fr/image.ashx?id=2983231&use=l&cat=p&typeid=i","cat":284504},{"id":2238,"n":"Arôme vanille Vahiné 200ml","p":2.49,"u":"12,45 €/L","img":"https://fd1-photos.leclercdrive.fr/image.ashx?id=2490551&use=l&cat=p&typeid=i","cat":284504},{"id":2239,"n":"Gélatine alimentaire Vahiné 9 feuilles - 17g","p":1.24,"u":"72,94 €/KG","img":"https://fd1-photos.leclercdrive.fr/image.ashx?id=2876305&use=l&cat=p&typeid=i","cat":284504},{"id":2257,"n":"Crème Hydratante Soft Nivea Visage Corps Mains - 75ml","p":1.59,"u":"22,71 €/L","img":"https://fd1-photos.leclercdrive.fr/image.ashx?id=3005215&use=l&cat=p&typeid=i","cat":325350},{"id":2277,"n":"Gel lubrifiant Intimy Classic - 70ml","p":2.69,"u":"38,43 €/L","img":"https://fd1-photos.leclercdrive.fr/image.ashx?id=2927330&use=l&cat=p&typeid=i","cat":285160},{"id":2279,"n":"Eau oxygénée Mercurochrome 200ml","p":1.51,"u":"7,55 €/L","img":"https://fd1-photos.leclercdrive.fr/image.ashx?id=2663980&use=l&cat=p&typeid=i","cat":284630},{"id":2280,"n":"Compresses stériles Mercurochrome - x60","p":5.85,"u":"0,10 €/P","img":"https://fd1-photos.leclercdrive.fr/image.ashx?id=2731483&use=l&cat=p&typeid=i","cat":284630},{"id":2317,"n":"Mousse Coiffante Franck Provost Cheveux Bouclés - 200ml","p":4.16,"u":"20,80 €/L","img":"https://fd1-photos.leclercdrive.fr/image.ashx?id=2575606&use=l&cat=p&typeid=i","cat":284609},{"id":2322,"n":"Mousse Coiffante Dop Vivelle Extra boucle - 150ml","p":2.81,"u":"18,73 €/L","img":"https://fd1-photos.leclercdrive.fr/image.ashx?id=2574823&use=l&cat=p&typeid=i","cat":284609},{"id":2336,"n":"Baume soin Après-Rasage Mennen Peaux Sensibles - 100ml","p":3.63,"u":"36,30 €/L","img":"https://fd1-photos.leclercdrive.fr/image.ashx?id=2517905&use=l&cat=p&typeid=i","cat":288147},{"id":2438,"n":"Eponges Spontex grattantes Stop-graisse x2","p":1.16,"u":"0,58 €/P","img":"https://fd1-photos.leclercdrive.fr/image.ashx?id=2973078&use=l&cat=p&typeid=i","cat":284667},{"id":2441,"n":"Préservatifs Durex Love Faciles et rapides à poser x6","p":2.09,"u":"0,35 €/P","img":"https://fd1-photos.leclercdrive.fr/image.ashx?id=2963895&use=l&cat=p&typeid=i","cat":284631},{"id":2484,"n":"Dentifrice Signal Haleine Pure 75ml","p":1.32,"u":"17,60 €/L","img":"https://fd1-photos.leclercdrive.fr/image.ashx?id=1984459&use=l&cat=p&typeid=i","cat":284612},{"id":2503,"n":"Biscuit vanille citron Gerlinéa  encas minceur - 156g","p":1.73,"u":"11,53 €/KG","img":"https://fd1-photos.leclercdrive.fr/image.ashx?id=2654779&use=l&cat=p&typeid=i","cat":318651},{"id":2504,"n":"Levure de bière Gerblé à saupoudrer - 150g","p":2.38,"u":"15,87 €/KG","img":"https://fd1-photos.leclercdrive.fr/image.ashx?id=2575036&use=l&cat=p&typeid=i","cat":288382},{"id":2505,"n":"Crème au chocolat GERLINEA   Repas minceur - 3x210g","p":4.45,"u":"7,06 €/KG","img":"https://fd1-photos.leclercdrive.fr/image.ashx?id=2653450&use=l&cat=p&typeid=i","cat":318652},{"id":2506,"n":"Coupelle crème Gerlinea Vanille caramel -  3x210g","p":3.99,"u":"6,33 €/KG","img":"https://fd1-photos.leclercdrive.fr/image.ashx?id=2653453&use=l&cat=p&typeid=i","cat":318652},{"id":2510,"n":"Biscuits soja figue GERBLE   - 4x4, 270g","p":1.89,"u":"7,00 €/KG","img":"https://fd1-photos.leclercdrive.fr/image.ashx?id=2812720&use=l&cat=p&typeid=i","cat":318651},{"id":2511,"n":"Biscuits diététiques Gerblé Soja Orange - 280g","p":1.46,"u":"5,21 €/KG","img":"https://fd1-photos.leclercdrive.fr/image.ashx?id=2623166&use=l&cat=p&typeid=i","cat":318651},{"id":2525,"n":"Cerneaux noix Couleurs Vives 125g","p":1.78,"u":"14,83 €/KG","img":"https://fd1-photos.leclercdrive.fr/image.ashx?id=2886436&use=l&cat=p&typeid=i","cat":284357},{"id":2530,"n":"Salade Notre Jardin Mâche - 125g","p":0.95,"u":"7,60 €/KG","img":"https://fd1-photos.leclercdrive.fr/image.ashx?id=2739514&use=l&cat=p&typeid=i","cat":284353},{"id":2531,"n":"Salade Notre Jardin Coeurs de laitue - 200g","p":0.99,"u":"4,95 €/KG","img":"https://fd1-photos.leclercdrive.fr/image.ashx?id=2720139&use=l&cat=p&typeid=i","cat":284353},{"id":2532,"n":"Laitue Iceberg Notre Jardin 300g","p":0.89,"u":"2,97 €/KG","img":"https://fd1-photos.leclercdrive.fr/image.ashx?id=2720151&use=l&cat=p&typeid=i","cat":284353},{"id":2542,"n":"Savon mains en gel Palmolive Antibactériens - 300ml","p":1.32,"u":"4,40 €/L","img":"https://fd1-photos.leclercdrive.fr/image.ashx?id=2831068&use=l&cat=p&typeid=i","cat":284597},{"id":2570,"n":"Spray Cheveux L'Oréal Paris Fixation Normale - 150ml","p":3.58,"u":"23,87 €/L","img":"https://fd1-photos.leclercdrive.fr/image.ashx?id=2576160&use=l&cat=p&typeid=i","cat":284609},{"id":2571,"n":"Gel Coiffant L'Oréal Paris Ultra Fixant 24H - 150ml","p":3.48,"u":"23,20 €/L","img":"https://fd1-photos.leclercdrive.fr/image.ashx?id=2576163&use=l&cat=p&typeid=i","cat":284609},{"id":2574,"n":"Gel Coiffant L'Oréal Paris Gel Ultra Fixant 24h - 150ml","p":3.79,"u":"25,27 €/L","img":"https://fd1-photos.leclercdrive.fr/image.ashx?id=2833240&use=l&cat=p&typeid=i","cat":284609},{"id":2576,"n":"Soin anti-âge L'Oréal Paris Age Perfect - 50ml","p":8.35,"u":"167,00 €/L","img":"https://fd1-photos.leclercdrive.fr/image.ashx?id=2867356&use=l&cat=p&typeid=i","cat":325345},{"id":2588,"n":"Eau minérale Thonon 6x1.5L","p":2.7,"u":"0,30 €/L","img":"https://fd1-photos.leclercdrive.fr/image.ashx?id=2915557&use=l&cat=p&typeid=i","cat":284535},{"id":2613,"n":"Lait demi-écrémé UHT Délisse Bouteille - 6x1L","p":6.3,"u":"1,05 €/L","img":"https://fd1-photos.leclercdrive.fr/image.ashx?id=2970533&use=l&cat=p&typeid=i","cat":284377},{"id":2614,"n":"Lait demi-écrémé Délisse UHT Bouteille -  6x50cl","p":4.74,"u":"1,58 €/L","img":"https://fd1-photos.leclercdrive.fr/image.ashx?id=2970560&use=l&cat=p&typeid=i","cat":284377},{"id":2617,"n":"Lait Bio demi-écrémé Lactel UHT Bouteille - 6x50cl","p":5.78,"u":"1,93 €/L","img":"https://fd1-photos.leclercdrive.fr/image.ashx?id=2892766&use=l&cat=p&typeid=i","cat":284377},{"id":2619,"n":"Lait bio Bio Village Bouteille  Demi-écrémé UHT -  6x1L","p":6.48,"u":"1,08 €/L","img":"https://fd1-photos.leclercdrive.fr/image.ashx?id=2969997&use=l&cat=p&typeid=i","cat":284377},{"id":2623,"n":"Joker Pur Jus Engagé  Multifruits - 1L","p":2.35,"u":"2,35 €/L","img":"https://fd1-photos.leclercdrive.fr/image.ashx?id=3001287&use=l&cat=p&typeid=i","cat":284917},{"id":2631,"n":"Salade Catalane Petit Navire 220g","p":2.05,"u":"9,32 €/KG","img":"https://fd1-photos.leclercdrive.fr/image.ashx?id=2796213&use=l&cat=p&typeid=i","cat":284437},{"id":2638,"n":"Eau minérale Courmayeur 6x1.5L","p":2.77,"u":"0,31 €/L","img":"https://fd1-photos.leclercdrive.fr/image.ashx?id=2964105&use=l&cat=p&typeid=i","cat":284535},{"id":2649,"n":"Eau de source de Montagne 6x1.5L","p":1.68,"u":"0,19 €/L","img":"https://fd1-photos.leclercdrive.fr/image.ashx?id=2727617&use=l&cat=p&typeid=i","cat":284535},{"id":2650,"n":"Whisky William Lawson's Finest Blend 40° - 100cl","p":17.88,"u":"17,88 €/L","img":"https://fd1-photos.leclercdrive.fr/image.ashx?id=2966134&use=l&cat=p&typeid=i","cat":284547},{"id":2684,"n":"Fromage Camembert NRT AOP  de Normandie - 250g","p":3.39,"u":"13,56 €/KG","img":"https://fd1-photos.leclercdrive.fr/image.ashx?id=2188712&use=l&cat=p&typeid=i","cat":314033},{"id":2722,"n":"Yaourts aromatisés Délisse Vanille - 8x125g","p":2.58,"u":"2,58 €/KG","img":"https://fd1-photos.leclercdrive.fr/image.ashx?id=2758707&use=l&cat=p&typeid=i","cat":286006},{"id":2729,"n":"Pistaches grillées à sec Tokapi 300g","p":3.86,"u":"12,87 €/KG","img":"https://fd1-photos.leclercdrive.fr/image.ashx?id=2994172&use=l&cat=p&typeid=i","cat":284448},{"id":2737,"n":"Eau minérale Des Alpes  6x1.5L","p":2.1,"u":"0,23 €/L","img":"https://fd1-photos.leclercdrive.fr/image.ashx?id=2768667&use=l&cat=p&typeid=i","cat":284535},{"id":2742,"n":"Eau gazeuse San Pellegrino Minérale naturelle - 6x1L","p":3.77,"u":"0,63 €/L","img":"https://fd1-photos.leclercdrive.fr/image.ashx?id=2740316&use=l&cat=p&typeid=i","cat":284536},{"id":2743,"n":"Eau gazeuse  Badoit verte finement pétillante - 6x50cl","p":2.82,"u":"0,94 €/L","img":"https://fd1-photos.leclercdrive.fr/image.ashx?id=2983081&use=l&cat=p&typeid=i","cat":284536},{"id":2755,"n":"Lait demi-écrémé Lactel Vitamine D Bouteille - 6x1l","p":7.5,"u":"1,25 €/L","img":"https://fd1-photos.leclercdrive.fr/image.ashx?id=2889424&use=l&cat=p&typeid=i","cat":284377},{"id":2757,"n":"Lait Bio demi-écrémé Lactel  UHT Bouteille - 6x1l","p":9.25,"u":"1,54 €/L","img":"https://fd1-photos.leclercdrive.fr/image.ashx?id=2886918&use=l&cat=p&typeid=i","cat":284377},{"id":2758,"n":"Lait Matin Léger de Lactel Sans lactose 1.2% mg - 6x50cl","p":6.65,"u":"2,22 €/L","img":"https://fd1-photos.leclercdrive.fr/image.ashx?id=2883564&use=l&cat=p&typeid=i","cat":317169},{"id":2759,"n":"Lait Matin Léger de Lactel Sans lactose 1.2% mg - 6x1L","p":10.44,"u":"1,74 €/L","img":"https://fd1-photos.leclercdrive.fr/image.ashx?id=2883125&use=l&cat=p&typeid=i","cat":317169},{"id":2776,"n":"Crème Mains Réparatrice Mixa Mains abîmées - 100ml","p":2.22,"u":"22,20 €/L","img":"https://fd1-photos.leclercdrive.fr/image.ashx?id=2276024&use=l&cat=p&typeid=i","cat":325354},{"id":2777,"n":"Crème mains protectrice Mixa Anti-dessèchement - 100ml","p":2.22,"u":"22,20 €/L","img":"https://fd1-photos.leclercdrive.fr/image.ashx?id=2299873&use=l&cat=p&typeid=i","cat":325354},{"id":2779,"n":"Whisky William Lawson's Finest Blend 40° - 70cl","p":13.54,"u":"19,34 €/L","img":"https://fd1-photos.leclercdrive.fr/image.ashx?id=2848340&use=l&cat=p&typeid=i","cat":284547},{"id":2799,"n":"Fromage frais Délisse Fruits panachés - 24x50g","p":2.88,"u":"2,40 €/KG","img":"https://fd1-photos.leclercdrive.fr/image.ashx?id=2922494&use=l&cat=p&typeid=i","cat":284414},{"id":2813,"n":"Pizza Chèvre Turini Cuite au feu de bois - 420g","p":2.24,"u":"5,33 €/KG","img":"https://fd1-photos.leclercdrive.fr/image.ashx?id=2815214&use=l&cat=p&typeid=i","cat":284256},{"id":2814,"n":"Pizza 4 fromages Turini Cuite au feu de bois - 420g","p":2.29,"u":"5,45 €/KG","img":"https://fd1-photos.leclercdrive.fr/image.ashx?id=2815211&use=l&cat=p&typeid=i","cat":284256},{"id":2872,"n":"Poireau Botte 1kg","p":1.59,"u":"1,59 €/KG","img":"https://fd1-photos.leclercdrive.fr/image.ashx?id=1633169&use=l&cat=p&typeid=i","cat":284352},{"id":2875,"n":"Pains aux raisins  4x1P","p":3.6,"u":"0,90 €/P","img":"https://fd1-photos.leclercdrive.fr/image.ashx?id=557978&use=l&cat=p&typeid=i","cat":284984},{"id":2877,"n":"Chaussons aux pommes  4x1 p","p":3.95,"u":"0,99 €/P","img":"https://fd1-photos.leclercdrive.fr/image.ashx?id=2071013&use=l&cat=p&typeid=i","cat":284984},{"id":2882,"n":"Tarte aux pommes 6/8 parts 1p","p":5.5,"img":"https://fd1-photos.leclercdrive.fr/image.ashx?id=557985&use=l&cat=p&typeid=i","cat":284360},{"id":2883,"n":"Tarte aux fraises 6 parts 1p","p":13.95,"img":"https://fd1-photos.leclercdrive.fr/image.ashx?id=557986&use=l&cat=p&typeid=i","cat":284360},{"id":2886,"n":"Tartelettes aux fraises  300g","p":4.3,"u":"14,33 €/KG","img":"https://fd1-photos.leclercdrive.fr/image.ashx?id=557991&use=l&cat=p&typeid=i","cat":284360},{"id":2888,"n":"Eclairs saveur chocolat 2x1p","p":2.1,"u":"1,05 €/P","img":"https://fd1-photos.leclercdrive.fr/image.ashx?id=557993&use=l&cat=p&typeid=i","cat":284360},{"id":2889,"n":"Eclairs saveur café  2x1p","p":2.1,"u":"1,05 €/P","img":"https://fd1-photos.leclercdrive.fr/image.ashx?id=557994&use=l&cat=p&typeid=i","cat":284360},{"id":2896,"n":"Endive Sachet 1kg","p":3.89,"u":"3,89 €/KG","img":"https://fd1-photos.leclercdrive.fr/image.ashx?id=558004&use=l&cat=p&typeid=i","cat":284352},{"id":2929,"n":"Biscuits raisins GERBLE   - 4x4, 270g","p":1.84,"u":"6,81 €/KG","img":"https://fd1-photos.leclercdrive.fr/image.ashx?id=2662298&use=l&cat=p&typeid=i","cat":318651},{"id":2930,"n":"Biscuits pomme noisette GERBLE   4x4 - 230g","p":1.49,"u":"6,48 €/KG","img":"https://fd1-photos.leclercdrive.fr/image.ashx?id=2967753&use=l&cat=p&typeid=i","cat":318651},{"id":2931,"n":"Biscuit chocolat noir Gerblé  - 150g","p":1.95,"u":"13,00 €/KG","img":"https://fd1-photos.leclercdrive.fr/image.ashx?id=2664001&use=l&cat=p&typeid=i","cat":318651},{"id":2932,"n":"Biscuit miel sésame GERBLE  - 6x3,  162g","p":1.99,"u":"12,28 €/KG","img":"https://fd1-photos.leclercdrive.fr/image.ashx?id=2662277&use=l&cat=p&typeid=i","cat":318651},{"id":2933,"n":"Germe de blé Gerblé 250g","p":1.79,"u":"7,16 €/KG","img":"https://fd1-photos.leclercdrive.fr/image.ashx?id=2575060&use=l&cat=p&typeid=i","cat":288382},{"id":2934,"n":"Barres Amande GERBLE   - 6 sachets 150g","p":2.09,"u":"13,93 €/KG","img":"https://fd1-photos.leclercdrive.fr/image.ashx?id=2664088&use=l&cat=p&typeid=i","cat":318652},{"id":2935,"n":"Biscuits écorce confite GERBLE   - 4x5,  360g","p":1.57,"u":"4,36 €/KG","img":"https://fd1-photos.leclercdrive.fr/image.ashx?id=2662907&use=l&cat=p&typeid=i","cat":318651},{"id":2937,"n":"Biscuits goûter chocolat GERBLE  - 3x4,  250g","p":1.6,"u":"6,40 €/KG","img":"https://fd1-photos.leclercdrive.fr/image.ashx?id=2625181&use=l&cat=p&typeid=i","cat":318651},{"id":2938,"n":"Biscuits germe de blé GERBLE   - 5x5, 210g","p":1.25,"u":"5,95 €/KG","img":"https://fd1-photos.leclercdrive.fr/image.ashx?id=2573540&use=l&cat=p&typeid=i","cat":318651},{"id":2950,"n":"Biscuits lait chocolat GERBLE   - 5x4, 230g","p":1.58,"u":"6,87 €/KG","img":"https://fd1-photos.leclercdrive.fr/image.ashx?id=2575030&use=l&cat=p&typeid=i","cat":318651},{"id":2951,"n":"Biscuit chocolat GERLINEA  Encas minceur - 4x4, 200g","p":2.02,"u":"10,10 €/KG","img":"https://fd1-photos.leclercdrive.fr/image.ashx?id=2654770&use=l&cat=p&typeid=i","cat":318652},{"id":2965,"n":"Cereales Country Store Kellogg's - 750g","p":4.59,"u":"6,12 €/KG","img":"https://fd1-photos.leclercdrive.fr/image.ashx?id=2947805&use=l&cat=p&typeid=i","cat":309512},{"id":2968,"n":"Tablette chocolat Milka Chocolat lait/caramel - 2x100g","p":3.19,"u":"15,95 €/KG","img":"https://fd1-photos.leclercdrive.fr/image.ashx?id=3009146&use=l&cat=p&typeid=i","cat":284497},{"id":2969,"n":"Sticks et bretzels Tokapi 300g","p":1.2,"u":"4,00 €/KG","img":"https://fd1-photos.leclercdrive.fr/image.ashx?id=2431104&use=l&cat=p&typeid=i","cat":297000},{"id":2971,"n":"Chips ondulées Pom'Lisse  Nature - 150g","p":0.93,"u":"6,20 €/KG","img":"https://fd1-photos.leclercdrive.fr/image.ashx?id=2657196&use=l&cat=p&typeid=i","cat":284447},{"id":2973,"n":"Chips Pom'Lisse Barbecue - 135g","p":0.89,"u":"6,59 €/KG","img":"https://fd1-photos.leclercdrive.fr/image.ashx?id=2774046&use=l&cat=p&typeid=i","cat":284447},{"id":2975,"n":"Huile arachide Lesieur 1L","p":4.19,"u":"4,19 €/L","img":"https://fd1-photos.leclercdrive.fr/image.ashx?id=2916845&use=l&cat=p&typeid=i","cat":284453},{"id":2988,"n":"Dessert fruits mixés Sojasun Framboise / Passion - 4x100g","p":1.55,"u":"3,88 €/KG","img":"https://fd1-photos.leclercdrive.fr/image.ashx?id=2355671&use=l&cat=p&typeid=i","cat":316071},{"id":3010,"n":"Sauce Mexicaine Tables du Monde Hot - 315g","p":1.49,"u":"4,73 €/KG","img":"https://fd1-photos.leclercdrive.fr/image.ashx?id=2476960&use=l&cat=p&typeid=i","cat":288993},{"id":3011,"n":"Sauce Mexicaine Tables du Monde Medium - 315g","p":1.49,"u":"4,73 €/KG","img":"https://fd1-photos.leclercdrive.fr/image.ashx?id=2476963&use=l&cat=p&typeid=i","cat":288993},{"id":3012,"n":"Sauce Fajitas Tables du Monde 430g","p":1.97,"u":"4,58 €/KG","img":"https://fd1-photos.leclercdrive.fr/image.ashx?id=2470228&use=l&cat=p&typeid=i","cat":288993},{"id":3013,"n":"Pain de mie 7 céréales Epi d'Or Grandes tranches - 550g","p":1.19,"u":"2,16 €/KG","img":"https://fd1-photos.leclercdrive.fr/image.ashx?id=1959532&use=l&cat=p&typeid=i","cat":284477},{"id":3028,"n":"Brioche tranchée Epi d'Or Pépites de chocolat 500g","p":2.09,"u":"4,18 €/KG","img":"https://fd1-photos.leclercdrive.fr/image.ashx?id=2867901&use=l&cat=p&typeid=i","cat":284478},{"id":3033,"n":"Pâtes fraîches Turini Fettuccini - 350g","p":1.49,"u":"4,26 €/KG","img":"https://fd1-photos.leclercdrive.fr/image.ashx?id=2882313&use=l&cat=p&typeid=i","cat":333682},{"id":3034,"n":"Fromage Parmesan Parmareggio 60g","p":1.43,"u":"23,83 €/KG","img":"https://fd1-photos.leclercdrive.fr/image.ashx?id=2975458&use=l&cat=p&typeid=i","cat":314035},{"id":3040,"n":"Beurre moulé bio Bio Village Doux - 82% MG - 250g","p":2.99,"u":"11,96 €/KG","img":"https://fd1-photos.leclercdrive.fr/image.ashx?id=2437052&use=l&cat=p&typeid=i","cat":284379},{"id":3041,"n":"Beurre moulé bio Bio Village Demi-sel - 80% MG - 250g","p":2.99,"u":"11,96 €/KG","img":"https://fd1-photos.leclercdrive.fr/image.ashx?id=2437055&use=l&cat=p&typeid=i","cat":284379},{"id":3052,"n":"Dentifrice Menthe Fluoryl Gencives Sensibles - 75ml","p":1.79,"u":"23,87 €/L","img":"https://fd1-photos.leclercdrive.fr/image.ashx?id=2473312&use=l&cat=p&typeid=i","cat":284612},{"id":3055,"n":"Gel à raser féminin Siliss Velours abricot - 200ml","p":1.69,"u":"8,45 €/L","img":"https://fd1-photos.leclercdrive.fr/image.ashx?id=2699408&use=l&cat=p&typeid=i","cat":325352},{"id":3070,"n":"Serviette hygiénique Doulys Ultra - Normal+  - x14","p":1.29,"u":"0,09 €/P","img":"https://fd1-photos.leclercdrive.fr/image.ashx?id=2838915&use=l&cat=p&typeid=i","cat":284624},{"id":3072,"n":"Serviette hygiénique Doulys Maxi confort - Super - x16","p":1.45,"u":"0,09 €/P","img":"https://fd1-photos.leclercdrive.fr/image.ashx?id=2838912&use=l&cat=p&typeid=i","cat":284624},{"id":3093,"n":"Cake fruits P'tit déli Tranché 300g","p":1.66,"u":"5,53 €/KG","img":"https://fd1-photos.leclercdrive.fr/image.ashx?id=2823078&use=l&cat=p&typeid=i","cat":284493},{"id":3099,"n":"Mini cakes P'tit Déli  aux fruits x10","p":2.98,"u":"9,93 €/KG","img":"https://fd1-photos.leclercdrive.fr/image.ashx?id=2047019&use=l&cat=p&typeid=i","cat":284493},{"id":3101,"n":"Biscuits fourrés Chamonix LU Orange - 250g","p":1.56,"u":"6,24 €/KG","img":"https://fd1-photos.leclercdrive.fr/image.ashx?id=2982982&use=l&cat=p&typeid=i","cat":284489},{"id":3106,"n":"Biscuits Cookies P'tit Déli Noix coco Chocolat - 200g","p":1.39,"u":"6,95 €/KG","img":"https://fd1-photos.leclercdrive.fr/image.ashx?id=2896853&use=l&cat=p&typeid=i","cat":325066},{"id":3107,"n":"Biscuits petit beurre LU Pocket - 300g","p":1.98,"u":"6,60 €/KG","img":"https://fd1-photos.leclercdrive.fr/image.ashx?id=3001940&use=l&cat=p&typeid=i","cat":284487},{"id":3108,"n":"Biscuits petit déjeuner Prince Céréales - 300g","p":1.96,"u":"6,53 €/KG","img":"https://fd1-photos.leclercdrive.fr/image.ashx?id=2346648&use=l&cat=p&typeid=i","cat":284491},{"id":3126,"n":"Compote bébé Blédina 4-6 mois Banane - 2x130g","p":1.12,"u":"4,31 €/KG","img":"https://fd1-photos.leclercdrive.fr/image.ashx?id=2951548&use=l&cat=p&typeid=i","cat":312387},{"id":3142,"n":"Café et Chicorée Soluble Ricoré  Original - 100g","p":2.78,"u":"27,80 €/KG","img":"https://fd1-photos.leclercdrive.fr/image.ashx?id=2951542&use=l&cat=p&typeid=i","cat":284843},{"id":3144,"n":"Chocolat Tablette d'Or noir Extra 47% cacao 3x100g","p":2.78,"u":"9,27 €/KG","img":"https://fd1-photos.leclercdrive.fr/image.ashx?id=2982889&use=l&cat=p&typeid=i","cat":284956},{"id":3147,"n":"Madeleines P'tit déli coquilles 500g","p":1.7,"u":"3,40 €/KG","img":"https://fd1-photos.leclercdrive.fr/image.ashx?id=2999484&use=l&cat=p&typeid=i","cat":284492},{"id":3148,"n":"Madeleines longues P'tit déli Marbrées chocolat 250g","p":1.45,"u":"5,80 €/KG","img":"https://fd1-photos.leclercdrive.fr/image.ashx?id=2999490&use=l&cat=p&typeid=i","cat":284492},{"id":3152,"n":"Café Plantation  Kenya - 250g","p":3.92,"u":"15,68 €/KG","img":"https://fd1-photos.leclercdrive.fr/image.ashx?id=2607431&use=l&cat=p&typeid=i","cat":284750},{"id":3153,"n":"Café moulu Plantation  Tradition décaféiné - 250g","p":2.95,"u":"11,80 €/KG","img":"https://fd1-photos.leclercdrive.fr/image.ashx?id=2607407&use=l&cat=p&typeid=i","cat":284750},{"id":3158,"n":"Café moulu Plantation  doux - 2x250g","p":6.88,"u":"13,76 €/KG","img":"https://fd1-photos.leclercdrive.fr/image.ashx?id=2607428&use=l&cat=p&typeid=i","cat":284750},{"id":3166,"n":"Dessert fruitier pomme Douceur du Verger 16x100g","p":2.8,"u":"1,75 €/KG","img":"https://fd1-photos.leclercdrive.fr/image.ashx?id=3009776&use=l&cat=p&typeid=i","cat":284416},{"id":3169,"n":"Tortellini iTurini Ricotta épinard - 300g","p":1.48,"u":"4,93 €/KG","img":"https://fd1-photos.leclercdrive.fr/image.ashx?id=2846556&use=l&cat=p&typeid=i","cat":333682},{"id":3186,"n":"Liquide vaisselle Visior citron 1,5L","p":2.15,"u":"1,43 €/L","img":"https://fd1-photos.leclercdrive.fr/image.ashx?id=2930852&use=l&cat=p&typeid=i","cat":284655},{"id":3193,"n":"Aérosol désodorisant Oust Fraîcheur propre 300ml","p":1.72,"u":"5,73 €/L","img":"https://fd1-photos.leclercdrive.fr/image.ashx?id=1715230&use=l&cat=p&typeid=i","cat":311626},{"id":3195,"n":"Coton Primoplast prédécoupé 100g","p":0.98,"u":"9,80 €/KG","img":"https://fd1-photos.leclercdrive.fr/image.ashx?id=2856453&use=l&cat=p&typeid=i","cat":284630},{"id":3200,"n":"Petits pains grillés Epi d'Or  Froment - 225g","p":0.8,"u":"3,56 €/KG","img":"https://fd1-photos.leclercdrive.fr/image.ashx?id=2496410&use=l&cat=p&typeid=i","cat":284479},{"id":3208,"n":"Confiture Allégée aux Fraises Andros - 350g","p":1.72,"u":"4,91 €/KG","img":"https://fd1-photos.leclercdrive.fr/image.ashx?id=2911229&use=l&cat=p&typeid=i","cat":284480},{"id":3212,"n":"Farine pour pain Francine Multi-céréales - 1,5kg","p":2.39,"u":"1,59 €/KG","img":"https://fd1-photos.leclercdrive.fr/image.ashx?id=2220611&use=l&cat=p&typeid=i","cat":284503},{"id":3215,"n":"Riz long Comptoir du Grain Etuvé - 1kg","p":1.72,"u":"1,72 €/KG","img":"https://fd1-photos.leclercdrive.fr/image.ashx?id=2076640&use=l&cat=p&typeid=i","cat":284428},{"id":3217,"n":"Riz Basmati Comptoir du Grain Sélection Riz long - 500g","p":1.35,"u":"2,70 €/KG","img":"https://fd1-photos.leclercdrive.fr/image.ashx?id=2076643&use=l&cat=p&typeid=i","cat":284428},{"id":3220,"n":"Céréales Tipiak - Blé Maïs Soja Prêt en 4 min - 400g","p":1.36,"u":"3,40 €/KG","img":"https://fd1-photos.leclercdrive.fr/image.ashx?id=2989144&use=l&cat=p&typeid=i","cat":284429},{"id":3221,"n":"Purée pomme de terre Pom'lisse Nature - 8x125g - 1kg","p":3.19,"u":"3,19 €/KG","img":"https://fd1-photos.leclercdrive.fr/image.ashx?id=2954573&use=l&cat=p&typeid=i","cat":284431},{"id":3223,"n":"Pâtes capellini Panzani 500g","p":1.07,"u":"2,14 €/KG","img":"https://fd1-photos.leclercdrive.fr/image.ashx?id=2876038&use=l&cat=p&typeid=i","cat":284427},{"id":3224,"n":"Pâtes Barilla Spaghetti n°5 - 1kg","p":1.8,"u":"1,80 €/KG","img":"https://fd1-photos.leclercdrive.fr/image.ashx?id=2481182&use=l&cat=p&typeid=i","cat":284427},{"id":3225,"n":"Pâtes Lasagnes Panzani - 500G","p":1.77,"u":"3,54 €/KG","img":"https://fd1-photos.leclercdrive.fr/image.ashx?id=2896105&use=l&cat=p&typeid=i","cat":284427},{"id":3226,"n":"Pâtes cannelloni Panzani  A farcir - 250g","p":1.07,"u":"4,28 €/KG","img":"https://fd1-photos.leclercdrive.fr/image.ashx?id=2896108&use=l&cat=p&typeid=i","cat":284427},{"id":3229,"n":"Biscuits galettes St Michel 2x130g","p":1.7,"u":"6,54 €/KG","img":"https://fd1-photos.leclercdrive.fr/image.ashx?id=2947721&use=l&cat=p&typeid=i","cat":284487},{"id":3233,"n":"Haricots verts Notre Jardin Extra fins - 220g","p":1.89,"u":"8,59 €/KG","img":"https://fd1-photos.leclercdrive.fr/image.ashx?id=2988018&use=l&cat=p&typeid=i","cat":312606},{"id":3239,"n":"Biscuit Petit beurre P'tit Déli Tablette chocolat noir - 150g","p":1.37,"u":"9,13 €/KG","img":"https://fd1-photos.leclercdrive.fr/image.ashx?id=2949170&use=l&cat=p&typeid=i","cat":284488},{"id":3240,"n":"Biscuit Petit beurre P'tit Déli Tablette lait noisette - 150g","p":1.61,"u":"10,73 €/KG","img":"https://fd1-photos.leclercdrive.fr/image.ashx?id=2523673&use=l&cat=p&typeid=i","cat":284488},{"id":3253,"n":"Escargots Maître Coquille De Bourgogne x48 - 355g","p":12.99,"u":"36,59 €/KG","img":"https://fd1-photos.leclercdrive.fr/image.ashx?id=1979671&use=l&cat=p&typeid=i","cat":319775},{"id":3255,"n":"Bûche glacée Eskiss Fruits exotiques - 570g","p":3.87,"u":"6,79 €/KG","img":"https://fd1-photos.leclercdrive.fr/image.ashx?id=2791260&use=l&cat=p&typeid=i","cat":284266},{"id":3257,"n":"Bûche glacée Eskiss 3 chocolats - 536g","p":3.49,"u":"6,51 €/KG","img":"https://fd1-photos.leclercdrive.fr/image.ashx?id=2791254&use=l&cat=p&typeid=i","cat":284266},{"id":3258,"n":"Champignons Paris Notre Jardin Pieds et morceaux - 460g","p":2.29,"u":"4,98 €/KG","img":"https://fd1-photos.leclercdrive.fr/image.ashx?id=2553893&use=l&cat=p&typeid=i","cat":312610},{"id":3260,"n":"Noix de Saint Jacques NRT de la baie de St-Brieuc - 300g","p":15.4,"u":"51,33 €/KG","img":"https://fd1-photos.leclercdrive.fr/image.ashx?id=2801064&use=l&cat=p&typeid=i","cat":319787},{"id":3262,"n":"Carottes Notre Jardin Extra-fines - 530g","p":1.69,"u":"3,19 €/KG","img":"https://fd1-photos.leclercdrive.fr/image.ashx?id=1993550&use=l&cat=p&typeid=i","cat":312607},{"id":3263,"n":"Champignons Paris Notre Jardin Entiers - 460g","p":2.69,"u":"5,85 €/KG","img":"https://fd1-photos.leclercdrive.fr/image.ashx?id=2553887&use=l&cat=p&typeid=i","cat":312610},{"id":3269,"n":"Coeurs de palmiers Notre Jardin Extra tendres - 220g","p":2.27,"u":"10,32 €/KG","img":"https://fd1-photos.leclercdrive.fr/image.ashx?id=2072701&use=l&cat=p&typeid=i","cat":312611},{"id":3270,"n":"Coeurs de palmiers Notre Jardin Extra tendres - 250g","p":4.74,"u":"18,96 €/KG","img":"https://fd1-photos.leclercdrive.fr/image.ashx?id=2599137&use=l&cat=p&typeid=i","cat":312611},{"id":3271,"n":"Maïs Notre Jardin Tendre - 3x140g","p":1.89,"u":"4,50 €/KG","img":"https://fd1-photos.leclercdrive.fr/image.ashx?id=2074653&use=l&cat=p&typeid=i","cat":312611},{"id":3272,"n":"Asperges blanches grosses Notre Jardin - 320g","p":3.49,"u":"10,91 €/KG","img":"https://fd1-photos.leclercdrive.fr/image.ashx?id=2049016&use=l&cat=p&typeid=i","cat":312611},{"id":3277,"n":"Chips à l'ancienne Pom'lisse Nature - 6x30g","p":1.58,"u":"8,78 €/KG","img":"https://fd1-photos.leclercdrive.fr/image.ashx?id=2657193&use=l&cat=p&typeid=i","cat":284447},{"id":3282,"n":"Moutarde Amora Mi-forte - 230g Divers coloris","p":1.81,"u":"7,87 €/KG","img":"https://fd1-photos.leclercdrive.fr/image.ashx?id=2504473&use=l&cat=p&typeid=i","cat":288850},{"id":3285,"n":"Vinaigre balsamique Rustica 50cl","p":1.57,"u":"3,14 €/L","img":"https://fd1-photos.leclercdrive.fr/image.ashx?id=2765701&use=l&cat=p&typeid=i","cat":298543},{"id":3292,"n":"Tomates pelées Notre Jardin Entières - 238g","p":0.85,"u":"3,57 €/KG","img":"https://fd1-photos.leclercdrive.fr/image.ashx?id=2190002&use=l&cat=p&typeid=i","cat":312608},{"id":3305,"n":"Sauce Provençale Turini 420g","p":0.97,"u":"2,31 €/KG","img":"https://fd1-photos.leclercdrive.fr/image.ashx?id=2047010&use=l&cat=p&typeid=i","cat":287599},{"id":3308,"n":"Pur jus de carotte Jafaden - 1L","p":2.29,"u":"2,29 €/L","img":"https://fd1-photos.leclercdrive.fr/image.ashx?id=2860712&use=l&cat=p&typeid=i","cat":284523},{"id":3309,"n":"Pur jus de pomme Jafaden 1L","p":1.34,"u":"1,34 €/L","img":"https://fd1-photos.leclercdrive.fr/image.ashx?id=2955632&use=l&cat=p&typeid=i","cat":284522},{"id":3310,"n":"Pur jus de pomme Bio Village Bio - 1L","p":1.49,"u":"1,49 €/L","img":"https://fd1-photos.leclercdrive.fr/image.ashx?id=2901527&use=l&cat=p&typeid=i","cat":284522},{"id":3311,"n":"Thé glacé Fresh Tea Pêche - 1,5L","p":1.25,"u":"0,83 €/L","img":"https://fd1-photos.leclercdrive.fr/image.ashx?id=2982601&use=l&cat=p&typeid=i","cat":295019},{"id":3316,"n":"Sirop Frucci Grenadine - 1L","p":2.76,"u":"2,76 €/L","img":"https://fd1-photos.leclercdrive.fr/image.ashx?id=2954073&use=l&cat=p&typeid=i","cat":295020},{"id":3338,"n":"Protège-slips Doulys Mince - Plié - x30","p":1.25,"u":"0,04 €/P","img":"https://fd1-photos.leclercdrive.fr/image.ashx?id=2824129&use=l&cat=p&typeid=i","cat":284625},{"id":3343,"n":"Vodka Poliakov 37.5%vol - 70cl","p":11.09,"u":"15,84 €/L","img":"https://fd1-photos.leclercdrive.fr/image.ashx?id=2810759&use=l&cat=p&typeid=i","cat":284550},{"id":3344,"n":"Nectar Jafaden Banane - 1L","p":2.09,"u":"2,09 €/L","img":"https://fd1-photos.leclercdrive.fr/image.ashx?id=2955701&use=l&cat=p&typeid=i","cat":284915},{"id":3355,"n":"World Mix Haribo Sachet bonbons - 500g","p":2.79,"u":"5,58 €/KG","img":"https://fd1-photos.leclercdrive.fr/image.ashx?id=2805207&use=l&cat=p&typeid=i","cat":304250},{"id":3356,"n":"Banan's Haribo Sachet bonbons - 300g","p":1.44,"u":"4,80 €/KG","img":"https://fd1-photos.leclercdrive.fr/image.ashx?id=1739936&use=l&cat=p&typeid=i","cat":304250},{"id":3359,"n":"Compote Andros Pomme 750g","p":1.49,"u":"1,99 €/KG","img":"https://fd1-photos.leclercdrive.fr/image.ashx?id=2327716&use=l&cat=p&typeid=i","cat":284508},{"id":3361,"n":"Pâtée chats Gourmet gold Mousselines 4x85g","p":1.97,"u":"5,79 €/KG","img":"https://fd1-photos.leclercdrive.fr/image.ashx?id=2711103&use=l&cat=p&typeid=i","cat":285286},{"id":3364,"n":"Huile de douche Manava Bien être oriental 250ml","p":1.16,"u":"4,64 €/L","img":"https://fd1-photos.leclercdrive.fr/image.ashx?id=2809659&use=l&cat=p&typeid=i","cat":284594},{"id":3371,"n":"Kit Fajitas Tables du Monde 505g","p":2.79,"u":"5,52 €/KG","img":"https://fd1-photos.leclercdrive.fr/image.ashx?id=2679726&use=l&cat=p&typeid=i","cat":288993},{"id":3372,"n":"Terrines Tous Mes Amis Pour chats  3 saveurs - 3x400g","p":3.29,"u":"2,74 €/KG","img":"https://fd1-photos.leclercdrive.fr/image.ashx?id=2865050&use=l&cat=p&typeid=i","cat":285601},{"id":3373,"n":"Tortillas Tables du Monde Galettes de blé x8 320g","p":1.71,"u":"5,34 €/KG","img":"https://fd1-photos.leclercdrive.fr/image.ashx?id=2679729&use=l&cat=p&typeid=i","cat":288993},{"id":3375,"n":"Lingettes bébé Mots d'Enfants Toilettes fruits rouges - x60","p":1.7,"u":"0,03 €/P","img":"https://fd1-photos.leclercdrive.fr/image.ashx?id=2856465&use=l&cat=p&typeid=i","cat":284738},{"id":3376,"n":"Café moulu Bio Village Bio  Pérou - 250g","p":4.21,"u":"16,84 €/KG","img":"https://fd1-photos.leclercdrive.fr/image.ashx?id=2552436&use=l&cat=p&typeid=i","cat":284750},{"id":3387,"n":"Gel à raser Carré Homme Vitaminé protecteur 200ml","p":1.89,"u":"9,45 €/L","img":"https://fd1-photos.leclercdrive.fr/image.ashx?id=2704642&use=l&cat=p&typeid=i","cat":284617},{"id":3393,"n":"Dentifrice Protection Signal Caries 100ml","p":1.16,"u":"11,60 €/L","img":"https://fd1-photos.leclercdrive.fr/image.ashx?id=2961810&use=l&cat=p&typeid=i","cat":284612},{"id":3395,"n":"Dentifrice Dentamyl Aux plantes 75ml","p":0.94,"u":"12,53 €/L","img":"https://fd1-photos.leclercdrive.fr/image.ashx?id=2489104&use=l&cat=p&typeid=i","cat":284612},{"id":3396,"n":"Dentifrice Dentamyl Haleine fraîche 75ml","p":0.76,"u":"10,13 €/L","img":"https://fd1-photos.leclercdrive.fr/image.ashx?id=2489101&use=l&cat=p&typeid=i","cat":284612},{"id":3401,"n":"Serviette hygiénique Doulys Maxi - Spécial nuit - x12","p":0.95,"u":"0,08 €/P","img":"https://fd1-photos.leclercdrive.fr/image.ashx?id=2838927&use=l&cat=p&typeid=i","cat":284624},{"id":3412,"n":"Soupe de poissons Régal Soupe 1L","p":2.69,"u":"2,69 €/L","img":"https://fd1-photos.leclercdrive.fr/image.ashx?id=2607410&use=l&cat=p&typeid=i","cat":287366},{"id":3413,"n":"Asperges blanches Notre Jardin Pointes - 110g","p":2.35,"u":"21,36 €/KG","img":"https://fd1-photos.leclercdrive.fr/image.ashx?id=2049022&use=l&cat=p&typeid=i","cat":312611},{"id":3416,"n":"Ratatouille Notre Jardin A la provençale - 750g","p":1.29,"u":"1,72 €/KG","img":"https://fd1-photos.leclercdrive.fr/image.ashx?id=2526291&use=l&cat=p&typeid=i","cat":312612},{"id":3421,"n":"Huile Fruit d'Or végétale 1L","p":3.62,"u":"3,62 €/L","img":"https://fd1-photos.leclercdrive.fr/image.ashx?id=2916854&use=l&cat=p&typeid=i","cat":284453},{"id":3424,"n":"Plat moussaka Côté table 850g","p":4.51,"u":"5,31 €/KG","img":"https://fd1-photos.leclercdrive.fr/image.ashx?id=2045175&use=l&cat=p&typeid=i","cat":284254},{"id":3428,"n":"Feuilletés paniers Côté Table St Jacques Fruits de mer 4x100g","p":4.45,"u":"11,13 €/KG","img":"https://fd1-photos.leclercdrive.fr/image.ashx?id=2549379&use=l&cat=p&typeid=i","cat":319776},{"id":3429,"n":"Lasagnes bolognaises Côté table 1kg","p":3.5,"u":"3,50 €/KG","img":"https://fd1-photos.leclercdrive.fr/image.ashx?id=2545628&use=l&cat=p&typeid=i","cat":284254},{"id":3441,"n":"AOP Freixenet Cava Cordon Negro Brut - 75cl","p":5.7,"u":"7,60 €/L","img":"https://fd1-photos.leclercdrive.fr/image.ashx?id=3011929&use=l&cat=p&typeid=i","cat":289461},{"id":3455,"n":"Saumon et torsades Côté Table  Sauce à l'oseille - 300g","p":2.59,"u":"8,63 €/KG","img":"https://fd1-photos.leclercdrive.fr/image.ashx?id=2809075&use=l&cat=p&typeid=i","cat":284953},{"id":3459,"n":"Petit Pois et Carottes Cassegrain 465g","p":2.6,"u":"5,59 €/KG","img":"https://fd1-photos.leclercdrive.fr/image.ashx?id=2912971&use=l&cat=p&typeid=i","cat":312607},{"id":3461,"n":"Maïs Bonduelle Sans Sucres Ajoutés 285g","p":0.99,"u":"3,47 €/KG","img":"https://fd1-photos.leclercdrive.fr/image.ashx?id=2955303&use=l&cat=p&typeid=i","cat":312611},{"id":3462,"n":"Pain précuit Epi d'Or Demi-baguette x2 - 300g","p":0.65,"u":"2,17 €/KG","img":"https://fd1-photos.leclercdrive.fr/image.ashx?id=725862&use=l&cat=p&typeid=i","cat":325069},{"id":3508,"n":"Protège-slips Nana Fraicheur Qutodienne - Plié - x32","p":1.35,"u":"0,04 €/P","img":"https://fd1-photos.leclercdrive.fr/image.ashx?id=2986891&use=l&cat=p&typeid=i","cat":284625},{"id":3517,"n":"Bonbons Haribo Réglisse Carensac - 250g","p":1.68,"u":"6,72 €/KG","img":"https://fd1-photos.leclercdrive.fr/image.ashx?id=2982405&use=l&cat=p&typeid=i","cat":304250},{"id":3520,"n":"Boîtes chiens Lydog Terrines Viande volaille - 4x405g","p":3.47,"u":"2,14 €/KG","img":"https://fd1-photos.leclercdrive.fr/image.ashx?id=2815746&use=l&cat=p&typeid=i","cat":288578},{"id":3525,"n":"Crêpes fourrées P'tit déli Chocolat x8 - 256g","p":1.65,"u":"6,45 €/KG","img":"https://fd1-photos.leclercdrive.fr/image.ashx?id=2656335&use=l&cat=p&typeid=i","cat":284494},{"id":3528,"n":"Gel arnica Mercurochrome 75ml","p":2.29,"u":"30,53 €/L","img":"https://fd1-photos.leclercdrive.fr/image.ashx?id=2663989&use=l&cat=p&typeid=i","cat":284630},{"id":3549,"n":"IGP Pays d'Oc rosé J.P. Chenet 12.5% vol - 75cl","p":3.18,"u":"4,24 €/L","img":"https://fd1-photos.leclercdrive.fr/image.ashx?id=2985108&use=l&cat=p&typeid=i","cat":289558},{"id":3550,"n":"AOP Côtes de Provence rosé Billette Bouquet - 75cl","p":5.8,"u":"7,73 €/L","img":"https://fd1-photos.leclercdrive.fr/image.ashx?id=2625433&use=l&cat=p&typeid=i","cat":289558},{"id":3553,"n":"Whisky Chivas Regal 12 ans Blended Scotch 40% vol - 70cl","p":29.4,"pp":26.46,"u":"37,80 €/L","img":"https://fd1-photos.leclercdrive.fr/image.ashx?id=2914444&use=l&cat=p&typeid=i","cat":284547},{"id":3555,"n":"Whisky The Genlivet 12 ans 40%vol - 70cl","p":30.5,"pp":28.0,"u":"40,00 €/L","img":"https://fd1-photos.leclercdrive.fr/image.ashx?id=2885938&use=l&cat=p&typeid=i","cat":284547},{"id":3558,"n":"IGP Pays d'Oc rouge J-P Chenet Cabernet-Syrah 13% vol - 75 cl","p":3.18,"u":"4,24 €/L","img":"https://fd1-photos.leclercdrive.fr/image.ashx?id=2810864&use=l&cat=p&typeid=i","cat":289556},{"id":3559,"n":"IGP Pays d'Oc rouge J-P Chenet Merlot HVE - 75 cl","p":3.2,"u":"4,27 €/L","img":"https://fd1-photos.leclercdrive.fr/image.ashx?id=2837157&use=l&cat=p&typeid=i","cat":289556},{"id":3564,"n":"Vin de l'Union Européenne  La Villageoise - 6x25cl","p":4.17,"u":"2,78 €/L","img":"https://fd1-photos.leclercdrive.fr/image.ashx?id=2731651&use=l&cat=p&typeid=i","cat":289557},{"id":3570,"n":"Concentré à diluer Pulco Citron - 70cl","p":2.23,"u":"3,19 €/L","img":"https://fd1-photos.leclercdrive.fr/image.ashx?id=2687845&use=l&cat=p&typeid=i","cat":295020},{"id":3571,"n":"Nectar Jafaden Abricot - 1L","p":2.59,"u":"2,59 €/L","img":"https://fd1-photos.leclercdrive.fr/image.ashx?id=2955713&use=l&cat=p&typeid=i","cat":284915},{"id":3575,"n":"Litière chats Tous mes Amis Végétale - 10L","p":4.39,"u":"0,44 €/L","img":"https://fd1-photos.leclercdrive.fr/image.ashx?id=2055217&use=l&cat=p&typeid=i","cat":284683},{"id":3576,"n":"Litière chats Tous mes Amis Minérale - Hygiénique - 10L","p":4.65,"u":"0,47 €/L","img":"https://fd1-photos.leclercdrive.fr/image.ashx?id=2055211&use=l&cat=p&typeid=i","cat":284683},{"id":3580,"n":"Le Haricot vert Cueilli Main Bonduelle Extra Fin 280g","p":2.47,"u":"8,82 €/KG","img":"https://fd1-photos.leclercdrive.fr/image.ashx?id=2910019&use=l&cat=p&typeid=i","cat":312606},{"id":3584,"n":"Macédoine de Légumes Bonduelle 530g","p":1.56,"u":"2,94 €/KG","img":"https://fd1-photos.leclercdrive.fr/image.ashx?id=2939235&use=l&cat=p&typeid=i","cat":312612},{"id":3587,"n":"AOP Bordeaux rouge Blaissac - 75cl","p":3.83,"u":"5,11 €/L","img":"https://fd1-photos.leclercdrive.fr/image.ashx?id=2917429&use=l&cat=p&typeid=i","cat":289556},{"id":3588,"n":"IGP Pays d'Oc rouge Roche Mazet Cabernet Sauvignon 12.5% 75cl","p":3.0,"pp":2.25,"u":"3,00 €/L","img":"https://fd1-photos.leclercdrive.fr/image.ashx?id=2333000&use=l&cat=p&typeid=i","cat":289556},{"id":3589,"n":"IGP Pays d'Oc rouge Roche Mazet Merlot - 75cl","p":2.97,"u":"3,96 €/L","img":"https://fd1-photos.leclercdrive.fr/image.ashx?id=2332997&use=l&cat=p&typeid=i","cat":289556},{"id":3590,"n":"IGP Pays d'Oc rosé Roche Mazet Cinsault Grenache 12% vol 75cl","p":3.0,"pp":2.25,"u":"3,00 €/L","img":"https://fd1-photos.leclercdrive.fr/image.ashx?id=2341510&use=l&cat=p&typeid=i","cat":289558},{"id":3593,"n":"Vin d'Italie rouge pétillant Vilaveroni Lambrusco- 75cl","p":3.95,"u":"5,27 €/L","img":"https://fd1-photos.leclercdrive.fr/image.ashx?id=2333021&use=l&cat=p&typeid=i","cat":289556},{"id":3599,"n":"IGP Pays d'Oc rosé Listel Grain De gris 12.5% vol - 75cl","p":3.5,"u":"4,67 €/L","img":"https://fd1-photos.leclercdrive.fr/image.ashx?id=2556135&use=l&cat=p&typeid=i","cat":289558},{"id":3600,"n":"Miel Lune de Miel Tartimiel 250g","p":2.17,"u":"8,68 €/KG","img":"https://fd1-photos.leclercdrive.fr/image.ashx?id=2662610&use=l&cat=p&typeid=i","cat":287643},{"id":3604,"n":"Allume-feu Silex cubes x28 200g","p":1.11,"u":"5,55 €/KG","img":"https://fd1-photos.leclercdrive.fr/image.ashx?id=2558781&use=l&cat=p&typeid=i","cat":300578},{"id":3609,"n":"Petit Pois Cassegrain Tendres et Fondants 495g","p":2.68,"u":"5,41 €/KG","img":"https://fd1-photos.leclercdrive.fr/image.ashx?id=2912962&use=l&cat=p&typeid=i","cat":312607},{"id":3610,"n":"Petits pois Notre Jardin A l'étuvée -Extra fins - 3x140g","p":1.57,"u":"3,74 €/KG","img":"https://fd1-photos.leclercdrive.fr/image.ashx?id=2987952&use=l&cat=p&typeid=i","cat":312607},{"id":3617,"n":"Galettes de riz bio Bio Village Complet x17 - 130g","p":0.91,"u":"7,00 €/KG","img":"https://fd1-photos.leclercdrive.fr/image.ashx?id=2816151&use=l&cat=p&typeid=i","cat":318651},{"id":3621,"n":"Pansements Mercurochrome Ampoules x10","p":3.49,"img":"https://fd1-photos.leclercdrive.fr/image.ashx?id=2862143&use=l&cat=p&typeid=i","cat":284630},{"id":3622,"n":"Alcool modifié Mercurochrome 90° - 100ml","p":2.14,"u":"21,40 €/L","img":"https://fd1-photos.leclercdrive.fr/image.ashx?id=2663977&use=l&cat=p&typeid=i","cat":284630},{"id":3630,"n":"Filets colin Alaska Pêche océan 4 tranches - MSC - 400g","p":2.55,"u":"6,38 €/KG","img":"https://fd1-photos.leclercdrive.fr/image.ashx?id=2930087&use=l&cat=p&typeid=i","cat":319786},{"id":3633,"n":"Colin d'Alaska Pêche Océan x10 tranches - MSC - 1kg","p":6.25,"u":"6,25 €/KG","img":"https://fd1-photos.leclercdrive.fr/image.ashx?id=2930096&use=l&cat=p&typeid=i","cat":319786},{"id":3638,"n":"Fromage Mini Caprice Des Dieux 3 Portions - 150g","p":2.6,"u":"17,33 €/KG","img":"https://fd1-photos.leclercdrive.fr/image.ashx?id=2217434&use=l&cat=p&typeid=i","cat":314033},{"id":3640,"n":"Fromage Apéritif Apérivrais  Saveurs de Provence - 100g","p":2.08,"u":"20,80 €/KG","img":"https://fd1-photos.leclercdrive.fr/image.ashx?id=2885348&use=l&cat=p&typeid=i","cat":314027},{"id":3641,"n":"Fromage Apéritif Apérivrais  Saveurs d'Italie - 100g","p":2.08,"u":"20,80 €/KG","img":"https://fd1-photos.leclercdrive.fr/image.ashx?id=2944705&use=l&cat=p&typeid=i","cat":314027},{"id":3643,"n":"Scotch Whisky Baird's 40%vol - 70cl","p":11.36,"u":"16,23 €/L","img":"https://fd1-photos.leclercdrive.fr/image.ashx?id=2907159&use=l&cat=p&typeid=i","cat":284547},{"id":3649,"n":"AOP Asti Vilaveroni 75cl","p":5.85,"u":"7,80 €/L","img":"https://fd1-photos.leclercdrive.fr/image.ashx?id=2337558&use=l&cat=p&typeid=i","cat":289461},{"id":3651,"n":"Vin du Portugal rosé Mateus - VSIG - 12% vol 75cl","p":4.7,"u":"6,27 €/L","img":"https://fd1-photos.leclercdrive.fr/image.ashx?id=2794619&use=l&cat=p&typeid=i","cat":289558},{"id":3655,"n":"Eau gazeuse St-Yorre 6x50cl","p":2.85,"u":"0,95 €/L","img":"https://fd1-photos.leclercdrive.fr/image.ashx?id=2877727&use=l&cat=p&typeid=i","cat":284536},{"id":3660,"n":"Fromage tartiflette Les Croisés 27%mg 500g","p":3.89,"u":"7,78 €/KG","img":"https://fd1-photos.leclercdrive.fr/image.ashx?id=2791746&use=l&cat=p&typeid=i","cat":314037},{"id":3663,"n":"Fromage à Raclette RichesMonts  3 saveurs 27 Tranches - 700g","p":10.78,"u":"15,40 €/KG","img":"https://fd1-photos.leclercdrive.fr/image.ashx?id=2766289&use=l&cat=p&typeid=i","cat":314037},{"id":3665,"n":"Beurrier Président Demi-sel - 80% MG - 250g","p":3.19,"u":"12,76 €/KG","img":"https://fd1-photos.leclercdrive.fr/image.ashx?id=2731849&use=l&cat=p&typeid=i","cat":284379},{"id":3668,"n":"Faisselle Rians - 6%mg - 1kg","p":2.7,"u":"2,70 €/KG","img":"https://fd1-photos.leclercdrive.fr/image.ashx?id=2659629&use=l&cat=p&typeid=i","cat":284409},{"id":3684,"n":"Eau gazeuse Rozana 6x1L","p":2.65,"u":"0,44 €/L","img":"https://fd1-photos.leclercdrive.fr/image.ashx?id=2870602&use=l&cat=p&typeid=i","cat":284536},{"id":3688,"n":"Ile gourmande Yoplait Vanille - 6x101g","p":2.59,"u":"4,27 €/KG","img":"https://fd1-photos.leclercdrive.fr/image.ashx?id=2731654&use=l&cat=p&typeid=i","cat":284419},{"id":3694,"n":"Pâtes Torti Legumes Panzani - 500G","p":1.28,"u":"2,56 €/KG","img":"https://fd1-photos.leclercdrive.fr/image.ashx?id=2876032&use=l&cat=p&typeid=i","cat":284427},{"id":3699,"n":"Café moulu Bio Village Bio Amérique latine - 250g","p":4.99,"u":"19,96 €/KG","img":"https://fd1-photos.leclercdrive.fr/image.ashx?id=2603713&use=l&cat=p&typeid=i","cat":284750},{"id":3705,"n":"Collants Well Elastivoile Résistant ibiza T3","p":3.7,"img":"https://fd1-photos.leclercdrive.fr/image.ashx?id=2560843&use=l&cat=p&typeid=i","cat":334130},{"id":3710,"n":"Cassoulet La Belle Chaurienne Porc - 420g","p":2.51,"u":"5,98 €/KG","img":"https://fd1-photos.leclercdrive.fr/image.ashx?id=2837358&use=l&cat=p&typeid=i","cat":284440},{"id":3712,"n":"Emincé poulet Côté Table Sauce curry - 300g","p":2.02,"u":"6,73 €/KG","img":"https://fd1-photos.leclercdrive.fr/image.ashx?id=2393857&use=l&cat=p&typeid=i","cat":284953},{"id":3713,"n":"Huile d'olive Rustica Vierge extra - 50cl","p":4.8,"u":"9,60 €/L","img":"https://fd1-photos.leclercdrive.fr/image.ashx?id=2930340&use=l&cat=p&typeid=i","cat":284453},{"id":3714,"n":"Serviette hygiénique Doulys Ultra minces - Normal - x16","p":1.03,"u":"0,06 €/P","img":"https://fd1-photos.leclercdrive.fr/image.ashx?id=2838924&use=l&cat=p&typeid=i","cat":284624},{"id":3716,"n":"Pizza cuite sur pierre Turini Royale - 400g","p":1.95,"u":"4,88 €/KG","img":"https://fd1-photos.leclercdrive.fr/image.ashx?id=2815205&use=l&cat=p&typeid=i","cat":284256},{"id":3719,"n":"Gomme Coiffante L'Oréal Paris Effet Remodelable - 150ml","p":3.49,"u":"23,27 €/L","img":"https://fd1-photos.leclercdrive.fr/image.ashx?id=2614194&use=l&cat=p&typeid=i","cat":284609},{"id":3736,"n":"Chocolat Pâtissier Menier Tablette Noir - 200g","p":2.25,"u":"11,25 €/KG","img":"https://fd1-photos.leclercdrive.fr/image.ashx?id=2624146&use=l&cat=p&typeid=i","cat":285562},{"id":3741,"n":"Biscottes fourrées Cracotte LU  Fraise - 200g","p":1.73,"u":"8,65 €/KG","img":"https://fd1-photos.leclercdrive.fr/image.ashx?id=3004807&use=l&cat=p&typeid=i","cat":284479},{"id":3742,"n":"Goûter Moelleux P'tit déli   Lait cacao et coco x10 420g","p":2.63,"u":"6,26 €/KG","img":"https://fd1-photos.leclercdrive.fr/image.ashx?id=2523691&use=l&cat=p&typeid=i","cat":284495},{"id":3743,"n":"Mini brownie Brossard Chocolat pépites x8 - 240g","p":2.69,"u":"11,21 €/KG","img":"https://fd1-photos.leclercdrive.fr/image.ashx?id=2965100&use=l&cat=p&typeid=i","cat":294776},{"id":3748,"n":"Soufflés Grignot' Tokapi  Saveur Fromage - 90g","p":0.72,"u":"8,00 €/KG","img":"https://fd1-photos.leclercdrive.fr/image.ashx?id=1956625&use=l&cat=p&typeid=i","cat":284449},{"id":3754,"n":"Crackers Tuc Bacon - 100g","p":0.84,"u":"8,40 €/KG","img":"https://fd1-photos.leclercdrive.fr/image.ashx?id=3002198&use=l&cat=p&typeid=i","cat":297000},{"id":3755,"n":"Mini-flûtes feuilletées Tokapi Emmental - 100g","p":1.4,"u":"14,00 €/KG","img":"https://fd1-photos.leclercdrive.fr/image.ashx?id=2374652&use=l&cat=p&typeid=i","cat":297000},{"id":3758,"n":"Sachet repas chats Gourmet 4 variétés de filets - 4x85g","p":1.87,"u":"5,50 €/KG","img":"https://fd1-photos.leclercdrive.fr/image.ashx?id=2902274&use=l&cat=p&typeid=i","cat":285286},{"id":3759,"n":"Sachet repas chats Gourmet Filets en sachet - 4x85g","p":1.9,"u":"5,59 €/KG","img":"https://fd1-photos.leclercdrive.fr/image.ashx?id=2902337&use=l&cat=p&typeid=i","cat":285286},{"id":3773,"n":"Feuilletés paniers Côté Table Jambon fromage - 4x100g","p":2.18,"u":"5,45 €/KG","img":"https://fd1-photos.leclercdrive.fr/image.ashx?id=2549382&use=l&cat=p&typeid=i","cat":319776},{"id":3775,"n":"Feuilletés paniers Côté Table Fromage de chèvre - 4x100g","p":2.95,"u":"7,38 €/KG","img":"https://fd1-photos.leclercdrive.fr/image.ashx?id=2549385&use=l&cat=p&typeid=i","cat":319776},{"id":3777,"n":"Légumes couscous Notre jardin 1kg","p":1.99,"u":"1,99 €/KG","img":"https://fd1-photos.leclercdrive.fr/image.ashx?id=2900031&use=l&cat=p&typeid=i","cat":319823},{"id":3784,"n":"Coquilles poisson Côté Table Et fruits de mer x6 - 660g","p":5.35,"u":"8,11 €/KG","img":"https://fd1-photos.leclercdrive.fr/image.ashx?id=1521885&use=l&cat=p&typeid=i","cat":319775},{"id":3786,"n":"Poisson pané Pêche Océan MSC - x20 - 1kg","p":6.95,"u":"6,95 €/KG","img":"https://fd1-photos.leclercdrive.fr/image.ashx?id=2930105&use=l&cat=p&typeid=i","cat":319788},{"id":3789,"n":"Pavés de saumon Pêche Océan ASC - 2x125g","p":4.99,"u":"19,96 €/KG","img":"https://fd1-photos.leclercdrive.fr/image.ashx?id=2930102&use=l&cat=p&typeid=i","cat":319786},{"id":3796,"n":"Croquettes poisson Pêche Océan MSC - x6 - 300g","p":1.72,"u":"5,73 €/KG","img":"https://fd1-photos.leclercdrive.fr/image.ashx?id=2856157&use=l&cat=p&typeid=i","cat":319788},{"id":3797,"n":"Brandade morue Côté Table 1kg","p":3.99,"u":"3,99 €/KG","img":"https://fd1-photos.leclercdrive.fr/image.ashx?id=2047028&use=l&cat=p&typeid=i","cat":284254},{"id":3810,"n":"Epinards Notre Jardin Branches A la crème fraîche 1kg","p":2.98,"u":"2,98 €/KG","img":"https://fd1-photos.leclercdrive.fr/image.ashx?id=2873081&use=l&cat=p&typeid=i","cat":319805},{"id":3820,"n":"Sandwich XXL Daunat Jambon emmental - 230g","p":1.87,"u":"8,13 €/KG","img":"https://fd1-photos.leclercdrive.fr/image.ashx?id=2892700&use=l&cat=p&typeid=i","cat":333658},{"id":3824,"n":"Sandwich triangle Daunat Jambon emmental - 160g","p":1.45,"u":"9,06 €/KG","img":"https://fd1-photos.leclercdrive.fr/image.ashx?id=2892694&use=l&cat=p&typeid=i","cat":333658},{"id":3828,"n":"Pansements Mercurochrome Economiques x20","p":1.83,"img":"https://fd1-photos.leclercdrive.fr/image.ashx?id=2748269&use=l&cat=p&typeid=i","cat":284630},{"id":3844,"n":"Sirop érable Maple Joe Du Canada - 250g","p":3.79,"u":"15,16 €/KG","img":"https://fd1-photos.leclercdrive.fr/image.ashx?id=2656559&use=l&cat=p&typeid=i","cat":287643},{"id":3862,"n":"Cacahuètes grillées Tokapi Salées - 500g","p":1.44,"u":"2,88 €/KG","img":"https://fd1-photos.leclercdrive.fr/image.ashx?id=2795532&use=l&cat=p&typeid=i","cat":284448},{"id":3864,"n":"Jus multifruits Jafaden 12 fruits - 1L","p":1.33,"u":"1,33 €/L","img":"https://fd1-photos.leclercdrive.fr/image.ashx?id=2461387&use=l&cat=p&typeid=i","cat":284917},{"id":3871,"n":"Pain grillé Pelletier Blé complet - 500g","p":1.95,"u":"3,90 €/KG","img":"https://fd1-photos.leclercdrive.fr/image.ashx?id=2345376&use=l&cat=p&typeid=i","cat":284479},{"id":3874,"n":"Filet Poulet Jaune LR X2  IGP Volailles du Maine  - 240g","p":6.65,"u":"27,71 €/KG","img":"https://fd1-photos.leclercdrive.fr/image.ashx?id=2250561&use=l&cat=p&typeid=i","cat":284336},{"id":3904,"n":"Viande bovine Charal3x steak*** À griller - 300g","p":7.32,"u":"24,40 €/KG","img":"https://fd1-photos.leclercdrive.fr/image.ashx?id=2485907&use=l&cat=p&typeid=i","cat":284328},{"id":3914,"n":"Steak haché Charal 5%mg - 260g","p":6.09,"u":"23,42 €/KG","img":"https://fd1-photos.leclercdrive.fr/image.ashx?id=1889165&use=l&cat=p&typeid=i","cat":284332},{"id":3915,"n":"Steak haché 15%mg Charal Viande bovine - 260g","p":4.99,"u":"19,19 €/KG","img":"https://fd1-photos.leclercdrive.fr/image.ashx?id=1889174&use=l&cat=p&typeid=i","cat":284332},{"id":3916,"n":"Steak haché 12%mg Bio Charal Viande bovine - 200g","p":4.83,"u":"24,15 €/KG","img":"https://fd1-photos.leclercdrive.fr/image.ashx?id=1912553&use=l&cat=p&typeid=i","cat":284332},{"id":3917,"n":"Viande Bovine Française Charal: Pavé aux 3 poivres x2 - 260g","p":6.89,"u":"26,50 €/KG","img":"https://fd1-photos.leclercdrive.fr/image.ashx?id=2311195&use=l&cat=p&typeid=i","cat":284328},{"id":3918,"n":"Viande Bovine Française Charal Pavé à l'échalote x2 - 260g","p":6.8,"u":"26,15 €/KG","img":"https://fd1-photos.leclercdrive.fr/image.ashx?id=2311198&use=l&cat=p&typeid=i","cat":284328},{"id":3921,"n":"Carpaccio au Parmesan Charal - 230g","p":6.5,"u":"28,26 €/KG","img":"https://fd1-photos.leclercdrive.fr/image.ashx?id=2482174&use=l&cat=p&typeid=i","cat":284328},{"id":3922,"n":"Carpaccio au Basilic Charal - 230g","p":6.5,"u":"28,26 €/KG","img":"https://fd1-photos.leclercdrive.fr/image.ashx?id=1933746&use=l&cat=p&typeid=i","cat":284328},{"id":3923,"n":"Bacon burger Charal 2x155g","p":5.43,"u":"17,52 €/KG","img":"https://fd1-photos.leclercdrive.fr/image.ashx?id=2547092&use=l&cat=p&typeid=i","cat":333671},{"id":3924,"n":"Cheese Burger Charal Viande bovine française 2x145g","p":5.18,"u":"17,86 €/KG","img":"https://fd1-photos.leclercdrive.fr/image.ashx?id=2516095&use=l&cat=p&typeid=i","cat":333671},{"id":3925,"n":"Maxi Cheese Charal Viande bovine française - 220g","p":4.12,"u":"18,73 €/KG","img":"https://fd1-photos.leclercdrive.fr/image.ashx?id=2547098&use=l&cat=p&typeid=i","cat":333671},{"id":3944,"n":"Jus multifruits Jafaden Briquettes - 6x20cl","p":1.79,"u":"1,49 €/L","img":"https://fd1-photos.leclercdrive.fr/image.ashx?id=2751880&use=l&cat=p&typeid=i","cat":284524},{"id":3946,"n":"Pâtes Barilla Spaghettoni n°7 - 500g","p":0.98,"u":"1,96 €/KG","img":"https://fd1-photos.leclercdrive.fr/image.ashx?id=2392221&use=l&cat=p&typeid=i","cat":284427},{"id":3951,"n":"Sucre vanillé Tablier blanc x10 75g","p":0.79,"u":"10,53 €/KG","img":"https://fd1-photos.leclercdrive.fr/image.ashx?id=2487431&use=l&cat=p&typeid=i","cat":294686},{"id":3952,"n":"Sucre Confisuc Saint Louis Spécial confiture - 1kg","p":2.4,"u":"2,40 €/KG","img":"https://fd1-photos.leclercdrive.fr/image.ashx?id=2019969&use=l&cat=p&typeid=i","cat":284502},{"id":3955,"n":"Ravioli pur bœuf  Panzani - 400g","p":1.61,"u":"4,03 €/KG","img":"https://fd1-photos.leclercdrive.fr/image.ashx?id=2876050&use=l&cat=p&typeid=i","cat":284442},{"id":3956,"n":"Confit canard 2 cuisses NRT 425g","p":9.59,"u":"22,56 €/KG","img":"https://fd1-photos.leclercdrive.fr/image.ashx?id=2723207&use=l&cat=p&typeid=i","cat":284440},{"id":3957,"n":"Thon blanc Petit Navire Au naturel - 93g","p":2.25,"u":"24,19 €/KG","img":"https://fd1-photos.leclercdrive.fr/image.ashx?id=2868329&use=l&cat=p&typeid=i","cat":303867},{"id":3960,"n":"Haricots Mungo  Notre Jardin 3x90g","p":1.99,"u":"7,37 €/KG","img":"https://fd1-photos.leclercdrive.fr/image.ashx?id=2174678&use=l&cat=p&typeid=i","cat":312611},{"id":3980,"n":"Sauce bolognaise Turini 680g","p":2.44,"u":"3,59 €/KG","img":"https://fd1-photos.leclercdrive.fr/image.ashx?id=2634863&use=l&cat=p&typeid=i","cat":287599},{"id":3981,"n":"Petits pois carottes Extra fins Notre Jardin - 3x130g","p":1.69,"u":"4,33 €/KG","img":"https://fd1-photos.leclercdrive.fr/image.ashx?id=2987967&use=l&cat=p&typeid=i","cat":312607},{"id":3983,"n":"Flageolets verts Notre Jardin Extra fins - 3x130g","p":1.99,"u":"5,10 €/KG","img":"https://fd1-photos.leclercdrive.fr/image.ashx?id=2537352&use=l&cat=p&typeid=i","cat":312606},{"id":3989,"n":"Soda Jean's Cola  2L","p":1.44,"u":"0,72 €/L","img":"https://fd1-photos.leclercdrive.fr/image.ashx?id=2699423&use=l&cat=p&typeid=i","cat":284530},{"id":3991,"n":"Tarte aux 3 fromages Côté Table - 400g","p":2.82,"u":"7,05 €/KG","img":"https://fd1-photos.leclercdrive.fr/image.ashx?id=2791707&use=l&cat=p&typeid=i","cat":284257},{"id":3997,"n":"Hachis parmentier Côté table 1kg","p":4.83,"u":"4,83 €/KG","img":"https://fd1-photos.leclercdrive.fr/image.ashx?id=2045172&use=l&cat=p&typeid=i","cat":284254},{"id":3998,"n":"Frites allumettes Pom'lisse Au four - 600g","p":1.24,"u":"2,07 €/KG","img":"https://fd1-photos.leclercdrive.fr/image.ashx?id=2699666&use=l&cat=p&typeid=i","cat":319791},{"id":4003,"n":"Coquilles Saint-Jacques NRT baie de St-Brieuc x2 - 200g","p":6.86,"u":"34,30 €/KG","img":"https://fd1-photos.leclercdrive.fr/image.ashx?id=2839956&use=l&cat=p&typeid=i","cat":319775},{"id":4008,"n":"Julienne légumes Notre jardin 600g","p":1.38,"u":"2,30 €/KG","img":"https://fd1-photos.leclercdrive.fr/image.ashx?id=2900073&use=l&cat=p&typeid=i","cat":319823},{"id":4009,"n":"Printanière légumes Notre jardin 1kg","p":1.47,"u":"1,47 €/KG","img":"https://fd1-photos.leclercdrive.fr/image.ashx?id=2873030&use=l&cat=p&typeid=i","cat":319823},{"id":4024,"n":"Sauce crudité Rustica Nature - 50cl","p":0.88,"u":"1,76 €/L","img":"https://fd1-photos.leclercdrive.fr/image.ashx?id=1972910&use=l&cat=p&typeid=i","cat":284456},{"id":4025,"n":"Pois chiches Notre Jardin 530g","p":1.19,"u":"2,25 €/KG","img":"https://fd1-photos.leclercdrive.fr/image.ashx?id=2988006&use=l&cat=p&typeid=i","cat":312609},{"id":4026,"n":"Cuisses poulet rôti Le gaulois x2 - 350g","p":4.17,"u":"11,91 €/KG","img":"https://fd1-photos.leclercdrive.fr/image.ashx?id=2277122&use=l&cat=p&typeid=i","cat":284336},{"id":4028,"n":"Filets poulet rôti Le gaulois 230g","p":4.73,"u":"20,57 €/KG","img":"https://fd1-photos.leclercdrive.fr/image.ashx?id=2686879&use=l&cat=p&typeid=i","cat":284336},{"id":4029,"n":"Crème marron de Clément Faugier Vanillée Ardèche - 500g","p":2.54,"u":"5,08 €/KG","img":"https://fd1-photos.leclercdrive.fr/image.ashx?id=1880738&use=l&cat=p&typeid=i","cat":284481},{"id":4069,"n":"Figues lerida Domino  500g","p":5.39,"pp":3.56,"u":"7,12 €/KG","img":"https://fd1-photos.leclercdrive.fr/image.ashx?id=2089916&use=l&cat=p&typeid=i","cat":284357},{"id":4101,"n":"Pâtes coquillettes Panzani 1kg","p":1.74,"u":"1,74 €/KG","img":"https://fd1-photos.leclercdrive.fr/image.ashx?id=2873823&use=l&cat=p&typeid=i","cat":284427},{"id":4103,"n":"Compotes Andros Pomme Fraise - 8x100g","p":2.68,"u":"3,35 €/KG","img":"https://fd1-photos.leclercdrive.fr/image.ashx?id=2883940&use=l&cat=p&typeid=i","cat":284416},{"id":4120,"n":"Bouchées chocolatées Mon Chéri Liqueur cerise x16 - 168g","p":5.58,"u":"33,21 €/KG","img":"https://fd1-photos.leclercdrive.fr/image.ashx?id=2964018&use=l&cat=p&typeid=i","cat":327601},{"id":4141,"n":"Infusion Tiséa réglisse menthe x25","p":0.9,"u":"22,50 €/KG","img":"https://fd1-photos.leclercdrive.fr/image.ashx?id=2553908&use=l&cat=p&typeid=i","cat":293234},{"id":4196,"n":"Aubergine  1kg","p":5.59,"u":"5,59 €/KG","img":"https://fd1-photos.leclercdrive.fr/image.ashx?id=1631409&use=l&cat=p&typeid=i","cat":284352},{"id":4242,"n":"Vacherin Eskiss Vanille framboise - 535g","p":4.65,"u":"8,69 €/KG","img":"https://fd1-photos.leclercdrive.fr/image.ashx?id=2119121&use=l&cat=p&typeid=i","cat":284266},{"id":4249,"n":"Crème glacée Eskiss Chocolat noir - 494g","p":2.35,"u":"4,76 €/KG","img":"https://fd1-photos.leclercdrive.fr/image.ashx?id=2698162&use=l&cat=p&typeid=i","cat":284263},{"id":4259,"n":"Pâtes spaghetti Panzani 1kg","p":1.72,"u":"1,72 €/KG","img":"https://fd1-photos.leclercdrive.fr/image.ashx?id=2869555&use=l&cat=p&typeid=i","cat":284427},{"id":4260,"n":"Biscuits sablés P'tit Déli Chocolat au lait - 200g","p":1.19,"u":"5,95 €/KG","img":"https://fd1-photos.leclercdrive.fr/image.ashx?id=2768457&use=l&cat=p&typeid=i","cat":284488},{"id":4262,"n":"Thon en tranche  Pêche Océan Naturel - 140g","p":2.05,"u":"14,64 €/KG","img":"https://fd1-photos.leclercdrive.fr/image.ashx?id=2941387&use=l&cat=p&typeid=i","cat":303867},{"id":4288,"n":"Boisson apéritif Voltano Base de vin Bianco 14.4%vol 1L","p":4.99,"u":"4,99 €/L","img":"https://fd1-photos.leclercdrive.fr/image.ashx?id=2843782&use=l&cat=p&typeid=i","cat":284913},{"id":4289,"n":"Boisson apéritif Voltano Base de vin rosso 14.4%vol 1L","p":4.75,"u":"4,75 €/L","img":"https://fd1-photos.leclercdrive.fr/image.ashx?id=2473957&use=l&cat=p&typeid=i","cat":284913},{"id":4290,"n":"Marrons entiers Notre Jardin - 510g","p":5.19,"u":"10,18 €/KG","img":"https://fd1-photos.leclercdrive.fr/image.ashx?id=2263143&use=l&cat=p&typeid=i","cat":312612},{"id":4323,"n":"Collants Well Elastivoile Satiné noir - T1","p":4.55,"img":"https://fd1-photos.leclercdrive.fr/image.ashx?id=2056392&use=l&cat=p&typeid=i","cat":334130},{"id":4324,"n":"Collants Well Elastivoile Satiné noir T2","p":4.55,"img":"https://fd1-photos.leclercdrive.fr/image.ashx?id=2056395&use=l&cat=p&typeid=i","cat":334130},{"id":4325,"n":"Collants Well Elastivoile Satiné T3","p":4.55,"img":"https://fd1-photos.leclercdrive.fr/image.ashx?id=2056398&use=l&cat=p&typeid=i","cat":334130},{"id":4326,"n":"Collant Well Elastivoile Satiné noir T4","p":4.55,"img":"https://fd1-photos.leclercdrive.fr/image.ashx?id=2056401&use=l&cat=p&typeid=i","cat":334130},{"id":4327,"n":"Collants Well Elastivoile Satiné ibiza T3","p":4.55,"img":"https://fd1-photos.leclercdrive.fr/image.ashx?id=2056383&use=l&cat=p&typeid=i","cat":334130},{"id":4346,"n":"Crêpes Côté Table Fromage x6 - 300g","p":1.69,"u":"5,63 €/KG","img":"https://fd1-photos.leclercdrive.fr/image.ashx?id=2932399&use=l&cat=p&typeid=i","cat":319776},{"id":4357,"n":"Glace à l'eau Yéti 5 parfums x24 - 1.160kg","p":3.99,"u":"3,44 €/KG","img":"https://fd1-photos.leclercdrive.fr/image.ashx?id=2733796&use=l&cat=p&typeid=i","cat":285250},{"id":4367,"n":"Papier toilette Uni Vert Compact écologique - x4","p":3.29,"u":"0,82 €/P","img":"https://fd1-photos.leclercdrive.fr/image.ashx?id=1957072&use=l&cat=p&typeid=i","cat":284634},{"id":4369,"n":"Gel wc menthe pin Uni Vert 750ml","p":1.62,"u":"2,16 €/L","img":"https://fd1-photos.leclercdrive.fr/image.ashx?id=2965446&use=l&cat=p&typeid=i","cat":284662},{"id":4407,"n":"Biscuits duo glacier P'tit Déli 100g","p":1.25,"u":"12,50 €/KG","img":"https://fd1-photos.leclercdrive.fr/image.ashx?id=2874687&use=l&cat=p&typeid=i","cat":284487},{"id":4409,"n":"Saucisses volaille le Gaulois x6 - 300g","p":4.34,"u":"14,47 €/KG","img":"https://fd1-photos.leclercdrive.fr/image.ashx?id=2286762&use=l&cat=p&typeid=i","cat":284716},{"id":4412,"n":"Boisson énergisante Red Bull 250ml","p":1.12,"u":"4,48 €/L","img":"https://fd1-photos.leclercdrive.fr/image.ashx?id=2340300&use=l&cat=p&typeid=i","cat":284533},{"id":4417,"n":"Sauce Fondue d'échalote Charal 100g","p":1.5,"u":"15,00 €/KG","img":"https://fd1-photos.leclercdrive.fr/image.ashx?id=2859251&use=l&cat=p&typeid=i","cat":284382},{"id":4420,"n":"Sauce aux Morilles Charal 2 personnes - 120g","p":2.0,"u":"16,67 €/KG","img":"https://fd1-photos.leclercdrive.fr/image.ashx?id=2105023&use=l&cat=p&typeid=i","cat":284382},{"id":4423,"n":"Sauce béarnaise Charal 120g","p":1.9,"u":"15,83 €/KG","img":"https://fd1-photos.leclercdrive.fr/image.ashx?id=2105011&use=l&cat=p&typeid=i","cat":284382},{"id":4425,"n":"Sauce aux 3 poivres Charal 2 personnes - 120g","p":1.98,"u":"16,50 €/KG","img":"https://fd1-photos.leclercdrive.fr/image.ashx?id=2105014&use=l&cat=p&typeid=i","cat":284382},{"id":4426,"n":"Sauce au Roquefort Charal 2 personnes - 120g","p":1.9,"u":"15,83 €/KG","img":"https://fd1-photos.leclercdrive.fr/image.ashx?id=2881329&use=l&cat=p&typeid=i","cat":284382},{"id":4427,"n":"Sauce Forestière Charal 2 personnes - 120g","p":1.9,"u":"15,83 €/KG","img":"https://fd1-photos.leclercdrive.fr/image.ashx?id=2558957&use=l&cat=p&typeid=i","cat":284382},{"id":4431,"n":"Plumeaux Clair jetables Avec poignée x5","p":3.03,"img":"https://fd1-photos.leclercdrive.fr/image.ashx?id=2832924&use=l&cat=p&typeid=i","cat":325364},{"id":4438,"n":"Hot Dog Charal ketchup 120g","p":2.5,"u":"20,83 €/KG","img":"https://fd1-photos.leclercdrive.fr/image.ashx?id=2264734&use=l&cat=p&typeid=i","cat":333671},{"id":4468,"n":"Boisson énergisante Red Bull 4x250ml","p":4.37,"u":"4,37 €/L","img":"https://fd1-photos.leclercdrive.fr/image.ashx?id=3011977&use=l&cat=p&typeid=i","cat":284533},{"id":4469,"n":"Combustible poêle pétrole PTX 2000 20L","p":29.9,"u":"1,50 €/L","img":"https://fd1-photos.leclercdrive.fr/image.ashx?id=2798328&use=l&cat=p&typeid=i","cat":300577},{"id":4497,"n":"Gomme Esquisse Caoutchouc","p":0.5,"img":"https://fd1-photos.leclercdrive.fr/image.ashx?id=2943211&use=l&cat=p&typeid=i","cat":334133},{"id":4512,"n":"Pur jus orange Jafaden Sans pulpe - 1L","p":2.43,"u":"2,43 €/L","img":"https://fd1-photos.leclercdrive.fr/image.ashx?id=2916668&use=l&cat=p&typeid=i","cat":285435},{"id":4515,"n":"Pansements Primoplast Pré-découpés x100","p":2.97,"img":"https://fd1-photos.leclercdrive.fr/image.ashx?id=2856459&use=l&cat=p&typeid=i","cat":284630},{"id":4519,"n":"Bande à découper Primoplast Multi-usages - 10x6cm","p":0.79,"img":"https://fd1-photos.leclercdrive.fr/image.ashx?id=2885560&use=l&cat=p&typeid=i","cat":284630},{"id":4543,"n":"Gel Lubrifiant Intime Durex Sensitive base Eau 50ml","p":4.35,"u":"87,00 €/L","img":"https://fd1-photos.leclercdrive.fr/image.ashx?id=2961200&use=l&cat=p&typeid=i","cat":285160},{"id":4569,"n":"Coq'ailes Maître Coq Mexicain - 250g","p":3.21,"u":"12,84 €/KG","img":"https://fd1-photos.leclercdrive.fr/image.ashx?id=2432034&use=l&cat=p&typeid=i","cat":333685},{"id":4570,"n":"Coq'ailes Maître coq Nature - 250g","p":2.95,"u":"11,80 €/KG","img":"https://fd1-photos.leclercdrive.fr/image.ashx?id=2412591&use=l&cat=p&typeid=i","cat":333685},{"id":4583,"n":"Sucre vanillé Vahiné Madagascar - 5x7,5g","p":1.64,"u":"43,16 €/KG","img":"https://fd1-photos.leclercdrive.fr/image.ashx?id=2489190&use=l&cat=p&typeid=i","cat":294686},{"id":4595,"n":"Tartelettes aux pommes  2x1p","p":3.99,"u":"2,00 €/P","img":"https://fd1-photos.leclercdrive.fr/image.ashx?id=563306&use=l&cat=p&typeid=i","cat":284360},{"id":4596,"n":"Poivron doux vert  1kg","p":4.99,"u":"4,99 €/KG","img":"https://fd1-photos.leclercdrive.fr/image.ashx?id=1633079&use=l&cat=p&typeid=i","cat":284352},{"id":4624,"n":"Dattes Couleurs Vives 500g","p":2.75,"u":"5,50 €/KG","img":"https://fd1-photos.leclercdrive.fr/image.ashx?id=2542926&use=l&cat=p&typeid=i","cat":284357},{"id":4626,"n":"Vinaigrette Rustica Nature - 50cl","p":0.88,"u":"1,76 €/L","img":"https://fd1-photos.leclercdrive.fr/image.ashx?id=1972898&use=l&cat=p&typeid=i","cat":284456},{"id":4628,"n":"Moutarde de Dijon Rustica  Fine et forte - 440g","p":1.13,"u":"2,57 €/KG","img":"https://fd1-photos.leclercdrive.fr/image.ashx?id=2954340&use=l&cat=p&typeid=i","cat":288850},{"id":4629,"n":"Moutarde à l'ancienne Rustica Vinaigre - 350g","p":1.12,"u":"3,20 €/KG","img":"https://fd1-photos.leclercdrive.fr/image.ashx?id=2954343&use=l&cat=p&typeid=i","cat":288850},{"id":4630,"n":"Pâté piment d'Espelette NRT Label Rouge - 180g","p":2.39,"u":"13,28 €/KG","img":"https://fd1-photos.leclercdrive.fr/image.ashx?id=2991485&use=l&cat=p&typeid=i","cat":305149},{"id":4640,"n":"Petits pois carottes Notre Jard Extra fins - 420g","p":1.35,"u":"3,21 €/KG","img":"https://fd1-photos.leclercdrive.fr/image.ashx?id=2987943&use=l&cat=p&typeid=i","cat":312607},{"id":4641,"n":"Croquettes chaton Purina One Junior - Poulet/Céréales - 450g","p":2.6,"u":"5,78 €/KG","img":"https://fd1-photos.leclercdrive.fr/image.ashx?id=2499883&use=l&cat=p&typeid=i","cat":284680},{"id":4667,"n":"Yaourts Mamie Nova Ananas passion - 2x150g","p":1.11,"u":"3,70 €/KG","img":"https://fd1-photos.leclercdrive.fr/image.ashx?id=2886960&use=l&cat=p&typeid=i","cat":284410},{"id":4679,"n":"Gel WC nettoyant Syphon Javel eucalyptus - 750ml","p":0.87,"u":"1,16 €/L","img":"https://fd1-photos.leclercdrive.fr/image.ashx?id=2663359&use=l&cat=p&typeid=i","cat":284662},{"id":4682,"n":"Petits pois Notre Jardin A l'étuvée - Extra fins - 445g","p":1.29,"u":"2,90 €/KG","img":"https://fd1-photos.leclercdrive.fr/image.ashx?id=2987940&use=l&cat=p&typeid=i","cat":312607},{"id":4688,"n":"Pâtes Blé complet Barilla Penne Rigate Integrale - 500g","p":1.15,"u":"2,30 €/KG","img":"https://fd1-photos.leclercdrive.fr/image.ashx?id=2986954&use=l&cat=p&typeid=i","cat":284427},{"id":4727,"n":"Chocolat au lait Tablette d'Or Raisins secs & Noisettes - 200g","p":2.19,"u":"10,95 €/KG","img":"https://fd1-photos.leclercdrive.fr/image.ashx?id=2578629&use=l&cat=p&typeid=i","cat":284497},{"id":4852,"n":"Thon blanc Petit Navire Au naturel - 140g","p":3.29,"u":"23,50 €/KG","img":"https://fd1-photos.leclercdrive.fr/image.ashx?id=2570996&use=l&cat=p&typeid=i","cat":303867},{"id":4863,"n":"Tampons Doulys Digitaux Normal - x24","p":1.24,"u":"0,05 €/P","img":"https://fd1-photos.leclercdrive.fr/image.ashx?id=2965401&use=l&cat=p&typeid=i","cat":284626},{"id":4876,"n":"Petits pots bébé NATURNES Carottes 4M+ - 2x130g","p":1.09,"u":"4,19 €/KG","img":"https://fd1-photos.leclercdrive.fr/image.ashx?id=2522398&use=l&cat=p&typeid=i","cat":312234},{"id":4877,"n":"Petits pots bébé NATURNES Haricots Verts 4M+ - 2x130g","p":1.09,"u":"4,19 €/KG","img":"https://fd1-photos.leclercdrive.fr/image.ashx?id=2522401&use=l&cat=p&typeid=i","cat":312234},{"id":4878,"n":"Petits pots bébé NATURNES Petits Pois 4M+ - 2x130g","p":1.09,"u":"4,19 €/KG","img":"https://fd1-photos.leclercdrive.fr/image.ashx?id=2536182&use=l&cat=p&typeid=i","cat":312234},{"id":4879,"n":"Petits pots bébé NATURNES Courgettes 4M+ - 2x130g","p":1.0,"u":"3,85 €/KG","img":"https://fd1-photos.leclercdrive.fr/image.ashx?id=2532249&use=l&cat=p&typeid=i","cat":312234},{"id":4880,"n":"Petits pots bébé NATURNES Epinards 4M+ - 2x130g","p":1.09,"u":"4,19 €/KG","img":"https://fd1-photos.leclercdrive.fr/image.ashx?id=2736973&use=l&cat=p&typeid=i","cat":312234},{"id":4906,"n":"Purée de fruit NATURNES Pommes Poires 4M+ - 4x130g","p":2.27,"u":"4,37 €/KG","img":"https://fd1-photos.leclercdrive.fr/image.ashx?id=2672551&use=l&cat=p&typeid=i","cat":312387},{"id":4909,"n":"Purée de fruit NATURNES Fruits du soleil 8M+ - 4x130g","p":2.2,"u":"4,23 €/KG","img":"https://fd1-photos.leclercdrive.fr/image.ashx?id=2629647&use=l&cat=p&typeid=i","cat":312388},{"id":4910,"n":"Purée de fruit NATURNES 6M+ Pomme Fraise Myrtilles - 4x130g","p":2.27,"u":"4,37 €/KG","img":"https://fd1-photos.leclercdrive.fr/image.ashx?id=2478399&use=l&cat=p&typeid=i","cat":312388},{"id":4957,"n":"Cuillère douce silicone Tigex Vert taille unique - 1 pièce","p":4.2,"img":"https://fd1-photos.leclercdrive.fr/image.ashx?id=1971299&use=l&cat=p&typeid=i","cat":289435},{"id":4988,"n":"Beurre Moulé Paysan Breton Doux - 82%MG - 500g","p":6.01,"u":"12,02 €/KG","img":"https://fd1-photos.leclercdrive.fr/image.ashx?id=2774496&use=l&cat=p&typeid=i","cat":284379},{"id":4996,"n":"Cordon bleu Le Gaulois Dinde - 200g","p":1.89,"u":"9,45 €/KG","img":"https://fd1-photos.leclercdrive.fr/image.ashx?id=2860220&use=l&cat=p&typeid=i","cat":333683},{"id":4997,"n":"Gésiers de volaille Le Gaulois 300g","p":2.97,"u":"9,90 €/KG","img":"https://fd1-photos.leclercdrive.fr/image.ashx?id=2732722&use=l&cat=p&typeid=i","cat":284715},{"id":5000,"n":"Frites de poulet Le Gaulois Panées France - 200g","p":2.07,"u":"10,35 €/KG","img":"https://fd1-photos.leclercdrive.fr/image.ashx?id=2261657&use=l&cat=p&typeid=i","cat":333684},{"id":5005,"n":"Rôti filet de dinde le Gaulois 600g","p":8.8,"u":"14,67 €/KG","img":"https://fd1-photos.leclercdrive.fr/image.ashx?id=2263889&use=l&cat=p&typeid=i","cat":284337},{"id":5010,"n":"Jambon fumé grill Petitgas A poêler 5 tranches 500g","p":6.5,"u":"13,00 €/KG","img":"https://fd1-photos.leclercdrive.fr/image.ashx?id=1730013&use=l&cat=p&typeid=i","cat":316009},{"id":5011,"n":"Museau de porc Petitgas 4 tranches Avec langues - 160g","p":2.34,"u":"14,63 €/KG","img":"https://fd1-photos.leclercdrive.fr/image.ashx?id=2732959&use=l&cat=p&typeid=i","cat":316007},{"id":5015,"n":"Yaourts Les Zaros Délisse Fruits panachés - 16x125g","p":2.48,"u":"1,24 €/KG","img":"https://fd1-photos.leclercdrive.fr/image.ashx?id=2970444&use=l&cat=p&typeid=i","cat":284414},{"id":5016,"n":"Yaourts nature Déli'light 0% MG - 12x125g","p":1.91,"u":"1,27 €/KG","img":"https://fd1-photos.leclercdrive.fr/image.ashx?id=2922482&use=l&cat=p&typeid=i","cat":315000},{"id":5017,"n":"Betterave rouge Notre Jardin Entière cuite sous vide - 500g","p":0.72,"u":"1,44 €/KG","img":"https://fd1-photos.leclercdrive.fr/image.ashx?id=2885122&use=l&cat=p&typeid=i","cat":284352},{"id":5018,"n":"Yaourts Délisse Nature - 4x125g","p":0.65,"u":"1,30 €/KG","img":"https://fd1-photos.leclercdrive.fr/image.ashx?id=3003052&use=l&cat=p&typeid=i","cat":284409},{"id":5021,"n":"Crottin de chèvre Les Croisés 23%mg - 2x60g","p":1.78,"u":"14,83 €/KG","img":"https://fd1-photos.leclercdrive.fr/image.ashx?id=2891878&use=l&cat=p&typeid=i","cat":314031},{"id":5023,"n":"Salade composée Notre Jardin Mélée gourmande - 200g","p":0.99,"u":"4,95 €/KG","img":"https://fd1-photos.leclercdrive.fr/image.ashx?id=2720145&use=l&cat=p&typeid=i","cat":284353},{"id":5024,"n":"Viande des grisons Saint Azay 10 tranches - 80g","p":4.09,"u":"51,13 €/KG","img":"https://fd1-photos.leclercdrive.fr/image.ashx?id=2848490&use=l&cat=p&typeid=i","cat":316007},{"id":5026,"n":"Ravioli Turini Boeuf aux oignons - 300g","p":1.53,"u":"5,10 €/KG","img":"https://fd1-photos.leclercdrive.fr/image.ashx?id=2778036&use=l&cat=p&typeid=i","cat":333682},{"id":5028,"n":"Piémontaise Menu Fraîcheur Au jambon - 500g","p":2.2,"u":"4,40 €/KG","img":"https://fd1-photos.leclercdrive.fr/image.ashx?id=2901428&use=l&cat=p&typeid=i","cat":333657},{"id":5029,"n":"Museau de porc Menu Fraîcheur A la lyonnaise - 300g","p":1.99,"u":"6,63 €/KG","img":"https://fd1-photos.leclercdrive.fr/image.ashx?id=2816558&use=l&cat=p&typeid=i","cat":333657},{"id":5031,"n":"Petits chèvres doux Les Croisés 200g","p":2.02,"u":"10,10 €/KG","img":"https://fd1-photos.leclercdrive.fr/image.ashx?id=2927179&use=l&cat=p&typeid=i","cat":314031},{"id":5032,"n":"Pizza Turini Chorizo - 450g","p":2.69,"u":"5,98 €/KG","img":"https://fd1-photos.leclercdrive.fr/image.ashx?id=2987637&use=l&cat=p&typeid=i","cat":333679},{"id":5041,"n":"Fromage blanc Déli'light Nature 0% MG - 1kg","p":1.79,"u":"1,79 €/KG","img":"https://fd1-photos.leclercdrive.fr/image.ashx?id=2905213&use=l&cat=p&typeid=i","cat":315000},{"id":5042,"n":"Fromage raclette Les Croisés 3 variétés - 26%mg - 700g","p":9.29,"u":"13,27 €/KG","img":"https://fd1-photos.leclercdrive.fr/image.ashx?id=2791755&use=l&cat=p&typeid=i","cat":314037},{"id":5044,"n":"Fromage à tartiner Les Croisés  Ail et fines herbes 25%mg 150g","p":1.29,"u":"8,60 €/KG","img":"https://fd1-photos.leclercdrive.fr/image.ashx?id=2476122&use=l&cat=p&typeid=i","cat":314029},{"id":5045,"n":"Riz au lait Délisse Vanille - 8x115g","p":2.08,"u":"2,26 €/KG","img":"https://fd1-photos.leclercdrive.fr/image.ashx?id=2489116&use=l&cat=p&typeid=i","cat":284418},{"id":5046,"n":"Roquefort NRT AOP  Fromage de brebis -150g","p":2.99,"u":"19,93 €/KG","img":"https://fd1-photos.leclercdrive.fr/image.ashx?id=2771046&use=l&cat=p&typeid=i","cat":314032},{"id":5047,"n":"Gratte éponge Spontex Sans rinçage x3","p":1.36,"u":"0,45 €/P","img":"https://fd1-photos.leclercdrive.fr/image.ashx?id=2975783&use=l&cat=p&typeid=i","cat":284667},{"id":5049,"n":"Whisky Sir Edward's 40%vol - 1L","p":16.85,"pp":15.16,"u":"15,16 €/L","img":"https://fd1-photos.leclercdrive.fr/image.ashx?id=2510747&use=l&cat=p&typeid=i","cat":284547},{"id":5050,"n":"Sucre de canne Canadou 70cl","p":2.6,"u":"3,71 €/L","img":"https://fd1-photos.leclercdrive.fr/image.ashx?id=2534587&use=l&cat=p&typeid=i","cat":284551},{"id":5070,"n":"Whisky Jack Daniel's Old N°7 70cL","p":20.64,"u":"29,49 €/L","img":"https://fd1-photos.leclercdrive.fr/image.ashx?id=2789763&use=l&cat=p&typeid=i","cat":284547},{"id":5071,"n":"Nettoyant Crème Vitroclen  Vitrocéramique - 200ml","p":1.85,"u":"9,25 €/L","img":"https://fd1-photos.leclercdrive.fr/image.ashx?id=2529825&use=l&cat=p&typeid=i","cat":325363},{"id":5073,"n":"Muscat Olympio Samos 75cl","p":4.53,"u":"6,04 €/L","img":"https://fd1-photos.leclercdrive.fr/image.ashx?id=2504077&use=l&cat=p&typeid=i","cat":284913},{"id":5078,"n":"Sucres morceaux Béghin Say n°4 1kg","p":1.87,"u":"1,87 €/KG","img":"https://fd1-photos.leclercdrive.fr/image.ashx?id=2860172&use=l&cat=p&typeid=i","cat":284502},{"id":5079,"n":"Sucre cristal Béghin Say 1kg","p":1.88,"u":"1,88 €/KG","img":"https://fd1-photos.leclercdrive.fr/image.ashx?id=2866343&use=l&cat=p&typeid=i","cat":284502},{"id":5080,"n":"Sucre poudre Béghin Say Etui 1kg","p":1.75,"u":"1,75 €/KG","img":"https://fd1-photos.leclercdrive.fr/image.ashx?id=2866346&use=l&cat=p&typeid=i","cat":284502},{"id":5081,"n":"Sucre poudre Béghin Say 1kg","p":1.75,"u":"1,75 €/KG","img":"https://fd1-photos.leclercdrive.fr/image.ashx?id=2866349&use=l&cat=p&typeid=i","cat":284502},{"id":5082,"n":"Sucre blanc Beghin Say Spécial confiture - 1kg","p":2.83,"u":"2,83 €/KG","img":"https://fd1-photos.leclercdrive.fr/image.ashx?id=2666761&use=l&cat=p&typeid=i","cat":284502},{"id":5083,"n":"Sucre canne Blonvilliers Béghin Say morceaux 1kg","p":2.19,"u":"2,19 €/KG","img":"https://fd1-photos.leclercdrive.fr/image.ashx?id=2962281&use=l&cat=p&typeid=i","cat":284502},{"id":5090,"n":"Pepites de chocolat noir Vahiné - 100g","p":1.85,"u":"18,50 €/KG","img":"https://fd1-photos.leclercdrive.fr/image.ashx?id=2529282&use=l&cat=p&typeid=i","cat":284504},{"id":5102,"n":"Cacahuètes Maître Prunille Chouchou sucrées - 500g","p":4.54,"u":"9,08 €/KG","img":"https://fd1-photos.leclercdrive.fr/image.ashx?id=2234018&use=l&cat=p&typeid=i","cat":284357},{"id":5103,"n":"Biscuits Maître Prunille Japonais - 250g","p":3.59,"pp":2.37,"u":"9,48 €/KG","img":"https://fd1-photos.leclercdrive.fr/image.ashx?id=2234021&use=l&cat=p&typeid=i","cat":316002},{"id":5107,"n":"Huile d'arachide Rustica  1L","p":3.55,"u":"3,55 €/L","img":"https://fd1-photos.leclercdrive.fr/image.ashx?id=3002509&use=l&cat=p&typeid=i","cat":284453},{"id":5110,"n":"Pâtes Coquillettes Turini  1kg","p":1.35,"u":"1,35 €/KG","img":"https://fd1-photos.leclercdrive.fr/image.ashx?id=3013286&use=l&cat=p&typeid=i","cat":284427},{"id":5111,"n":"Couscous Comptoir du grain Grain fin - 500g","p":1.27,"u":"2,54 €/KG","img":"https://fd1-photos.leclercdrive.fr/image.ashx?id=3012806&use=l&cat=p&typeid=i","cat":284429},{"id":5112,"n":"Chocolat blanc Tablette d'Or Blanc - 2x100g","p":2.23,"u":"11,15 €/KG","img":"https://fd1-photos.leclercdrive.fr/image.ashx?id=2790880&use=l&cat=p&typeid=i","cat":284957},{"id":5114,"n":"Filet de harengs Pêche Océan MSC - Au naturel - 200g","p":1.75,"u":"8,75 €/KG","img":"https://fd1-photos.leclercdrive.fr/image.ashx?id=2992486&use=l&cat=p&typeid=i","cat":285190},{"id":5115,"n":"Biscuits Croustillants Tokapi Bacon-  85g","p":0.99,"u":"11,65 €/KG","img":"https://fd1-photos.leclercdrive.fr/image.ashx?id=2632837&use=l&cat=p&typeid=i","cat":297000},{"id":5116,"n":"Crème de pêche Auguste Muniot 15%vol. - 50cl","p":4.99,"u":"9,98 €/L","img":"https://fd1-photos.leclercdrive.fr/image.ashx?id=2753360&use=l&cat=p&typeid=i","cat":286032},{"id":5117,"n":"Café soluble Plantation Qualité filtre - 200g","p":4.41,"u":"22,05 €/KG","img":"https://fd1-photos.leclercdrive.fr/image.ashx?id=2834269&use=l&cat=p&typeid=i","cat":284843},{"id":5121,"n":"Café moulu Plantation Ethiopie - 250g","p":3.89,"u":"15,56 €/KG","img":"https://fd1-photos.leclercdrive.fr/image.ashx?id=2607434&use=l&cat=p&typeid=i","cat":284750},{"id":5125,"n":"Farine de blé bio T65 Bio Village - 1kg","p":0.99,"u":"0,99 €/KG","img":"https://fd1-photos.leclercdrive.fr/image.ashx?id=2448418&use=l&cat=p&typeid=i","cat":284503},{"id":5126,"n":"Riz long Comptoir du Grain Cuisson rapide 10min - 1kg","p":1.69,"u":"1,69 €/KG","img":"https://fd1-photos.leclercdrive.fr/image.ashx?id=2764137&use=l&cat=p&typeid=i","cat":284428},{"id":5132,"n":"Croûtons Epi d'Or Nature - 2x90g","p":0.99,"u":"5,50 €/KG","img":"https://fd1-photos.leclercdrive.fr/image.ashx?id=2606037&use=l&cat=p&typeid=i","cat":284464},{"id":5142,"n":"Feutres de coloriage Esquisse Lavable Pointe moyenne x12","p":1.29,"img":"https://fd1-photos.leclercdrive.fr/image.ashx?id=2943151&use=l&cat=p&typeid=i","cat":284696},{"id":5147,"n":"Crayons de couleur Esquisse x12","p":0.99,"img":"https://fd1-photos.leclercdrive.fr/image.ashx?id=2943163&use=l&cat=p&typeid=i","cat":284696},{"id":5155,"n":"Mini Gomme Esquisse Plastique x2","p":0.59,"u":"0,30 €/P","img":"https://fd1-photos.leclercdrive.fr/image.ashx?id=2943220&use=l&cat=p&typeid=i","cat":334133},{"id":5158,"n":"Déodorant Bille Femme Nivea Dry Confort 72H - 50ml","p":1.9,"u":"38,00 €/L","img":"https://fd1-photos.leclercdrive.fr/image.ashx?id=2871058&use=l&cat=p&typeid=i","cat":284595},{"id":5160,"n":"Pur jus de fruits Tropicana Réveil fruité - 1,5L","p":3.59,"u":"2,39 €/L","img":"https://fd1-photos.leclercdrive.fr/image.ashx?id=2606400&use=l&cat=p&typeid=i","cat":284521},{"id":5166,"n":"Sucettes Chupa Chups The Best x16 192g","p":1.76,"u":"9,17 €/KG","img":"https://fd1-photos.leclercdrive.fr/image.ashx?id=2647654&use=l&cat=p&typeid=i","cat":304250},{"id":5176,"n":"Pâtes Alphabet Panzani 500g","p":1.16,"u":"2,32 €/KG","img":"https://fd1-photos.leclercdrive.fr/image.ashx?id=2896063&use=l&cat=p&typeid=i","cat":284427},{"id":5211,"n":"Navet 500g","p":1.25,"u":"2,50 €/KG","img":"https://fd1-photos.leclercdrive.fr/image.ashx?id=1632545&use=l&cat=p&typeid=i","cat":284352},{"id":5216,"n":"Poivron doux rouge 500g","p":2.49,"u":"4,98 €/KG","img":"https://fd1-photos.leclercdrive.fr/image.ashx?id=1633055&use=l&cat=p&typeid=i","cat":284352},{"id":5228,"n":"Pâtes Lustucru spaghetti courts Oeufs frais - 250g","p":0.91,"u":"3,64 €/KG","img":"https://fd1-photos.leclercdrive.fr/image.ashx?id=2519477&use=l&cat=p&typeid=i","cat":284427},{"id":5248,"n":"Yaourts aux fruits Délisse Panaché de fruits - 12x125g","p":3.39,"u":"2,26 €/KG","img":"https://fd1-photos.leclercdrive.fr/image.ashx?id=2658575&use=l&cat=p&typeid=i","cat":284410},{"id":5252,"n":"Pansements Primoplast Spécial articulations 10 bandes","p":1.99,"img":"https://fd1-photos.leclercdrive.fr/image.ashx?id=2897766&use=l&cat=p&typeid=i","cat":284630},{"id":5253,"n":"Pansements Primoplast Spécial Articulations x30","p":1.59,"img":"https://fd1-photos.leclercdrive.fr/image.ashx?id=2832912&use=l&cat=p&typeid=i","cat":284630},{"id":5255,"n":"Croc Côté Croc Poulet Fromage x2 - 200g","p":1.54,"u":"7,70 €/KG","img":"https://fd1-photos.leclercdrive.fr/image.ashx?id=2967549&use=l&cat=p&typeid=i","cat":333683},{"id":5261,"n":"Fromage blanc Délisse Nature 7.8% MG - 8x100g","p":2.89,"u":"3,61 €/KG","img":"https://fd1-photos.leclercdrive.fr/image.ashx?id=3012812&use=l&cat=p&typeid=i","cat":284409},{"id":5264,"n":"Crème glacée Eskiss Fraise avec morceaux - 494g","p":2.79,"u":"5,65 €/KG","img":"https://fd1-photos.leclercdrive.fr/image.ashx?id=2982598&use=l&cat=p&typeid=i","cat":284263},{"id":5265,"n":"Piémontaise Menu Fraîcheur  Au jambon - 300g","p":1.59,"u":"5,30 €/KG","img":"https://fd1-photos.leclercdrive.fr/image.ashx?id=2901425&use=l&cat=p&typeid=i","cat":333657},{"id":5271,"n":"Betteraves Menu Fraîcheur  Rouge en dés - 300g","p":1.19,"u":"3,97 €/KG","img":"https://fd1-photos.leclercdrive.fr/image.ashx?id=2552418&use=l&cat=p&typeid=i","cat":333657},{"id":5274,"n":"Quiche lorraine Coté Table 2x130g","p":2.69,"u":"10,35 €/KG","img":"https://fd1-photos.leclercdrive.fr/image.ashx?id=2869790&use=l&cat=p&typeid=i","cat":333680},{"id":5277,"n":"Yaourts Pâtissiers Délisse Spécialités gourmandes-12x125g","p":3.17,"u":"2,11 €/KG","img":"https://fd1-photos.leclercdrive.fr/image.ashx?id=2501667&use=l&cat=p&typeid=i","cat":314999},{"id":5279,"n":"Actifidus Delisse Nature - 4x125g","p":0.85,"u":"1,70 €/KG","img":"https://fd1-photos.leclercdrive.fr/image.ashx?id=2431107&use=l&cat=p&typeid=i","cat":315000},{"id":5281,"n":"Yaourts Petits Délis Chocolat - 6x100g","p":1.91,"u":"3,18 €/KG","img":"https://fd1-photos.leclercdrive.fr/image.ashx?id=2865188&use=l&cat=p&typeid=i","cat":284414},{"id":5288,"n":"Crème dessert Petits Délis Chocolat et lait - 6x70g","p":1.3,"u":"3,10 €/KG","img":"https://fd1-photos.leclercdrive.fr/image.ashx?id=2572061&use=l&cat=p&typeid=i","cat":285041},{"id":5289,"n":"Torti au surimi Menu Fraîcheur 300g","p":1.7,"u":"5,67 €/KG","img":"https://fd1-photos.leclercdrive.fr/image.ashx?id=2965443&use=l&cat=p&typeid=i","cat":333657},{"id":5290,"n":"Salade Menu Fraîcheur Strasbourgeoise - 300g","p":2.29,"u":"7,63 €/KG","img":"https://fd1-photos.leclercdrive.fr/image.ashx?id=2727626&use=l&cat=p&typeid=i","cat":333657},{"id":5291,"n":"Cordon bleu Côté Croc Dinde - 400g","p":3.67,"u":"9,18 €/KG","img":"https://fd1-photos.leclercdrive.fr/image.ashx?id=2915116&use=l&cat=p&typeid=i","cat":333683},{"id":5293,"n":"Biscuits apéritifs Tokapi 3 saveurs - 100g","p":0.79,"u":"7,90 €/KG","img":"https://fd1-photos.leclercdrive.fr/image.ashx?id=2885768&use=l&cat=p&typeid=i","cat":284449},{"id":5294,"n":"Yaourts brassés Délisse Nature - 4x125g","p":1.05,"u":"2,10 €/KG","img":"https://fd1-photos.leclercdrive.fr/image.ashx?id=2982892&use=l&cat=p&typeid=i","cat":284409},{"id":5308,"n":"Biscuits Mini Rollos Pépito Chocolat au lait - 225g","p":1.84,"u":"8,18 €/KG","img":"https://fd1-photos.leclercdrive.fr/image.ashx?id=3014407&use=l&cat=p&typeid=i","cat":284488},{"id":5317,"n":"Lentilles cuisinées Raynal Et Roquelaure - 410g","p":1.26,"u":"3,07 €/KG","img":"https://fd1-photos.leclercdrive.fr/image.ashx?id=2928396&use=l&cat=p&typeid=i","cat":312609},{"id":5318,"n":"Biscuits galettes St Michel 130g","p":0.89,"u":"6,85 €/KG","img":"https://fd1-photos.leclercdrive.fr/image.ashx?id=2986149&use=l&cat=p&typeid=i","cat":284487},{"id":5321,"n":"Chocolat poudre Benco 400g","p":2.28,"u":"5,70 €/KG","img":"https://fd1-photos.leclercdrive.fr/image.ashx?id=2871805&use=l&cat=p&typeid=i","cat":293235},{"id":5325,"n":"Confiture Bonne Maman Fraise - 370g","p":1.7,"u":"4,59 €/KG","img":"https://fd1-photos.leclercdrive.fr/image.ashx?id=2474984&use=l&cat=p&typeid=i","cat":284480},{"id":5329,"n":"Saucisses aux lentilles William Saurin - 420g","p":2.09,"u":"4,98 €/KG","img":"https://fd1-photos.leclercdrive.fr/image.ashx?id=2890067&use=l&cat=p&typeid=i","cat":284441},{"id":5339,"n":"Fruits au sirop St Mamet Cocktail - 500g","p":3.69,"u":"7,38 €/KG","img":"https://fd1-photos.leclercdrive.fr/image.ashx?id=2412435&use=l&cat=p&typeid=i","cat":284507},{"id":5342,"n":"Soda Canada Dry Ginger Ale 1,5L","p":1.95,"u":"1,30 €/L","img":"https://fd1-photos.leclercdrive.fr/image.ashx?id=2654674&use=l&cat=p&typeid=i","cat":284531},{"id":5362,"n":"Vin mousseux Charles Volner Brut - 12%vol. - 75cl","p":4.22,"u":"5,63 €/L","img":"https://fd1-photos.leclercdrive.fr/image.ashx?id=1592052&use=l&cat=p&typeid=i","cat":284544},{"id":5364,"n":"Fromage blanc Délisse Nature 7% MG - 1kg","p":2.39,"u":"2,39 €/KG","img":"https://fd1-photos.leclercdrive.fr/image.ashx?id=2834999&use=l&cat=p&typeid=i","cat":284409},{"id":5366,"n":"Cire Dépilatoire Siliss Méthode orientale - 250ml","p":3.89,"u":"15,56 €/L","img":"https://fd1-photos.leclercdrive.fr/image.ashx?id=2699396&use=l&cat=p&typeid=i","cat":325351},{"id":5367,"n":"Biscuits tuiles P'tit Déli 100g","p":1.17,"u":"11,70 €/KG","img":"https://fd1-photos.leclercdrive.fr/image.ashx?id=1898889&use=l&cat=p&typeid=i","cat":284487},{"id":5368,"n":"Biscuits Croustillants Tokapi Gouda - 85g","p":0.99,"u":"11,65 €/KG","img":"https://fd1-photos.leclercdrive.fr/image.ashx?id=2507685&use=l&cat=p&typeid=i","cat":297000},{"id":5369,"n":"Légumes couscous Notre Jardin 800g","p":1.49,"u":"1,86 €/KG","img":"https://fd1-photos.leclercdrive.fr/image.ashx?id=2854213&use=l&cat=p&typeid=i","cat":312612},{"id":5381,"n":"Dentifrice Dentamyl Haleine fraîche 75ml","p":1.39,"u":"18,53 €/L","img":"https://fd1-photos.leclercdrive.fr/image.ashx?id=2613828&use=l&cat=p&typeid=i","cat":284612},{"id":5385,"n":"Lait coco Tables du Monde 200ml","p":0.86,"u":"4,30 €/L","img":"https://fd1-photos.leclercdrive.fr/image.ashx?id=2920172&use=l&cat=p&typeid=i","cat":288992},{"id":5386,"n":"Biscuit Petit beurre P'tit Déli Tablette chocolat lait - 150g","p":1.29,"u":"8,60 €/KG","img":"https://fd1-photos.leclercdrive.fr/image.ashx?id=2949176&use=l&cat=p&typeid=i","cat":284488},{"id":5390,"n":"Crème anglaise Délisse 50cl","p":1.28,"u":"2,56 €/L","img":"https://fd1-photos.leclercdrive.fr/image.ashx?id=3002569&use=l&cat=p&typeid=i","cat":284382},{"id":5391,"n":"Yaourts à boire Délisse 3 parfums - 6x180g","p":2.39,"u":"2,21 €/KG","img":"https://fd1-photos.leclercdrive.fr/image.ashx?id=2757924&use=l&cat=p&typeid=i","cat":284415},{"id":5393,"n":"Fromage blanc Délisse Framboise 5.5% MG - 500g","p":2.39,"u":"4,78 €/KG","img":"https://fd1-photos.leclercdrive.fr/image.ashx?id=3012821&use=l&cat=p&typeid=i","cat":284409},{"id":5396,"n":"Bain de bouche Dentamyl Multi Protection - 500ml","p":1.89,"u":"3,78 €/L","img":"https://fd1-photos.leclercdrive.fr/image.ashx?id=2500806&use=l&cat=p&typeid=i","cat":284613},{"id":5399,"n":"Pur jus d'orange Bio Village Bio sans pulpe - 1L","p":2.45,"u":"2,45 €/L","img":"https://fd1-photos.leclercdrive.fr/image.ashx?id=2901521&use=l&cat=p&typeid=i","cat":284521},{"id":5400,"n":"Nouilles bouclées d'Alsace NRT 250g","p":1.39,"u":"5,56 €/KG","img":"https://fd1-photos.leclercdrive.fr/image.ashx?id=2839965&use=l&cat=p&typeid=i","cat":284427},{"id":5403,"n":"Plumes d'Alsace NRT 250g","p":1.39,"u":"5,56 €/KG","img":"https://fd1-photos.leclercdrive.fr/image.ashx?id=2839971&use=l&cat=p&typeid=i","cat":284427},{"id":5404,"n":"IGP Coquilles d'Alsace NRT 250g","p":1.39,"u":"5,56 €/KG","img":"https://fd1-photos.leclercdrive.fr/image.ashx?id=2839974&use=l&cat=p&typeid=i","cat":284427},{"id":5405,"n":"Saucisse sèche d'Auvergne  NRT - 300g","p":5.74,"u":"19,13 €/KG","img":"https://fd1-photos.leclercdrive.fr/image.ashx?id=2991473&use=l&cat=p&typeid=i","cat":316006},{"id":5406,"n":"Saucisson sec d'Auvergne IGP Nos Régions ont du Talent 300g","p":5.54,"u":"18,47 €/KG","img":"https://fd1-photos.leclercdrive.fr/image.ashx?id=2991476&use=l&cat=p&typeid=i","cat":316006},{"id":5407,"n":"Coquillettes d'Alsace NRT 250g","p":1.39,"u":"5,56 €/KG","img":"https://fd1-photos.leclercdrive.fr/image.ashx?id=2839977&use=l&cat=p&typeid=i","cat":284427},{"id":5449,"n":"Boîte chat Whiskas Terrine du marché - 4x400g","p":4.53,"u":"2,83 €/KG","img":"https://fd1-photos.leclercdrive.fr/image.ashx?id=2759619&use=l&cat=p&typeid=i","cat":285601},{"id":5465,"n":"Eau de source de Montagne 6x50cl","p":1.67,"u":"0,56 €/L","img":"https://fd1-photos.leclercdrive.fr/image.ashx?id=2727614&use=l&cat=p&typeid=i","cat":284535},{"id":5467,"n":"Papier toilette Parfumé Mimosa Instant zen - x6","p":2.85,"u":"0,48 €/P","img":"https://fd1-photos.leclercdrive.fr/image.ashx?id=2897925&use=l&cat=p&typeid=i","cat":284634},{"id":5468,"n":"Papier toilette Parfumé Mimosa Soleil d'été - x6","p":2.99,"u":"0,50 €/P","img":"https://fd1-photos.leclercdrive.fr/image.ashx?id=2961674&use=l&cat=p&typeid=i","cat":284634},{"id":5472,"n":"Biscuits barquettes P'tit Déli Fraise - 2x120g","p":1.66,"u":"6,92 €/KG","img":"https://fd1-photos.leclercdrive.fr/image.ashx?id=2691168&use=l&cat=p&typeid=i","cat":284489},{"id":5496,"n":"Pineau des Charentes rosé Jules Gautret 17%vol. 75cl","p":9.98,"u":"13,31 €/L","img":"https://fd1-photos.leclercdrive.fr/image.ashx?id=1933212&use=l&cat=p&typeid=i","cat":284913},{"id":5497,"n":"Gelée Bonne Maman Cassis - 370g","p":1.79,"u":"4,84 €/KG","img":"https://fd1-photos.leclercdrive.fr/image.ashx?id=2901662&use=l&cat=p&typeid=i","cat":284480},{"id":5498,"n":"Comté des terroirs Entremont 200g","p":3.51,"u":"17,55 €/KG","img":"https://fd1-photos.leclercdrive.fr/image.ashx?id=2474245&use=l&cat=p&typeid=i","cat":314034},{"id":5509,"n":"Pâtes Torsades Turini 1kg","p":1.29,"u":"1,29 €/KG","img":"https://fd1-photos.leclercdrive.fr/image.ashx?id=2980456&use=l&cat=p&typeid=i","cat":284427},{"id":5511,"n":"Sparadrap Primoplast Peaux délicates 5mx2.5cm","p":1.48,"img":"https://fd1-photos.leclercdrive.fr/image.ashx?id=2856426&use=l&cat=p&typeid=i","cat":284630},{"id":5512,"n":"Sparadrap Primoplast résistant 5mx2.5cm","p":1.49,"img":"https://fd1-photos.leclercdrive.fr/image.ashx?id=2856435&use=l&cat=p&typeid=i","cat":284630},{"id":5514,"n":"Bande strapping Primoplast Adhésive 2.5mx6cm","p":3.39,"img":"https://fd1-photos.leclercdrive.fr/image.ashx?id=2856441&use=l&cat=p&typeid=i","cat":284630},{"id":5515,"n":"Vin mousseux d'Union Européenne  brut  -75cl","p":2.99,"u":"3,99 €/L","img":"https://fd1-photos.leclercdrive.fr/image.ashx?id=2807279&use=l&cat=p&typeid=i","cat":284544},{"id":5517,"n":"Canapés toasts Epi d'Or Nature - 280g","p":1.12,"u":"4,00 €/KG","img":"https://fd1-photos.leclercdrive.fr/image.ashx?id=2610166&use=l&cat=p&typeid=i","cat":285454},{"id":5526,"n":"Fromage Bleu d'Auvergne NRT  AOP - 125g","p":1.39,"u":"11,12 €/KG","img":"https://fd1-photos.leclercdrive.fr/image.ashx?id=2771040&use=l&cat=p&typeid=i","cat":314032},{"id":5529,"n":"Croquettes petits chiens Ultima  Poulet - Yorkshire - 800g","p":3.05,"u":"3,81 €/KG","img":"https://fd1-photos.leclercdrive.fr/image.ashx?id=2922224&use=l&cat=p&typeid=i","cat":294526},{"id":5534,"n":"Copies doubles Esquisse Perforées  21x29.7cm- 300 pages","p":2.49,"img":"https://fd1-photos.leclercdrive.fr/image.ashx?id=2943202&use=l&cat=p&typeid=i","cat":284697},{"id":5535,"n":"Feuilles simples Esquisse 90g A4 - 300 pages","p":2.49,"u":"0,01 €/P","img":"https://fd1-photos.leclercdrive.fr/image.ashx?id=2943205&use=l&cat=p&typeid=i","cat":284697},{"id":5536,"n":"Biscuits Pockitos Pépito Chocolat au lait - 295g","p":3.35,"u":"11,36 €/KG","img":"https://fd1-photos.leclercdrive.fr/image.ashx?id=3001955&use=l&cat=p&typeid=i","cat":284488},{"id":5545,"n":"Garniture Bouchées à la reine Petit Jean - 400g","p":2.07,"u":"5,18 €/KG","img":"https://fd1-photos.leclercdrive.fr/image.ashx?id=2677240&use=l&cat=p&typeid=i","cat":284441},{"id":5561,"n":"Tampons Doulys Digitaux Super - x24","p":1.26,"u":"0,05 €/P","img":"https://fd1-photos.leclercdrive.fr/image.ashx?id=2965413&use=l&cat=p&typeid=i","cat":284626},{"id":5563,"n":"Biscuits P'tit Déli Délimousse 175g","p":1.51,"u":"8,63 €/KG","img":"https://fd1-photos.leclercdrive.fr/image.ashx?id=2540936&use=l&cat=p&typeid=i","cat":284495},{"id":5564,"n":"Lingettes nettoyantes Clair Vitres 3en1 x20","p":0.87,"u":"0,04 €/P","img":"https://fd1-photos.leclercdrive.fr/image.ashx?id=2968619&use=l&cat=p&typeid=i","cat":325363},{"id":5573,"n":"Quenelles Côté Table volaille Sauce champignons 400g","p":1.75,"u":"4,38 €/KG","img":"https://fd1-photos.leclercdrive.fr/image.ashx?id=2977135&use=l&cat=p&typeid=i","cat":284441},{"id":5574,"n":"Quenelles Côté Table saumon Sauce crevette 400g","p":1.8,"u":"4,50 €/KG","img":"https://fd1-photos.leclercdrive.fr/image.ashx?id=2977138&use=l&cat=p&typeid=i","cat":284441},{"id":5575,"n":"Compote Douceur du Verger Gourdes Pomme - 12x90g","p":2.7,"u":"2,50 €/KG","img":"https://fd1-photos.leclercdrive.fr/image.ashx?id=2837030&use=l&cat=p&typeid=i","cat":284508},{"id":5576,"n":"Biscuits choco barre P'tit Déli Chocolat lait 295g","p":2.64,"u":"8,95 €/KG","img":"https://fd1-photos.leclercdrive.fr/image.ashx?id=2618229&use=l&cat=p&typeid=i","cat":284488},{"id":5578,"n":"Cuillers à pâtisserie  P'tit Déli 300g","p":2.49,"u":"8,30 €/KG","img":"https://fd1-photos.leclercdrive.fr/image.ashx?id=2046352&use=l&cat=p&typeid=i","cat":284487},{"id":5579,"n":"Préfou à l'ail Paso 350g","p":3.52,"u":"10,06 €/KG","img":"https://fd1-photos.leclercdrive.fr/image.ashx?id=2332621&use=l&cat=p&typeid=i","cat":316003},{"id":5581,"n":"Chewing-gum sans sucre Freedent Menthe verte 5x10 dragées 70g","p":2.13,"img":"https://fd1-photos.leclercdrive.fr/image.ashx?id=2325482&use=l&cat=p&typeid=i","cat":304251},{"id":5582,"n":"Chewing-gum Freedent white Fruits sans sucre x50 - 70g","p":2.1,"u":"30,00 €/KG","img":"https://fd1-photos.leclercdrive.fr/image.ashx?id=2237283&use=l&cat=p&typeid=i","cat":304251},{"id":5600,"n":"Pâté Hénaff 78g","p":1.24,"u":"15,90 €/KG","img":"https://fd1-photos.leclercdrive.fr/image.ashx?id=2280516&use=l&cat=p&typeid=i","cat":305149},{"id":5612,"n":"Eau de source Cristaline 6x1,5L","p":1.09,"u":"0,12 €/L","img":"https://fd1-photos.leclercdrive.fr/image.ashx?id=2389449&use=l&cat=p&typeid=i","cat":284535},{"id":5619,"n":"Oeufs de lompe Ronde des Mers Rouge - MSC - 100g","p":2.6,"u":"26,00 €/KG","img":"https://fd1-photos.leclercdrive.fr/image.ashx?id=2822720&use=l&cat=p&typeid=i","cat":285191},{"id":5621,"n":"Chips crevette Tokapi 50g","p":0.65,"u":"13,00 €/KG","img":"https://fd1-photos.leclercdrive.fr/image.ashx?id=2951332&use=l&cat=p&typeid=i","cat":288992},{"id":5622,"n":"Croquettes chiens Lydog Spécial Forme - Volaille - 4kg","p":4.99,"u":"1,25 €/KG","img":"https://fd1-photos.leclercdrive.fr/image.ashx?id=2191117&use=l&cat=p&typeid=i","cat":284672},{"id":5624,"n":"Croquettes chiens Lydog Junior - Volaille - 4kg","p":7.98,"u":"2,00 €/KG","img":"https://fd1-photos.leclercdrive.fr/image.ashx?id=1937477&use=l&cat=p&typeid=i","cat":284672},{"id":5626,"n":"Bonbons Copains Copines Frites acides - 275 g","p":1.71,"u":"6,22 €/KG","img":"https://fd1-photos.leclercdrive.fr/image.ashx?id=2934655&use=l&cat=p&typeid=i","cat":304250},{"id":5630,"n":"Papier toilette blanc Mimosa Ultra doux maxi rouleau - x12","p":5.4,"u":"0,45 €/P","img":"https://fd1-photos.leclercdrive.fr/image.ashx?id=2794862&use=l&cat=p&typeid=i","cat":284634},{"id":5633,"n":"Soufflés Grignot' Tokapi Cacahuète - 90g","p":0.72,"u":"8,00 €/KG","img":"https://fd1-photos.leclercdrive.fr/image.ashx?id=2049223&use=l&cat=p&typeid=i","cat":284449},{"id":5718,"n":"Tampons Doulys avec applicateur Super - x24","p":2.47,"u":"0,10 €/P","img":"https://fd1-photos.leclercdrive.fr/image.ashx?id=2965458&use=l&cat=p&typeid=i","cat":284626},{"id":5772,"n":"Biscuits tartelette Bonne Maman Citron 125g","p":1.3,"u":"10,40 €/KG","img":"https://fd1-photos.leclercdrive.fr/image.ashx?id=2962296&use=l&cat=p&typeid=i","cat":284489},{"id":5802,"n":"Lait entier Vitamine D Lactel UHT Bouteille - 6x1l","p":10.31,"u":"1,72 €/L","img":"https://fd1-photos.leclercdrive.fr/image.ashx?id=2889427&use=l&cat=p&typeid=i","cat":285610},{"id":5816,"n":"Rillettes de thon Cap Océan MSC 150g","p":1.88,"u":"12,53 €/KG","img":"https://fd1-photos.leclercdrive.fr/image.ashx?id=2668440&use=l&cat=p&typeid=i","cat":285191},{"id":5823,"n":"Lait demi-écrémé Lactel Vitamine D Bouteille - 6x50cl","p":5.56,"u":"1,85 €/L","img":"https://fd1-photos.leclercdrive.fr/image.ashx?id=2993403&use=l&cat=p&typeid=i","cat":284377},{"id":5831,"n":"Ketchup Rustica Epicé - 560g","p":1.59,"u":"2,84 €/KG","img":"https://fd1-photos.leclercdrive.fr/image.ashx?id=3005667&use=l&cat=p&typeid=i","cat":284455},{"id":5833,"n":"Biscuits Cuillers P'tit Déli Dégustation x20 - 200g","p":2.49,"u":"12,45 €/KG","img":"https://fd1-photos.leclercdrive.fr/image.ashx?id=1856164&use=l&cat=p&typeid=i","cat":284487},{"id":5840,"n":"Filets anchois Rondes des mers 105g","p":2.73,"u":"26,00 €/KG","img":"https://fd1-photos.leclercdrive.fr/image.ashx?id=2046038&use=l&cat=p&typeid=i","cat":285190},{"id":5846,"n":"Saumon fumé Ronde des Mers Ecosse x8T - 300g","p":10.99,"u":"36,63 €/KG","img":"https://fd1-photos.leclercdrive.fr/image.ashx?id=2449981&use=l&cat=p&typeid=i","cat":285188},{"id":5850,"n":"Couscous Côté Table Poulet merguez 450g","p":2.7,"u":"6,00 €/KG","img":"https://fd1-photos.leclercdrive.fr/image.ashx?id=1936608&use=l&cat=p&typeid=i","cat":333665},{"id":5856,"n":"Préparation pour crème brûlée Délisse 4x100g","p":2.59,"u":"6,48 €/KG","img":"https://fd1-photos.leclercdrive.fr/image.ashx?id=2842465&use=l&cat=p&typeid=i","cat":284419},{"id":5859,"n":"Guacamole Tables du Monde 200g","p":2.29,"u":"13,09 €/KG","img":"https://fd1-photos.leclercdrive.fr/image.ashx?id=2872252&use=l&cat=p&typeid=i","cat":315999},{"id":5860,"n":"Petit pot de crème Délisse Pistache - 4x100g","p":1.85,"u":"4,63 €/KG","img":"https://fd1-photos.leclercdrive.fr/image.ashx?id=2550378&use=l&cat=p&typeid=i","cat":285041},{"id":5865,"n":"Actifidus Délisse Noix de coco - 4x125g","p":1.38,"u":"2,76 €/KG","img":"https://fd1-photos.leclercdrive.fr/image.ashx?id=2421039&use=l&cat=p&typeid=i","cat":315000},{"id":5866,"n":"Actifidus Délisse Vanille - 12x125g","p":2.58,"u":"1,72 €/KG","img":"https://fd1-photos.leclercdrive.fr/image.ashx?id=2751877&use=l&cat=p&typeid=i","cat":315000},{"id":5868,"n":"Spécialité au soja Nat & Vie Vanille - 4x100g","p":1.37,"u":"3,43 €/KG","img":"https://fd1-photos.leclercdrive.fr/image.ashx?id=2901434&use=l&cat=p&typeid=i","cat":316071},{"id":5869,"n":"Spécialité au soja Nat & Vie Chocolat - 4x100g","p":1.34,"u":"3,35 €/KG","img":"https://fd1-photos.leclercdrive.fr/image.ashx?id=2901437&use=l&cat=p&typeid=i","cat":316071},{"id":5870,"n":"Boisson soja nature Végé 1L Végé - 200g","p":0.85,"u":"0,85 €/L","img":"https://fd1-photos.leclercdrive.fr/image.ashx?id=2861413&use=l&cat=p&typeid=i","cat":316067},{"id":5871,"n":"Yaourts à boire DéliUp' Délisse Fraise - 10x100g","p":2.87,"u":"2,87 €/KG","img":"https://fd1-photos.leclercdrive.fr/image.ashx?id=1871092&use=l&cat=p&typeid=i","cat":284415},{"id":5873,"n":"Beignets crevettes Tables du Monde x6 140g","p":2.06,"u":"14,71 €/KG","img":"https://fd1-photos.leclercdrive.fr/image.ashx?id=2865053&use=l&cat=p&typeid=i","cat":333673},{"id":5878,"n":"Jus 3 agrumes Jafaden 1L","p":2.75,"u":"2,75 €/L","img":"https://fd1-photos.leclercdrive.fr/image.ashx?id=2916665&use=l&cat=p&typeid=i","cat":285435},{"id":5880,"n":"Yaourts mousse Petits Délis Fruits - 6x74g","p":1.77,"u":"3,99 €/KG","img":"https://fd1-photos.leclercdrive.fr/image.ashx?id=2907057&use=l&cat=p&typeid=i","cat":284414},{"id":5891,"n":"Tzatziki Tables du Monde 200g","p":1.59,"u":"7,95 €/KG","img":"https://fd1-photos.leclercdrive.fr/image.ashx?id=2872255&use=l&cat=p&typeid=i","cat":315999},{"id":5895,"n":"Tripes mode de caen NRT 600g","p":3.99,"u":"6,65 €/KG","img":"https://fd1-photos.leclercdrive.fr/image.ashx?id=2723198&use=l&cat=p&typeid=i","cat":284441},{"id":5901,"n":"Filtre à café Melitta 1x4 Original - x40","p":0.99,"u":"0,02 €/P","img":"https://fd1-photos.leclercdrive.fr/image.ashx?id=2882053&use=l&cat=p&typeid=i","cat":284751},{"id":5907,"n":"Haricots beurre d'aucy Extra-fins - 440g","p":1.8,"u":"4,09 €/KG","img":"https://fd1-photos.leclercdrive.fr/image.ashx?id=2431536&use=l&cat=p&typeid=i","cat":312606},{"id":5909,"n":"Mini gâches briochettes NRT Pur beurre x8 - 360g","p":2.07,"u":"5,75 €/KG","img":"https://fd1-photos.leclercdrive.fr/image.ashx?id=2670416&use=l&cat=p&typeid=i","cat":284478},{"id":5910,"n":"Ketchup Amora 280g","p":1.06,"u":"3,79 €/KG","img":"https://fd1-photos.leclercdrive.fr/image.ashx?id=2766667&use=l&cat=p&typeid=i","cat":284455},{"id":5911,"n":"Sel fin Cérébos 250g","p":0.77,"u":"3,08 €/KG","img":"https://fd1-photos.leclercdrive.fr/image.ashx?id=2904173&use=l&cat=p&typeid=i","cat":284457},{"id":5912,"n":"Sel fin iodé Cérébos 500g","p":0.49,"u":"0,98 €/KG","img":"https://fd1-photos.leclercdrive.fr/image.ashx?id=2522095&use=l&cat=p&typeid=i","cat":284457},{"id":5917,"n":"Boule de pain tranchée 400g","p":1.3,"u":"3,25 €/KG","img":"https://fd1-photos.leclercdrive.fr/image.ashx?id=2062891&use=l&cat=p&typeid=i","cat":284359},{"id":5951,"n":"Ravioli bolognaise   Panzani - 800g","p":3.52,"u":"4,40 €/KG","img":"https://fd1-photos.leclercdrive.fr/image.ashx?id=2876062&use=l&cat=p&typeid=i","cat":284442},{"id":5954,"n":"Café moulu San Marco Arabica - 2x250g","p":10.49,"u":"20,98 €/KG","img":"https://fd1-photos.leclercdrive.fr/image.ashx?id=2645510&use=l&cat=p&typeid=i","cat":284750},{"id":6000,"n":"Clémentines  1kg","p":3.29,"u":"3,29 €/KG","img":"https://fd1-photos.leclercdrive.fr/image.ashx?id=1628983&use=l&cat=p&typeid=i","cat":284356},{"id":6003,"n":"Collants Well Elastivoile Résistant ibiza T1","p":3.7,"img":"https://fd1-photos.leclercdrive.fr/image.ashx?id=2538638&use=l&cat=p&typeid=i","cat":334130},{"id":6004,"n":"Collants Well Elastivoile Résistant ibiza T2","p":3.7,"img":"https://fd1-photos.leclercdrive.fr/image.ashx?id=2560840&use=l&cat=p&typeid=i","cat":334130},{"id":6006,"n":"Collants Well Elastivoile Résistant noir T2","p":3.7,"img":"https://fd1-photos.leclercdrive.fr/image.ashx?id=2056542&use=l&cat=p&typeid=i","cat":334130},{"id":6035,"n":"Sauce tomate bio Jardin Bio' Provençale - 200g","p":1.48,"u":"7,40 €/KG","img":"https://fd1-photos.leclercdrive.fr/image.ashx?id=3014494&use=l&cat=p&typeid=i","cat":287599},{"id":6037,"n":"Ratatouille Jardin Bio' A la provençale bio - 650g","p":2.38,"u":"3,66 €/KG","img":"https://fd1-photos.leclercdrive.fr/image.ashx?id=2903230&use=l&cat=p&typeid=i","cat":312612},{"id":6038,"n":"Lentilles corail bio Jardin Bio 500g","p":2.78,"u":"5,56 €/KG","img":"https://fd1-photos.leclercdrive.fr/image.ashx?id=2415999&use=l&cat=p&typeid=i","cat":284430},{"id":6039,"n":"Vinaigre de cidre Jardin Bio Bio - 75cl","p":2.83,"u":"3,77 €/L","img":"https://fd1-photos.leclercdrive.fr/image.ashx?id=2918295&use=l&cat=p&typeid=i","cat":298543},{"id":6048,"n":"Sauce tomate Jardin Bio' Bio Basilic - 200g","p":1.41,"u":"7,05 €/KG","img":"https://fd1-photos.leclercdrive.fr/image.ashx?id=2967848&use=l&cat=p&typeid=i","cat":287599},{"id":6049,"n":"Ravioli Jardin Bio Bio légumes - 675g","p":2.8,"u":"4,15 €/KG","img":"https://fd1-photos.leclercdrive.fr/image.ashx?id=2534878&use=l&cat=p&typeid=i","cat":284442},{"id":6050,"n":"Lentilles vertes Jardin Bio' Bio cuisinées - 400g","p":2.05,"u":"5,13 €/KG","img":"https://fd1-photos.leclercdrive.fr/image.ashx?id=2944831&use=l&cat=p&typeid=i","cat":312609},{"id":6054,"n":"Sauce tomate Jardin Bio Bio spaghetti - 200g","p":1.93,"u":"9,65 €/KG","img":"https://fd1-photos.leclercdrive.fr/image.ashx?id=3000192&use=l&cat=p&typeid=i","cat":287599},{"id":6058,"n":"Spaguetti Jardin Bio Bio quinoa tomate - 500g","p":1.79,"u":"3,58 €/KG","img":"https://fd1-photos.leclercdrive.fr/image.ashx?id=3002108&use=l&cat=p&typeid=i","cat":284427},{"id":6063,"n":"Ketchup Jardin Bio' Bio - 560g","p":2.16,"u":"3,86 €/KG","img":"https://fd1-photos.leclercdrive.fr/image.ashx?id=2918316&use=l&cat=p&typeid=i","cat":284455},{"id":6067,"n":"Huile d'olive Bio Village Bio Vierge extra - 75cl","p":7.47,"u":"9,96 €/L","img":"https://fd1-photos.leclercdrive.fr/image.ashx?id=3005697&use=l&cat=p&typeid=i","cat":284453},{"id":6068,"n":"Spaghetti Bio Village Bio - 500g","p":0.83,"u":"1,66 €/KG","img":"https://fd1-photos.leclercdrive.fr/image.ashx?id=2503284&use=l&cat=p&typeid=i","cat":284427},{"id":6069,"n":"Pâtes Coquillettes Bio Village Bio - 500g","p":0.84,"u":"1,68 €/KG","img":"https://fd1-photos.leclercdrive.fr/image.ashx?id=2625364&use=l&cat=p&typeid=i","cat":284427},{"id":6073,"n":"Crème fraîche bio Bio village Epaisse - 30% MG - 20cl","p":1.17,"u":"5,85 €/L","img":"https://fd1-photos.leclercdrive.fr/image.ashx?id=1975047&use=l&cat=p&typeid=i","cat":284381},{"id":6075,"n":"Quinoa Bio Village Bio - 500g","p":3.25,"u":"6,50 €/KG","img":"https://fd1-photos.leclercdrive.fr/image.ashx?id=2245755&use=l&cat=p&typeid=i","cat":284429},{"id":6076,"n":"Cookies chocolat Bio Village Bio 200g","p":2.74,"u":"13,70 €/KG","img":"https://fd1-photos.leclercdrive.fr/image.ashx?id=2400523&use=l&cat=p&typeid=i","cat":325066},{"id":6077,"n":"Biscuits sésame Bio Village Bio - 230g","p":1.76,"u":"7,65 €/KG","img":"https://fd1-photos.leclercdrive.fr/image.ashx?id=2363808&use=l&cat=p&typeid=i","cat":284487},{"id":6078,"n":"Yaourts lait brebis nature Bio Bio village - 2x125g","p":1.42,"u":"5,68 €/KG","img":"https://fd1-photos.leclercdrive.fr/image.ashx?id=2841959&use=l&cat=p&typeid=i","cat":314998},{"id":6085,"n":"Jus de fruits Tropicana Multivitamines - 1,5L","p":3.5,"u":"2,33 €/L","img":"https://fd1-photos.leclercdrive.fr/image.ashx?id=2605818&use=l&cat=p&typeid=i","cat":284917},{"id":6089,"n":"Pâtes Blé complet Barilla Spaghetti Integrale - 500g","p":1.22,"u":"2,44 €/KG","img":"https://fd1-photos.leclercdrive.fr/image.ashx?id=2986951&use=l&cat=p&typeid=i","cat":284427},{"id":6105,"n":"Biscuits apéritif Lay's 3D's Goût Nature Sel - 85g","p":0.81,"u":"9,53 €/KG","img":"https://fd1-photos.leclercdrive.fr/image.ashx?id=2917417&use=l&cat=p&typeid=i","cat":284449},{"id":6106,"n":"Biscuits apéritif Lay's 3D's Goût Fromage - 85g","p":0.81,"u":"9,53 €/KG","img":"https://fd1-photos.leclercdrive.fr/image.ashx?id=2923672&use=l&cat=p&typeid=i","cat":284449},{"id":6145,"n":"Biscuits Goûters REM Chocolat - 3x125g","p":2.29,"u":"6,11 €/KG","img":"https://fd1-photos.leclercdrive.fr/image.ashx?id=2841193&use=l&cat=p&typeid=i","cat":284488},{"id":6147,"n":"Biscuits barres Pockitos Pépito Chocolat au lait - 162g","p":1.8,"u":"11,11 €/KG","img":"https://fd1-photos.leclercdrive.fr/image.ashx?id=3001964&use=l&cat=p&typeid=i","cat":284488},{"id":6152,"n":"Pâtes gansettes Panzani 500g","p":1.15,"u":"2,30 €/KG","img":"https://fd1-photos.leclercdrive.fr/image.ashx?id=2876017&use=l&cat=p&typeid=i","cat":284427},{"id":6153,"n":"Pâtes Macaroni Panzani 1kg","p":1.75,"u":"1,75 €/KG","img":"https://fd1-photos.leclercdrive.fr/image.ashx?id=2876026&use=l&cat=p&typeid=i","cat":284427},{"id":6154,"n":"Pâtes farfalle Panzani 500g","p":1.05,"u":"2,10 €/KG","img":"https://fd1-photos.leclercdrive.fr/image.ashx?id=2884300&use=l&cat=p&typeid=i","cat":284427},{"id":6155,"n":"Pâtes Torti Panzani 3 Minutes - 500G","p":1.17,"u":"2,34 €/KG","img":"https://fd1-photos.leclercdrive.fr/image.ashx?id=2896084&use=l&cat=p&typeid=i","cat":284427},{"id":6169,"n":"Fromage apéritif Apéricube Nature 24 cubes","p":2.15,"u":"17,20 €/KG","img":"https://fd1-photos.leclercdrive.fr/image.ashx?id=2883447&use=l&cat=p&typeid=i","cat":314027},{"id":6175,"n":"Rasoirs jetables Bic Sensitive 2 lames - x10","p":2.49,"u":"0,25 €/P","img":"https://fd1-photos.leclercdrive.fr/image.ashx?id=2481553&use=l&cat=p&typeid=i","cat":284616},{"id":6185,"n":"Sucre glace Béghin Say 500g","p":1.9,"u":"3,80 €/KG","img":"https://fd1-photos.leclercdrive.fr/image.ashx?id=2593608&use=l&cat=p&typeid=i","cat":284502},{"id":6188,"n":"Boisson lactée Candy'UP Fraise - 6x20cl","p":2.48,"u":"2,07 €/L","img":"https://fd1-photos.leclercdrive.fr/image.ashx?id=2485629&use=l&cat=p&typeid=i","cat":295246},{"id":6199,"n":"Beurre Moulé Paysan Breton Demi-sel - 80%MG - 250g","p":2.99,"u":"11,96 €/KG","img":"https://fd1-photos.leclercdrive.fr/image.ashx?id=2947844&use=l&cat=p&typeid=i","cat":284379},{"id":6218,"n":"Fromage blanc Déli'light aux Fruits - 0% mg - 8x100g","p":2.89,"u":"3,61 €/KG","img":"https://fd1-photos.leclercdrive.fr/image.ashx?id=2967552&use=l&cat=p&typeid=i","cat":315000},{"id":6223,"n":"Fromage Maroilles AOP  Nos Régions ont du Talent 200g","p":2.69,"u":"13,45 €/KG","img":"https://fd1-photos.leclercdrive.fr/image.ashx?id=2411892&use=l&cat=p&typeid=i","cat":329558},{"id":6239,"n":"Nuggets de dinde Le Gaulois  x50 - 1kg","p":5.59,"u":"5,59 €/KG","img":"https://fd1-photos.leclercdrive.fr/image.ashx?id=2921274&use=l&cat=p&typeid=i","cat":333684},{"id":6240,"n":"Cordons bleu Le Gaulois Dinde x10 - 1kg","p":7.72,"u":"7,72 €/KG","img":"https://fd1-photos.leclercdrive.fr/image.ashx?id=2485913&use=l&cat=p&typeid=i","cat":333683},{"id":6242,"n":"Café soluble Plantation Qualité filtre - 100g","p":2.75,"u":"27,50 €/KG","img":"https://fd1-photos.leclercdrive.fr/image.ashx?id=2834272&use=l&cat=p&typeid=i","cat":284843},{"id":6243,"n":"AOC Muscadet vin blanc Les Caractères - BIB 3L","p":11.42,"u":"3,81 €/L","img":"https://fd1-photos.leclercdrive.fr/image.ashx?id=2923396&use=l&cat=p&typeid=i","cat":289560},{"id":6249,"n":"Céleri Menu Fraîcheur  Rémoulade - 500g","p":1.58,"u":"3,16 €/KG","img":"https://fd1-photos.leclercdrive.fr/image.ashx?id=2820107&use=l&cat=p&typeid=i","cat":333657},{"id":6254,"n":"Salade Coleslaw Menu Fraîcheur  300g","p":1.19,"u":"3,97 €/KG","img":"https://fd1-photos.leclercdrive.fr/image.ashx?id=2645891&use=l&cat=p&typeid=i","cat":333657},{"id":6256,"n":"Pizza Turini Jambon champignons - 450g","p":2.73,"u":"6,07 €/KG","img":"https://fd1-photos.leclercdrive.fr/image.ashx?id=2709734&use=l&cat=p&typeid=i","cat":333679},{"id":6276,"n":"Part de flan  2x1p","p":4.4,"u":"2,20 €/P","img":"https://fd1-photos.leclercdrive.fr/image.ashx?id=572782&use=l&cat=p&typeid=i","cat":284360},{"id":6281,"n":"Croissants pur beurre x4   200g","p":2.8,"u":"14,00 €/KG","img":"https://fd1-photos.leclercdrive.fr/image.ashx?id=572842&use=l&cat=p&typeid=i","cat":284984},{"id":6282,"n":"Pains au chocolat x4 200g","p":3.4,"u":"17,00 €/KG","img":"https://fd1-photos.leclercdrive.fr/image.ashx?id=2070965&use=l&cat=p&typeid=i","cat":284984},{"id":6287,"n":"Gland  2x1 p","p":2.99,"u":"1,50 €/P","img":"https://fd1-photos.leclercdrive.fr/image.ashx?id=572944&use=l&cat=p&typeid=i","cat":284360},{"id":6291,"n":"Semoule fine Panzani 500g","p":1.03,"u":"2,06 €/KG","img":"https://fd1-photos.leclercdrive.fr/image.ashx?id=2745559&use=l&cat=p&typeid=i","cat":284429},{"id":6314,"n":"Pansements Primoplast Peaux sensibles x30","p":0.88,"img":"https://fd1-photos.leclercdrive.fr/image.ashx?id=2832918&use=l&cat=p&typeid=i","cat":284630},{"id":6340,"n":"Goûters fourrés P'tit Déli Chocolat x16 - 300g","p":1.23,"u":"4,10 €/KG","img":"https://fd1-photos.leclercdrive.fr/image.ashx?id=2100548&use=l&cat=p&typeid=i","cat":284488},{"id":6343,"n":"Garniture de céleris  Notre Jardin - 250g","p":0.99,"u":"3,96 €/KG","img":"https://fd1-photos.leclercdrive.fr/image.ashx?id=2529534&use=l&cat=p&typeid=i","cat":312612},{"id":6344,"n":"Boules soufflées Tokapi  Fromage - 50g","p":0.58,"u":"11,60 €/KG","img":"https://fd1-photos.leclercdrive.fr/image.ashx?id=2885762&use=l&cat=p&typeid=i","cat":284449},{"id":6345,"n":"Couscous Comptoir du Monde Grain moyen - 500g","p":0.84,"u":"1,68 €/KG","img":"https://fd1-photos.leclercdrive.fr/image.ashx?id=3012800&use=l&cat=p&typeid=i","cat":284429},{"id":6347,"n":"Beurre  Les Croisés 80% MG  Demi-sel Extra fin - 250g","p":2.99,"u":"11,96 €/KG","img":"https://fd1-photos.leclercdrive.fr/image.ashx?id=2839881&use=l&cat=p&typeid=i","cat":284379},{"id":6350,"n":"Eponges Mamison couleur Super absorbantes x3","p":1.22,"u":"0,41 €/P","img":"https://fd1-photos.leclercdrive.fr/image.ashx?id=2458049&use=l&cat=p&typeid=i","cat":284667},{"id":6353,"n":"Pancetta italienne Saint Azay 10 tranches - 100g","p":2.89,"u":"28,90 €/KG","img":"https://fd1-photos.leclercdrive.fr/image.ashx?id=2665847&use=l&cat=p&typeid=i","cat":316007},{"id":6354,"n":"Miel Nid d'Abeille Crémeux - 500 g","p":3.92,"u":"7,84 €/KG","img":"https://fd1-photos.leclercdrive.fr/image.ashx?id=2676534&use=l&cat=p&typeid=i","cat":287643},{"id":6355,"n":"AOC Clairette de Die doux Rives et Terrasses - 75cl","p":5.29,"u":"7,05 €/L","img":"https://fd1-photos.leclercdrive.fr/image.ashx?id=2753369&use=l&cat=p&typeid=i","cat":284544},{"id":6357,"n":"Chorizo doux Saint Azay 30 tranches - 150g","p":2.09,"u":"13,93 €/KG","img":"https://fd1-photos.leclercdrive.fr/image.ashx?id=1873710&use=l&cat=p&typeid=i","cat":316007},{"id":6358,"n":"Gel nettoyant wc javel Syphon Agrumes 750ml","p":0.89,"u":"1,19 €/L","img":"https://fd1-photos.leclercdrive.fr/image.ashx?id=2669696&use=l&cat=p&typeid=i","cat":284662},{"id":6359,"n":"Croûtons Epi d'Or Fromage - 90g","p":0.99,"u":"11,00 €/KG","img":"https://fd1-photos.leclercdrive.fr/image.ashx?id=2651783&use=l&cat=p&typeid=i","cat":284464},{"id":6360,"n":"Croûtons Epi d'Or  Oignon - 90g","p":0.99,"u":"11,00 €/KG","img":"https://fd1-photos.leclercdrive.fr/image.ashx?id=2640986&use=l&cat=p&typeid=i","cat":284464},{"id":6361,"n":"Crème Dépilatoire Siliss Tous types de peaux - 200ml","p":1.79,"u":"8,95 €/L","img":"https://fd1-photos.leclercdrive.fr/image.ashx?id=2699678&use=l&cat=p&typeid=i","cat":325351},{"id":6362,"n":"Mélange Gourmand Tokapi  Graines et raisins - 120g","p":1.29,"u":"10,75 €/KG","img":"https://fd1-photos.leclercdrive.fr/image.ashx?id=2795547&use=l&cat=p&typeid=i","cat":284448},{"id":6365,"n":"Galettes sarrasin NRT de Bretagne 230g","p":1.79,"u":"7,78 €/KG","img":"https://fd1-photos.leclercdrive.fr/image.ashx?id=2770259&use=l&cat=p&typeid=i","cat":333672},{"id":6366,"n":"Crêpes de froment NRT de Bretagne 180g","p":1.99,"u":"11,06 €/KG","img":"https://fd1-photos.leclercdrive.fr/image.ashx?id=2771058&use=l&cat=p&typeid=i","cat":333672},{"id":6371,"n":"Gâteau de riz Yabon Nappage caramel - 4x125g","p":2.83,"u":"5,66 €/KG","img":"https://fd1-photos.leclercdrive.fr/image.ashx?id=2644286&use=l&cat=p&typeid=i","cat":284506},{"id":6380,"n":"Sauce roquefort Knorr 30cl","p":2.96,"u":"9,87 €/L","img":"https://fd1-photos.leclercdrive.fr/image.ashx?id=2468749&use=l&cat=p&typeid=i","cat":288381},{"id":6388,"n":"Confiture Bonne Maman Mirabelle 370g","p":1.79,"u":"4,84 €/KG","img":"https://fd1-photos.leclercdrive.fr/image.ashx?id=2991891&use=l&cat=p&typeid=i","cat":284480},{"id":6390,"n":"Compotes Andros Pomme banane 750g","p":1.68,"u":"2,24 €/KG","img":"https://fd1-photos.leclercdrive.fr/image.ashx?id=2396114&use=l&cat=p&typeid=i","cat":284508},{"id":6391,"n":"Compotes Andros Pomme poire 750g","p":1.77,"u":"2,36 €/KG","img":"https://fd1-photos.leclercdrive.fr/image.ashx?id=2396117&use=l&cat=p&typeid=i","cat":284508},{"id":6392,"n":"Compotes Andros Pomme vanille 750g","p":1.79,"u":"2,39 €/KG","img":"https://fd1-photos.leclercdrive.fr/image.ashx?id=2396120&use=l&cat=p&typeid=i","cat":284508},{"id":6397,"n":"Fruits au sirop St Mamet Cocktail avec son jus - 250g","p":2.25,"u":"9,00 €/KG","img":"https://fd1-photos.leclercdrive.fr/image.ashx?id=2412432&use=l&cat=p&typeid=i","cat":284507},{"id":6398,"n":"Lait pasteurisé Bridel Demi-écrémé Bouteille - 1L","p":1.54,"u":"1,54 €/L","img":"https://fd1-photos.leclercdrive.fr/image.ashx?id=2860838&use=l&cat=p&typeid=i","cat":285609},{"id":6399,"n":"Lait entier Bridel Lait pasteurisé 1l","p":1.59,"u":"1,59 €/L","img":"https://fd1-photos.leclercdrive.fr/image.ashx?id=2850862&use=l&cat=p&typeid=i","cat":285610},{"id":6434,"n":"Eau gazeuse Cristaline 6x1,5L","p":1.74,"u":"0,19 €/L","img":"https://fd1-photos.leclercdrive.fr/image.ashx?id=2694602&use=l&cat=p&typeid=i","cat":284536},{"id":6437,"n":"Fromage P'tit Louis  Filet 8 Portions - 160g","p":2.76,"u":"17,25 €/KG","img":"https://fd1-photos.leclercdrive.fr/image.ashx?id=2845994&use=l&cat=p&typeid=i","cat":314030},{"id":6447,"n":"Bonbons Mentos  Fruits 4 rouleaux - 152g","p":1.49,"u":"9,80 €/KG","img":"https://fd1-photos.leclercdrive.fr/image.ashx?id=2659561&use=l&cat=p&typeid=i","cat":304256},{"id":6448,"n":"Petits pois carottes Très fins  Notre Jardin -A l'étuvée - 265g","p":0.95,"u":"3,58 €/KG","img":"https://fd1-photos.leclercdrive.fr/image.ashx?id=2987973&use=l&cat=p&typeid=i","cat":312607},{"id":6452,"n":"Flan Délisse Vanille Caramel - 12x100g","p":1.89,"u":"1,58 €/KG","img":"https://fd1-photos.leclercdrive.fr/image.ashx?id=2851637&use=l&cat=p&typeid=i","cat":284420},{"id":6455,"n":"Soufflés Snacks Tokapi Bacon - 60g","p":0.48,"u":"8,00 €/KG","img":"https://fd1-photos.leclercdrive.fr/image.ashx?id=2625062&use=l&cat=p&typeid=i","cat":284449},{"id":6456,"n":"Haricots beurre d'aucy Extra-fins - 220g","p":1.19,"u":"5,41 €/KG","img":"https://fd1-photos.leclercdrive.fr/image.ashx?id=2438123&use=l&cat=p&typeid=i","cat":312606},{"id":6459,"n":"Rillettes Hénaff Porc cuisson lente - 3x78g","p":3.98,"u":"17,01 €/KG","img":"https://fd1-photos.leclercdrive.fr/image.ashx?id=2660601&use=l&cat=p&typeid=i","cat":305149},{"id":6460,"n":"Cassoulet Toulousain   Raynal Et Roquelaure - 420g","p":2.65,"u":"6,31 €/KG","img":"https://fd1-photos.leclercdrive.fr/image.ashx?id=2928390&use=l&cat=p&typeid=i","cat":284440},{"id":6467,"n":"Pâtes Macaroni Turini 1kg","p":1.35,"u":"1,35 €/KG","img":"https://fd1-photos.leclercdrive.fr/image.ashx?id=2980429&use=l&cat=p&typeid=i","cat":284427},{"id":6471,"n":"Lingettes Individuelles Hygiène Intime Hamamélis Intima x16","p":2.37,"u":"0,15 €/P","img":"https://fd1-photos.leclercdrive.fr/image.ashx?id=2959859&use=l&cat=p&typeid=i","cat":284627},{"id":6472,"n":"Miel L'Apiculteur crémeux  et onctueux- 500g","p":5.69,"u":"11,38 €/KG","img":"https://fd1-photos.leclercdrive.fr/image.ashx?id=2854387&use=l&cat=p&typeid=i","cat":287643},{"id":6486,"n":"Biscuits apéritif Lay's 3D's Goût Bacon - 85g","p":0.8,"u":"9,41 €/KG","img":"https://fd1-photos.leclercdrive.fr/image.ashx?id=2917414&use=l&cat=p&typeid=i","cat":284449},{"id":6496,"n":"Sauce au Beurre Blan KNORR Échalote - Brique 30cl","p":1.37,"u":"4,57 €/L","img":"https://fd1-photos.leclercdrive.fr/image.ashx?id=2915991&use=l&cat=p&typeid=i","cat":288381},{"id":6504,"n":"Croûtons Gastromer AIl - 75g","p":0.76,"u":"10,13 €/KG","img":"https://fd1-photos.leclercdrive.fr/image.ashx?id=1713906&use=l&cat=p&typeid=i","cat":284464},{"id":6511,"n":"Pâtes Spaghetti Turini 1kg","p":1.35,"u":"1,35 €/KG","img":"https://fd1-photos.leclercdrive.fr/image.ashx?id=2980447&use=l&cat=p&typeid=i","cat":284427},{"id":6512,"n":"Riz long Comptoir du Grain Sachet cuisson rapide x4 - 500g","p":1.25,"u":"2,50 €/KG","img":"https://fd1-photos.leclercdrive.fr/image.ashx?id=2118454&use=l&cat=p&typeid=i","cat":284428},{"id":6513,"n":"Vinaigre de vin Rustica Aromatisé à l'échalote - 75cl","p":1.35,"u":"1,80 €/L","img":"https://fd1-photos.leclercdrive.fr/image.ashx?id=1659936&use=l&cat=p&typeid=i","cat":298543},{"id":6514,"n":"Margarine Nat & vie Idéal cuisson - 500g","p":1.29,"u":"2,58 €/KG","img":"https://fd1-photos.leclercdrive.fr/image.ashx?id=2881223&use=l&cat=p&typeid=i","cat":315229},{"id":6519,"n":"Soufflés Frites Tokapi Salé - 80g","p":0.65,"u":"8,13 €/KG","img":"https://fd1-photos.leclercdrive.fr/image.ashx?id=2486074&use=l&cat=p&typeid=i","cat":284449},{"id":6521,"n":"Pâtes chinoises Tables du Monde 250g","p":1.19,"u":"4,76 €/KG","img":"https://fd1-photos.leclercdrive.fr/image.ashx?id=2572058&use=l&cat=p&typeid=i","cat":288992},{"id":6523,"n":"Champignons Paris Notre Jardin Emincés - 2x115g","p":1.71,"u":"7,43 €/KG","img":"https://fd1-photos.leclercdrive.fr/image.ashx?id=2991124&use=l&cat=p&typeid=i","cat":312610},{"id":6524,"n":"Dessert fruitier pomme Douceur du Verger 8x100g","p":1.69,"u":"2,11 €/KG","img":"https://fd1-photos.leclercdrive.fr/image.ashx?id=3009773&use=l&cat=p&typeid=i","cat":284416},{"id":6525,"n":"Serviette hygiénique Doulys Ultra - Super+ - x12","p":0.9,"u":"0,08 €/P","img":"https://fd1-photos.leclercdrive.fr/image.ashx?id=2838918&use=l&cat=p&typeid=i","cat":284624},{"id":6526,"n":"Serviette hygiénique Doulys Ultra - Spécial nuit - x10","p":1.29,"u":"0,13 €/P","img":"https://fd1-photos.leclercdrive.fr/image.ashx?id=2838921&use=l&cat=p&typeid=i","cat":284624},{"id":6579,"n":"Vinaigre d'alcool coloré Eco+ 1L","p":0.35,"u":"0,35 €/L","img":"https://fd1-photos.leclercdrive.fr/image.ashx?id=2729260&use=l&cat=p&typeid=i","cat":298543},{"id":6580,"n":"Fromage de chévre Les Croisés 150g","p":1.42,"u":"9,47 €/KG","img":"https://fd1-photos.leclercdrive.fr/image.ashx?id=2978510&use=l&cat=p&typeid=i","cat":314031},{"id":6581,"n":"Fromage : Le carrou Les croisés Authentique - 27% mg - 220g","p":2.43,"u":"11,05 €/KG","img":"https://fd1-photos.leclercdrive.fr/image.ashx?id=2856272&use=l&cat=p&typeid=i","cat":314033},{"id":6584,"n":"Fromage blanc Délisse Mirabelle 5.5% MG - 500g","p":2.55,"u":"5,10 €/KG","img":"https://fd1-photos.leclercdrive.fr/image.ashx?id=3012824&use=l&cat=p&typeid=i","cat":284409},{"id":6589,"n":"Fromage Chaource NRT AOP  250g","p":3.55,"u":"14,20 €/KG","img":"https://fd1-photos.leclercdrive.fr/image.ashx?id=2874768&use=l&cat=p&typeid=i","cat":329558},{"id":6630,"n":"Pâtes torsettes Turini Les 3 min - 500g","p":0.82,"u":"1,64 €/KG","img":"https://fd1-photos.leclercdrive.fr/image.ashx?id=2607467&use=l&cat=p&typeid=i","cat":284427},{"id":6648,"n":"Boîte chocolats Ferrero Rocher x28 pralines - 350g","p":11.94,"u":"34,11 €/KG","img":"https://fd1-photos.leclercdrive.fr/image.ashx?id=2952884&use=l&cat=p&typeid=i","cat":327600},{"id":6680,"n":"Botte de thym laurier  1p","p":1.95,"img":"https://fd1-photos.leclercdrive.fr/image.ashx?id=578630&use=l&cat=p&typeid=i","cat":293607},{"id":6681,"n":"Persil frisé la botte  1p","p":1.39,"img":"https://fd1-photos.leclercdrive.fr/image.ashx?id=578632&use=l&cat=p&typeid=i","cat":293607},{"id":6697,"n":"Collants Well Elastivoile Résistant noir T1","p":3.7,"img":"https://fd1-photos.leclercdrive.fr/image.ashx?id=2056539&use=l&cat=p&typeid=i","cat":334130},{"id":6711,"n":"Spray nettoyant vitres Clair Recharge 750ml","p":1.09,"u":"1,45 €/L","img":"https://fd1-photos.leclercdrive.fr/image.ashx?id=1647691&use=l&cat=p&typeid=i","cat":325363},{"id":6712,"n":"Spray nettoyant vitres Clair 750ml","p":1.29,"u":"1,72 €/L","img":"https://fd1-photos.leclercdrive.fr/image.ashx?id=2943623&use=l&cat=p&typeid=i","cat":325363},{"id":6714,"n":"Fromage raclette Entremont Saveur d'Antan 350g","p":4.36,"u":"12,46 €/KG","img":"https://fd1-photos.leclercdrive.fr/image.ashx?id=2984985&use=l&cat=p&typeid=i","cat":314037},{"id":6715,"n":"Assiette charcuterie Saint Azay 200g","p":3.11,"u":"15,55 €/KG","img":"https://fd1-photos.leclercdrive.fr/image.ashx?id=2417734&use=l&cat=p&typeid=i","cat":316007},{"id":6780,"n":"Ail semoule Ducros 60g","p":1.55,"u":"25,83 €/KG","img":"https://fd1-photos.leclercdrive.fr/image.ashx?id=2498672&use=l&cat=p&typeid=i","cat":298297},{"id":6782,"n":"Cannelle en bâton Ducros 10g","p":1.59,"u":"159,00 €/KG","img":"https://fd1-photos.leclercdrive.fr/image.ashx?id=1748573&use=l&cat=p&typeid=i","cat":298297},{"id":6788,"n":"Herbes de provence Ducros 18g","p":0.81,"u":"45,00 €/KG","img":"https://fd1-photos.leclercdrive.fr/image.ashx?id=2486533&use=l&cat=p&typeid=i","cat":298297},{"id":6791,"n":"Piment de cayenne moulu Ducros Extra fort - 38g","p":1.81,"u":"47,63 €/KG","img":"https://fd1-photos.leclercdrive.fr/image.ashx?id=2559433&use=l&cat=p&typeid=i","cat":298297},{"id":6797,"n":"Herbes de Provence Ducros 120g","p":3.05,"u":"25,42 €/KG","img":"https://fd1-photos.leclercdrive.fr/image.ashx?id=2383571&use=l&cat=p&typeid=i","cat":298297},{"id":6798,"n":"Safran en poudre Ducros 3 doses de 0.1g","p":4.24,"img":"https://fd1-photos.leclercdrive.fr/image.ashx?id=2490488&use=l&cat=p&typeid=i","cat":298297},{"id":6799,"n":"Poivre gris moulu et sel Ducros 2x34g","p":1.59,"u":"23,38 €/KG","img":"https://fd1-photos.leclercdrive.fr/image.ashx?id=2759457&use=l&cat=p&typeid=i","cat":284457},{"id":6800,"n":"Baies roses entières Ducros 20g","p":2.39,"u":"119,50 €/KG","img":"https://fd1-photos.leclercdrive.fr/image.ashx?id=2486575&use=l&cat=p&typeid=i","cat":284457},{"id":6803,"n":"Pralin Vahiné 100g","p":2.14,"u":"21,40 €/KG","img":"https://fd1-photos.leclercdrive.fr/image.ashx?id=2559775&use=l&cat=p&typeid=i","cat":284504},{"id":6804,"n":"Décor pour gateaux Vahiné Vermicelles Arc-en-ciel - 65g","p":1.39,"u":"21,38 €/KG","img":"https://fd1-photos.leclercdrive.fr/image.ashx?id=2524311&use=l&cat=p&typeid=i","cat":284504},{"id":6806,"n":"Bougies d'anniversaire Vahiné Couleur divers - 16 pièces","p":1.17,"u":"0,07 €/P","img":"https://fd1-photos.leclercdrive.fr/image.ashx?id=1865903&use=l&cat=p&typeid=i","cat":284504},{"id":6809,"n":"Arôme naturel de vanille Vahiné Liquide 50ml","p":3.96,"u":"79,20 €/L","img":"https://fd1-photos.leclercdrive.fr/image.ashx?id=2541193&use=l&cat=p&typeid=i","cat":284504},{"id":6810,"n":"Nappage chocolat Vahiné 350g","p":2.72,"u":"7,77 €/KG","img":"https://fd1-photos.leclercdrive.fr/image.ashx?id=2938656&use=l&cat=p&typeid=i","cat":284504},{"id":6829,"n":"Sucre Daddy n°4 Morceaux - 1kg","p":1.79,"u":"1,79 €/KG","img":"https://fd1-photos.leclercdrive.fr/image.ashx?id=2936056&use=l&cat=p&typeid=i","cat":284502},{"id":6831,"n":"Sucre en poudre Daddy 1kg","p":1.61,"u":"1,61 €/KG","img":"https://fd1-photos.leclercdrive.fr/image.ashx?id=2936062&use=l&cat=p&typeid=i","cat":284502},{"id":6834,"n":"Soufflés l'Original Curly Cacahuète - 60g","p":0.61,"u":"10,17 €/KG","img":"https://fd1-photos.leclercdrive.fr/image.ashx?id=2971035&use=l&cat=p&typeid=i","cat":284449},{"id":6837,"n":"Madeleines longues P'tit Déli 440g","p":2.55,"u":"5,80 €/KG","img":"https://fd1-photos.leclercdrive.fr/image.ashx?id=2540310&use=l&cat=p&typeid=i","cat":284492},{"id":6838,"n":"Joker Pur Jus Engagé Orange  avec pulpe - 1L","p":3.15,"u":"3,15 €/L","img":"https://fd1-photos.leclercdrive.fr/image.ashx?id=3001284&use=l&cat=p&typeid=i","cat":284521},{"id":6847,"n":"Canapés toasts Epi d'Or Briochés - 250g","p":1.12,"u":"4,48 €/KG","img":"https://fd1-photos.leclercdrive.fr/image.ashx?id=2610190&use=l&cat=p&typeid=i","cat":285454},{"id":6873,"n":"Saucisson cuit à l'ail Herta 300g","p":2.87,"u":"9,57 €/KG","img":"https://fd1-photos.leclercdrive.fr/image.ashx?id=2731342&use=l&cat=p&typeid=i","cat":316006},{"id":6879,"n":"Fromage Gouda Les Croisés En tranche - 200g","p":1.97,"u":"9,85 €/KG","img":"https://fd1-photos.leclercdrive.fr/image.ashx?id=2028173&use=l&cat=p&typeid=i","cat":314028},{"id":6880,"n":"Fromage Mimolette Les Croisés En tranche x8 - 200g","p":1.85,"u":"9,25 €/KG","img":"https://fd1-photos.leclercdrive.fr/image.ashx?id=2028176&use=l&cat=p&typeid=i","cat":314028},{"id":6881,"n":"Fromage Maasdam Les Croisés En tranche x8 - 200g","p":1.91,"u":"9,55 €/KG","img":"https://fd1-photos.leclercdrive.fr/image.ashx?id=1990673&use=l&cat=p&typeid=i","cat":314028},{"id":6892,"n":"Pâtes Piccolini Barilla Mini Pipe Rigate- 500g","p":1.08,"u":"2,16 €/KG","img":"https://fd1-photos.leclercdrive.fr/image.ashx?id=2964108&use=l&cat=p&typeid=i","cat":284427},{"id":6912,"n":"Coussinets Mots d'Enfants D'allaitement - x36","p":3.95,"img":"https://fd1-photos.leclercdrive.fr/image.ashx?id=1902701&use=l&cat=p&typeid=i","cat":289435},{"id":6928,"n":"Préparation pour fondue Les Croisés 18%mg 400g","p":3.42,"u":"8,55 €/KG","img":"https://fd1-photos.leclercdrive.fr/image.ashx?id=2969713&use=l&cat=p&typeid=i","cat":314037},{"id":7000,"n":"Céréales Babybio Bio 6 mois Vanille - 220g","p":4.24,"u":"19,27 €/KG","img":"https://fd1-photos.leclercdrive.fr/image.ashx?id=2733250&use=l&cat=p&typeid=i","cat":312225},{"id":7001,"n":"Céréales Babybio - Dès 8 mois Bio Cacao  - 220g","p":3.89,"u":"17,68 €/KG","img":"https://fd1-photos.leclercdrive.fr/image.ashx?id=2837751&use=l&cat=p&typeid=i","cat":312225},{"id":7005,"n":"Petits pots Babybio - 4 mois Bio Légumes verts - 2x130g","p":2.05,"u":"7,88 €/KG","img":"https://fd1-photos.leclercdrive.fr/image.ashx?id=2733271&use=l&cat=p&typeid=i","cat":312234},{"id":7006,"n":"Repas bébé Bio Babybio - 4 mois Carotte & Potimarron - 2x130g","p":2.05,"u":"7,88 €/KG","img":"https://fd1-photos.leclercdrive.fr/image.ashx?id=2837757&use=l&cat=p&typeid=i","cat":312234},{"id":7007,"n":"Petits pots Babybio 6 mois - Petits pois - 2x130g","p":2.12,"u":"8,15 €/KG","img":"https://fd1-photos.leclercdrive.fr/image.ashx?id=2827446&use=l&cat=p&typeid=i","cat":312235},{"id":7011,"n":"Compote bébé bio Babybio Pomme - 4 mois - 2x130g","p":1.89,"u":"7,27 €/KG","img":"https://fd1-photos.leclercdrive.fr/image.ashx?id=2838317&use=l&cat=p&typeid=i","cat":312387},{"id":7012,"n":"Compote bébé Babybio - 4 mois Bio Poire williams - 2x130g","p":1.79,"u":"6,88 €/KG","img":"https://fd1-photos.leclercdrive.fr/image.ashx?id=2834515&use=l&cat=p&typeid=i","cat":312387},{"id":7013,"n":"Compote bébé Babybio Bio 4 mois Pomme / Pêche - 2x130g","p":1.87,"u":"7,19 €/KG","img":"https://fd1-photos.leclercdrive.fr/image.ashx?id=2859362&use=l&cat=p&typeid=i","cat":312387},{"id":7014,"n":"Compote bébé bio Babybio Pomme abricot - 4 mois - 2x130g","p":1.87,"u":"7,19 €/KG","img":"https://fd1-photos.leclercdrive.fr/image.ashx?id=2838320&use=l&cat=p&typeid=i","cat":312387},{"id":7015,"n":"Compote bébé bio Babybio Pomme coing - 4 mois - 2x130g","p":1.9,"u":"7,31 €/KG","img":"https://fd1-photos.leclercdrive.fr/image.ashx?id=2838323&use=l&cat=p&typeid=i","cat":312387},{"id":7016,"n":"Compote bébé Babybio Bio 4 mois Pomme / Pruneau - 2x130g","p":1.9,"u":"7,31 €/KG","img":"https://fd1-photos.leclercdrive.fr/image.ashx?id=2838326&use=l&cat=p&typeid=i","cat":312387},{"id":7017,"n":"Compote bébé Babybio Bio 4 mois Pomme / Banane - 2x130g","p":1.69,"u":"6,50 €/KG","img":"https://fd1-photos.leclercdrive.fr/image.ashx?id=2832011&use=l&cat=p&typeid=i","cat":312387},{"id":7018,"n":"Dessert bébé BabyBio - 6 mois Délice de Fruits Bio - 2x130g","p":1.86,"u":"7,15 €/KG","img":"https://fd1-photos.leclercdrive.fr/image.ashx?id=2838329&use=l&cat=p&typeid=i","cat":312388},{"id":7022,"n":"Bloc bureau Esquisse - 80 pages 21x29.7cm","p":2.39,"img":"https://fd1-photos.leclercdrive.fr/image.ashx?id=1928755&use=l&cat=p&typeid=i","cat":284697},{"id":7025,"n":"Pizza Cuite sur pierre Turini Jambon fromage - 400g","p":2.78,"u":"6,95 €/KG","img":"https://fd1-photos.leclercdrive.fr/image.ashx?id=2815223&use=l&cat=p&typeid=i","cat":284256},{"id":7029,"n":"Velouté de carotte Régal A la Crème fraîche - 1L","p":1.41,"u":"1,41 €/L","img":"https://fd1-photos.leclercdrive.fr/image.ashx?id=2905889&use=l&cat=p&typeid=i","cat":284462},{"id":7030,"n":"Sauce Tomate cuisinée Turini Aux petits légumes - 180g","p":0.84,"u":"4,67 €/KG","img":"https://fd1-photos.leclercdrive.fr/image.ashx?id=2490034&use=l&cat=p&typeid=i","cat":288384},{"id":7056,"n":"Soupe de poissons MSC Pêche Océan - 1kg","p":2.99,"u":"2,99 €/KG","img":"https://fd1-photos.leclercdrive.fr/image.ashx?id=2480060&use=l&cat=p&typeid=i","cat":287366},{"id":7071,"n":"Petits Boudoirs Babybio Bio - Orange Douce - 120g","p":2.59,"u":"21,58 €/KG","img":"https://fd1-photos.leclercdrive.fr/image.ashx?id=2733262&use=l&cat=p&typeid=i","cat":312227},{"id":7082,"n":"AOP Côtes du Marmandais rosé La Vieille église - 75cl","p":3.6,"u":"4,80 €/L","img":"https://fd1-photos.leclercdrive.fr/image.ashx?id=2258685&use=l&cat=p&typeid=i","cat":289558},{"id":7085,"n":"Vin mousseux d'Union Européenne  Demi-sec -75cl","p":2.89,"u":"3,85 €/L","img":"https://fd1-photos.leclercdrive.fr/image.ashx?id=1951019&use=l&cat=p&typeid=i","cat":284544},{"id":7126,"n":"Riz cantonais  Traditions d'Asie - 400g","p":2.71,"u":"6,78 €/KG","img":"https://fd1-photos.leclercdrive.fr/image.ashx?id=2505043&use=l&cat=p&typeid=i","cat":333673},{"id":7127,"n":"Sauce soja Jardin Bio' Bio - 125ml","p":2.47,"u":"19,76 €/L","img":"https://fd1-photos.leclercdrive.fr/image.ashx?id=2740118&use=l&cat=p&typeid=i","cat":288992},{"id":7128,"n":"Porc au caramel Tables du Monde Riz thaï 300g","p":3.05,"u":"10,17 €/KG","img":"https://fd1-photos.leclercdrive.fr/image.ashx?id=2700957&use=l&cat=p&typeid=i","cat":333665},{"id":7132,"n":"Samoussa Tables du Monde Crevette curry - x6 - 200g","p":3.19,"u":"13,87 €/KG","img":"https://fd1-photos.leclercdrive.fr/image.ashx?id=2591712&use=l&cat=p&typeid=i","cat":333673},{"id":7191,"n":"Nouilles chinoises Tanoshi blé tendre - 250g","p":1.78,"u":"7,12 €/KG","img":"https://fd1-photos.leclercdrive.fr/image.ashx?id=2850892&use=l&cat=p&typeid=i","cat":288992},{"id":7199,"n":"Crème noix coco Kara - brique de 200ml","p":1.45,"u":"7,25 €/KG","img":"https://fd1-photos.leclercdrive.fr/image.ashx?id=2906892&use=l&cat=p&typeid=i","cat":288992},{"id":7216,"n":"Talc bébé Mots d'Enfants 250g","p":1.89,"u":"7,56 €/KG","img":"https://fd1-photos.leclercdrive.fr/image.ashx?id=3015033&use=l&cat=p&typeid=i","cat":284741},{"id":7282,"n":"Compote Douceur du Verger  Pomme Poire - 4x100g","p":1.09,"u":"2,73 €/KG","img":"https://fd1-photos.leclercdrive.fr/image.ashx?id=2956903&use=l&cat=p&typeid=i","cat":284416},{"id":7283,"n":"Compote Douceur du Verger Pomme banane - 4x100g","p":1.25,"u":"3,13 €/KG","img":"https://fd1-photos.leclercdrive.fr/image.ashx?id=2956906&use=l&cat=p&typeid=i","cat":284416},{"id":7284,"n":"Compote Douceur du Verger Pomme Fraise - 4x100g","p":1.09,"u":"2,73 €/KG","img":"https://fd1-photos.leclercdrive.fr/image.ashx?id=3009779&use=l&cat=p&typeid=i","cat":284416},{"id":7289,"n":"Crème Dépilatoire Siliss Peaux sensibles - 200ml","p":1.79,"u":"8,95 €/L","img":"https://fd1-photos.leclercdrive.fr/image.ashx?id=2699675&use=l&cat=p&typeid=i","cat":325351},{"id":7293,"n":"Râpé 3 fromages Les Croisés 200g","p":1.79,"u":"8,95 €/KG","img":"https://fd1-photos.leclercdrive.fr/image.ashx?id=2893292&use=l&cat=p&typeid=i","cat":314035},{"id":7294,"n":"Huile de tournesol Bio Village Bio - 75cl","p":3.59,"u":"4,79 €/L","img":"https://fd1-photos.leclercdrive.fr/image.ashx?id=2894746&use=l&cat=p&typeid=i","cat":284453},{"id":7339,"n":"Soupe déshydratée Knorr  Douceur d'asperges - 96g","p":1.02,"u":"10,63 €/KG","img":"https://fd1-photos.leclercdrive.fr/image.ashx?id=2790588&use=l&cat=p&typeid=i","cat":284463},{"id":7343,"n":"Pâtes Panzani Penne rigate - 500g","p":0.95,"u":"1,90 €/KG","img":"https://fd1-photos.leclercdrive.fr/image.ashx?id=2876011&use=l&cat=p&typeid=i","cat":284427},{"id":7344,"n":"Pâtes petits paniers Panzani 500g","p":1.15,"u":"2,30 €/KG","img":"https://fd1-photos.leclercdrive.fr/image.ashx?id=2876014&use=l&cat=p&typeid=i","cat":284427},{"id":7345,"n":"Pâtes serpentini Panzani 500g","p":0.97,"u":"1,94 €/KG","img":"https://fd1-photos.leclercdrive.fr/image.ashx?id=2876044&use=l&cat=p&typeid=i","cat":284427},{"id":7349,"n":"Croquettes chat One Purina Stérilisé - Boeuf/Blé - 450g","p":2.5,"u":"5,56 €/KG","img":"https://fd1-photos.leclercdrive.fr/image.ashx?id=2681044&use=l&cat=p&typeid=i","cat":284680},{"id":7350,"n":"Couscous à la Marocaine  Garbit - 285g","p":2.79,"u":"9,79 €/KG","img":"https://fd1-photos.leclercdrive.fr/image.ashx?id=2672128&use=l&cat=p&typeid=i","cat":284953},{"id":7359,"n":"Gorgonzola AOP Les Croisés -150g","p":2.47,"u":"16,47 €/KG","img":"https://fd1-photos.leclercdrive.fr/image.ashx?id=2796037&use=l&cat=p&typeid=i","cat":314032},{"id":7360,"n":"Mortadelle Italienne Saint Azay 12 tranches 150g","p":2.14,"u":"14,27 €/KG","img":"https://fd1-photos.leclercdrive.fr/image.ashx?id=2704481&use=l&cat=p&typeid=i","cat":316009},{"id":7361,"n":"Fromage Edam Les Croisés En tranche x8 - 200g","p":1.97,"u":"9,85 €/KG","img":"https://fd1-photos.leclercdrive.fr/image.ashx?id=2041351&use=l&cat=p&typeid=i","cat":314028},{"id":7362,"n":"Riz Basmati Comptoir du Grain Express 2 min - 250g","p":0.99,"u":"3,96 €/KG","img":"https://fd1-photos.leclercdrive.fr/image.ashx?id=2441192&use=l&cat=p&typeid=i","cat":287600},{"id":7363,"n":"Riz Express Comptoir du Grain A la méditerranéenne - 250g","p":1.2,"u":"4,80 €/KG","img":"https://fd1-photos.leclercdrive.fr/image.ashx?id=2856474&use=l&cat=p&typeid=i","cat":287600},{"id":7364,"n":"Sauce au poivre vert Rustica 30g","p":0.6,"u":"20,00 €/KG","img":"https://fd1-photos.leclercdrive.fr/image.ashx?id=2965422&use=l&cat=p&typeid=i","cat":288381},{"id":7368,"n":"Chiffonnade de jambon sec Saint Azay affiné 7 mois - 100g","p":2.99,"u":"29,90 €/KG","img":"https://fd1-photos.leclercdrive.fr/image.ashx?id=2462254&use=l&cat=p&typeid=i","cat":316007},{"id":7378,"n":"Jambon d'Auvergne IGP NRT x4 - 100g","p":3.4,"u":"34,00 €/KG","img":"https://fd1-photos.leclercdrive.fr/image.ashx?id=2670419&use=l&cat=p&typeid=i","cat":316007},{"id":7379,"n":"Jambon de Savoie NRT x6 - 90g","p":2.66,"u":"29,56 €/KG","img":"https://fd1-photos.leclercdrive.fr/image.ashx?id=2670422&use=l&cat=p&typeid=i","cat":316007},{"id":7381,"n":"Sachet repas chats Gourmet 4 variétés poissons - 4x85g","p":1.83,"u":"5,38 €/KG","img":"https://fd1-photos.leclercdrive.fr/image.ashx?id=2867788&use=l&cat=p&typeid=i","cat":285286},{"id":7424,"n":"Bouillon Cubes bouquet garni Knorr - thym persil laurier -x9","p":1.25,"u":"12,63 €/KG","img":"https://fd1-photos.leclercdrive.fr/image.ashx?id=2915667&use=l&cat=p&typeid=i","cat":288379},{"id":7427,"n":"Huile d'olive Puget Vierge extra - 50cl","p":6.5,"u":"13,00 €/L","img":"https://fd1-photos.leclercdrive.fr/image.ashx?id=2915877&use=l&cat=p&typeid=i","cat":284453},{"id":7431,"n":"Huile de friture Frial Lesieur 1l","p":3.16,"u":"3,16 €/L","img":"https://fd1-photos.leclercdrive.fr/image.ashx?id=2916851&use=l&cat=p&typeid=i","cat":284453},{"id":7432,"n":"Huile de friture Frial Lesieur 2L","p":6.1,"u":"3,05 €/L","img":"https://fd1-photos.leclercdrive.fr/image.ashx?id=2916857&use=l&cat=p&typeid=i","cat":284453},{"id":7436,"n":"Assortiment biscuits P'tit Déli Biscuits fins - 750g","p":7.8,"u":"10,40 €/KG","img":"https://fd1-photos.leclercdrive.fr/image.ashx?id=2535643&use=l&cat=p&typeid=i","cat":284490},{"id":7437,"n":"Pâte brisée Tablier Blanc Au beurre - 230g","p":1.19,"u":"5,17 €/KG","img":"https://fd1-photos.leclercdrive.fr/image.ashx?id=2635892&use=l&cat=p&typeid=i","cat":333681},{"id":7441,"n":"Huile de friture Rustica 1L","p":2.75,"u":"2,75 €/L","img":"https://fd1-photos.leclercdrive.fr/image.ashx?id=2900331&use=l&cat=p&typeid=i","cat":284453},{"id":7443,"n":"Dessert fruitier pomme poire Douceur du Verger s/sucre 4x97g","p":1.25,"u":"3,22 €/KG","img":"https://fd1-photos.leclercdrive.fr/image.ashx?id=3009782&use=l&cat=p&typeid=i","cat":284416},{"id":7444,"n":"Dessert fruitier pomme Douceur du Verger s/sucre 4x97g","p":1.05,"u":"2,71 €/KG","img":"https://fd1-photos.leclercdrive.fr/image.ashx?id=2979340&use=l&cat=p&typeid=i","cat":284416},{"id":7448,"n":"Compote Douceur du Verger Coupelle pomme pruneau - 4x100g","p":1.36,"u":"3,40 €/KG","img":"https://fd1-photos.leclercdrive.fr/image.ashx?id=2878705&use=l&cat=p&typeid=i","cat":284508},{"id":7450,"n":"Gâteaux fourrés P'tit Déli Fraise x7 - 196g","p":2.8,"u":"14,29 €/KG","img":"https://fd1-photos.leclercdrive.fr/image.ashx?id=2659777&use=l&cat=p&typeid=i","cat":284495},{"id":7451,"n":"Biscuits P'tit Déli Goûters Fourrés au chocolat 2x300g","p":2.3,"u":"3,83 €/KG","img":"https://fd1-photos.leclercdrive.fr/image.ashx?id=2116182&use=l&cat=p&typeid=i","cat":284488},{"id":7452,"n":"Tubes Fromage blanc Délisse 3 parfums - 12 x40g","p":2.38,"u":"4,96 €/KG","img":"https://fd1-photos.leclercdrive.fr/image.ashx?id=2884231&use=l&cat=p&typeid=i","cat":284415},{"id":7455,"n":"Fromage Bleu des Causses NRT  AOP - 125g","p":1.99,"u":"15,92 €/KG","img":"https://fd1-photos.leclercdrive.fr/image.ashx?id=2771043&use=l&cat=p&typeid=i","cat":314032},{"id":7459,"n":"Pâtes Barilla Spaghetti n°5 - 500g","p":0.92,"u":"1,84 €/KG","img":"https://fd1-photos.leclercdrive.fr/image.ashx?id=2392200&use=l&cat=p&typeid=i","cat":284427},{"id":7465,"n":"Actifidus Délisse Citron - 4x125g","p":1.36,"u":"2,72 €/KG","img":"https://fd1-photos.leclercdrive.fr/image.ashx?id=2501673&use=l&cat=p&typeid=i","cat":315000},{"id":7466,"n":"Pain grillé Epi d'or Brioché x26 - 300g","p":2.15,"u":"7,17 €/KG","img":"https://fd1-photos.leclercdrive.fr/image.ashx?id=2532835&use=l&cat=p&typeid=i","cat":284479},{"id":7529,"n":"Fromage Comté Entremont 200g","p":3.11,"u":"15,55 €/KG","img":"https://fd1-photos.leclercdrive.fr/image.ashx?id=2983144&use=l&cat=p&typeid=i","cat":314034},{"id":7530,"n":"Crème fraîche épaisse Bridélice 15%mg 20cl","p":0.82,"u":"4,10 €/L","img":"https://fd1-photos.leclercdrive.fr/image.ashx?id=2970873&use=l&cat=p&typeid=i","cat":284381},{"id":7531,"n":"Faisselle Rians 6%mg - 500g","p":1.95,"u":"3,90 €/KG","img":"https://fd1-photos.leclercdrive.fr/image.ashx?id=2542324&use=l&cat=p&typeid=i","cat":284409},{"id":7540,"n":"Barquette chiens Lydog Au Poulet et Rognons - 300g","p":1.35,"u":"4,50 €/KG","img":"https://fd1-photos.leclercdrive.fr/image.ashx?id=2042427&use=l&cat=p&typeid=i","cat":284673},{"id":7541,"n":"Barquette chiens Lydog Au Boeuf et Coeur - 300g","p":1.63,"u":"5,43 €/KG","img":"https://fd1-photos.leclercdrive.fr/image.ashx?id=2042430&use=l&cat=p&typeid=i","cat":284673},{"id":7542,"n":"Barquette chien Lydog au Foie et Volailles - 300g","p":1.45,"u":"4,83 €/KG","img":"https://fd1-photos.leclercdrive.fr/image.ashx?id=2042436&use=l&cat=p&typeid=i","cat":284673},{"id":7548,"n":"Ail Rustica 100g","p":1.69,"u":"16,90 €/KG","img":"https://fd1-photos.leclercdrive.fr/image.ashx?id=2365451&use=l&cat=p&typeid=i","cat":319804},{"id":7563,"n":"Coulis de tomate bio Jardin Bio 500g","p":1.6,"u":"3,20 €/KG","img":"https://fd1-photos.leclercdrive.fr/image.ashx?id=2918841&use=l&cat=p&typeid=i","cat":288384},{"id":7568,"n":"Riz Basmati Jardin Bio long grain bio 500g","p":2.85,"u":"5,70 €/KG","img":"https://fd1-photos.leclercdrive.fr/image.ashx?id=2535496&use=l&cat=p&typeid=i","cat":284428},{"id":7572,"n":"Confiture bio Jardin Bio' 60% Myrtille - 320g","p":3.12,"u":"9,75 €/KG","img":"https://fd1-photos.leclercdrive.fr/image.ashx?id=2009384&use=l&cat=p&typeid=i","cat":284480},{"id":7574,"n":"Infusion bio Jardin Bio' Aide minceur - 30g","p":2.29,"u":"76,33 €/KG","img":"https://fd1-photos.leclercdrive.fr/image.ashx?id=2971110&use=l&cat=p&typeid=i","cat":293234},{"id":7578,"n":"Thé vert bio orange Jardin Bio' Bergamote Max Havelaar x20 30g","p":1.97,"u":"65,67 €/KG","img":"https://fd1-photos.leclercdrive.fr/image.ashx?id=2792666&use=l&cat=p&typeid=i","cat":293233},{"id":7585,"n":"Echalote Rustica 100g","p":1.69,"u":"16,90 €/KG","img":"https://fd1-photos.leclercdrive.fr/image.ashx?id=2365457&use=l&cat=p&typeid=i","cat":319804},{"id":7586,"n":"Fond de veau Rustica 110g","p":2.11,"u":"19,18 €/KG","img":"https://fd1-photos.leclercdrive.fr/image.ashx?id=2188679&use=l&cat=p&typeid=i","cat":288379},{"id":7589,"n":"Biscuits Mikado LU Chocolat au lait - 3x39g","p":2.13,"u":"18,21 €/KG","img":"https://fd1-photos.leclercdrive.fr/image.ashx?id=3001970&use=l&cat=p&typeid=i","cat":284488},{"id":7598,"n":"Ravioli de volaille Jardin Bio' Bio - 700g","p":3.63,"u":"5,19 €/KG","img":"https://fd1-photos.leclercdrive.fr/image.ashx?id=2950183&use=l&cat=p&typeid=i","cat":284442},{"id":7599,"n":"Haricots verts Jardin Bio' Bio extra fin coupés - 360g","p":2.23,"u":"6,19 €/KG","img":"https://fd1-photos.leclercdrive.fr/image.ashx?id=2967151&use=l&cat=p&typeid=i","cat":312606},{"id":7600,"n":"Petits pois carottes JardinBio' Bio - 420g","p":2.19,"u":"5,21 €/KG","img":"https://fd1-photos.leclercdrive.fr/image.ashx?id=2947958&use=l&cat=p&typeid=i","cat":312607},{"id":7601,"n":"Dessert fruitier Jardin Bio' bio Pomme vanille bourbon 680g","p":2.69,"u":"3,96 €/KG","img":"https://fd1-photos.leclercdrive.fr/image.ashx?id=2967786&use=l&cat=p&typeid=i","cat":284508},{"id":7610,"n":"Préparation crêpes Francine 380g","p":1.5,"u":"3,95 €/KG","img":"https://fd1-photos.leclercdrive.fr/image.ashx?id=2989120&use=l&cat=p&typeid=i","cat":284505},{"id":7646,"n":"Spaghetti Jardin Bio Bio quinoa persil ail - 500g","p":1.79,"u":"3,58 €/KG","img":"https://fd1-photos.leclercdrive.fr/image.ashx?id=3014542&use=l&cat=p&typeid=i","cat":284427},{"id":7655,"n":"Compote Andros Pomme framboise - 4x100g","p":1.69,"u":"4,23 €/KG","img":"https://fd1-photos.leclercdrive.fr/image.ashx?id=2907875&use=l&cat=p&typeid=i","cat":284416},{"id":7656,"n":"Compotes Andros Pomme - 4x100g","p":1.47,"u":"3,68 €/KG","img":"https://fd1-photos.leclercdrive.fr/image.ashx?id=2875337&use=l&cat=p&typeid=i","cat":284416},{"id":7666,"n":"Camembert Lepetit  250g","p":2.46,"u":"9,84 €/KG","img":"https://fd1-photos.leclercdrive.fr/image.ashx?id=2504350&use=l&cat=p&typeid=i","cat":314033},{"id":7672,"n":"Cordon Bleu Le Gaulois Poulet - 200g","p":1.79,"u":"8,95 €/KG","img":"https://fd1-photos.leclercdrive.fr/image.ashx?id=2860223&use=l&cat=p&typeid=i","cat":333683},{"id":7676,"n":"Boudins Blancs Le Gaulois Volaille Nature 300g","p":2.62,"u":"8,73 €/KG","img":"https://fd1-photos.leclercdrive.fr/image.ashx?id=2236851&use=l&cat=p&typeid=i","cat":316012},{"id":7677,"n":"Boudins Blancs Morille  Le Gaulois - Volaille 300g","p":2.78,"u":"9,27 €/KG","img":"https://fd1-photos.leclercdrive.fr/image.ashx?id=2236854&use=l&cat=p&typeid=i","cat":316012},{"id":7693,"n":"Magret de canard Sud Ouest NRT Séché - 90g","p":3.99,"u":"44,33 €/KG","img":"https://fd1-photos.leclercdrive.fr/image.ashx?id=2966842&use=l&cat=p&typeid=i","cat":316007},{"id":7694,"n":"Magret de canard Sud Ouest NRT Fumé - 90g","p":3.79,"u":"42,11 €/KG","img":"https://fd1-photos.leclercdrive.fr/image.ashx?id=2958380&use=l&cat=p&typeid=i","cat":316007},{"id":7696,"n":"Camembert Bons Mayennais Lait pasteurisé 22%mg - 250g","p":2.09,"u":"8,36 €/KG","img":"https://fd1-photos.leclercdrive.fr/image.ashx?id=2966689&use=l&cat=p&typeid=i","cat":314033},{"id":7713,"n":"Dessert fruitier pomme pruneaux Douceur du Verger s/sucre4x100g","p":1.54,"u":"3,85 €/KG","img":"https://fd1-photos.leclercdrive.fr/image.ashx?id=1962960&use=l&cat=p&typeid=i","cat":284416},{"id":7716,"n":"Papier toilette Mimosa Décoré - Ultra Confort - x6","p":3.06,"u":"0,51 €/P","img":"https://fd1-photos.leclercdrive.fr/image.ashx?id=2809187&use=l&cat=p&typeid=i","cat":284634},{"id":7717,"n":"Papier toilette Mimosa Décoré - Ultra doux - x6","p":2.65,"u":"0,44 €/P","img":"https://fd1-photos.leclercdrive.fr/image.ashx?id=2816112&use=l&cat=p&typeid=i","cat":284634},{"id":7750,"n":"Boulghour bio Céréal Bio  repas express 250g","p":1.67,"u":"6,68 €/KG","img":"https://fd1-photos.leclercdrive.fr/image.ashx?id=2575045&use=l&cat=p&typeid=i","cat":284429},{"id":7761,"n":"Galette Croq'Soja Céréal Bio  Bio provençale x2 200g","p":2.18,"u":"10,90 €/KG","img":"https://fd1-photos.leclercdrive.fr/image.ashx?id=2574296&use=l&cat=p&typeid=i","cat":284953},{"id":7772,"n":"Galette bio Céréal Bio  Millet champignons x2 - 200g","p":2.09,"u":"10,45 €/KG","img":"https://fd1-photos.leclercdrive.fr/image.ashx?id=2573543&use=l&cat=p&typeid=i","cat":284953},{"id":7780,"n":"Crackers Réception Belin Assortiment Apéritif - 380g","p":3.23,"u":"8,50 €/KG","img":"https://fd1-photos.leclercdrive.fr/image.ashx?id=3001961&use=l&cat=p&typeid=i","cat":297000},{"id":7850,"n":"Noix  1kg","p":9.99,"u":"9,99 €/KG","img":"https://fd1-photos.leclercdrive.fr/image.ashx?id=583355&use=l&cat=p&typeid=i","cat":284357},{"id":7857,"n":"Croquettes chiens Fido Au boeuf 1kg","p":2.79,"u":"2,79 €/KG","img":"https://fd1-photos.leclercdrive.fr/image.ashx?id=2972964&use=l&cat=p&typeid=i","cat":294526},{"id":7864,"n":"Yaourts sucrés Délisse Nature  - 4x125g","p":0.99,"u":"1,98 €/KG","img":"https://fd1-photos.leclercdrive.fr/image.ashx?id=2590415&use=l&cat=p&typeid=i","cat":284409},{"id":7866,"n":"Beurre Tendre Les Croisés Demi-sel - 80% MG - 250g","p":2.51,"u":"10,04 €/KG","img":"https://fd1-photos.leclercdrive.fr/image.ashx?id=2839899&use=l&cat=p&typeid=i","cat":284379},{"id":7869,"n":"Yaourts aromatisés Délisse Citron - 4x125g","p":1.45,"u":"2,90 €/KG","img":"https://fd1-photos.leclercdrive.fr/image.ashx?id=2758704&use=l&cat=p&typeid=i","cat":286006},{"id":7881,"n":"Camembert Les Croisés 8 portions - 22% mg - 8x30g","p":2.19,"u":"9,13 €/KG","img":"https://fd1-photos.leclercdrive.fr/image.ashx?id=2974798&use=l&cat=p&typeid=i","cat":314033},{"id":7882,"n":"Actifidus Délisse Coco Citron Vanille - 12x125g","p":3.5,"u":"2,33 €/KG","img":"https://fd1-photos.leclercdrive.fr/image.ashx?id=2441842&use=l&cat=p&typeid=i","cat":315000},{"id":7886,"n":"Diots fumés de Savoie NRT 4x90g","p":4.22,"u":"11,72 €/KG","img":"https://fd1-photos.leclercdrive.fr/image.ashx?id=2991467&use=l&cat=p&typeid=i","cat":316012},{"id":7887,"n":"Selles-sur-Cher NRT AOP  Fromage de chèvre - 150g","p":3.49,"u":"23,27 €/KG","img":"https://fd1-photos.leclercdrive.fr/image.ashx?id=2586031&use=l&cat=p&typeid=i","cat":314031},{"id":7895,"n":"Gâteau de riz La Laitiere 500g","p":2.05,"u":"4,10 €/KG","img":"https://fd1-photos.leclercdrive.fr/image.ashx?id=3010972&use=l&cat=p&typeid=i","cat":284418},{"id":7993,"n":"Beurre d'escargot Rustica Ail et persil - 250g","p":3.49,"u":"13,96 €/KG","img":"https://fd1-photos.leclercdrive.fr/image.ashx?id=1915569&use=l&cat=p&typeid=i","cat":319775},{"id":7996,"n":"Poireaux Notre Jardin En rondelles 1kg","p":1.28,"u":"1,28 €/KG","img":"https://fd1-photos.leclercdrive.fr/image.ashx?id=2873123&use=l&cat=p&typeid=i","cat":319805},{"id":7997,"n":"Mascarpone Galbani 250g","p":2.65,"u":"10,60 €/KG","img":"https://fd1-photos.leclercdrive.fr/image.ashx?id=3009173&use=l&cat=p&typeid=i","cat":314026},{"id":8003,"n":"Fromage Enfant Kiri Goûter 5 portions barquettes - 175g","p":2.27,"u":"12,97 €/KG","img":"https://fd1-photos.leclercdrive.fr/image.ashx?id=2972883&use=l&cat=p&typeid=i","cat":314030},{"id":8012,"n":"Friandises pour chien Lydog Biscuits fourrés Viande - 500g","p":1.29,"u":"2,58 €/KG","img":"https://fd1-photos.leclercdrive.fr/image.ashx?id=2191114&use=l&cat=p&typeid=i","cat":294527},{"id":8013,"n":"Friandises pour chien Lydog Biscuits croquants - 500g","p":1.29,"u":"2,58 €/KG","img":"https://fd1-photos.leclercdrive.fr/image.ashx?id=1954353&use=l&cat=p&typeid=i","cat":294527},{"id":8017,"n":"Pâtes Penne Regate Turini 500g","p":0.6,"u":"1,20 €/KG","img":"https://fd1-photos.leclercdrive.fr/image.ashx?id=2980776&use=l&cat=p&typeid=i","cat":284427},{"id":8023,"n":"Paëla Royale Côté Table 400g","p":2.85,"u":"7,13 €/KG","img":"https://fd1-photos.leclercdrive.fr/image.ashx?id=2499355&use=l&cat=p&typeid=i","cat":333665},{"id":8024,"n":"Barquette chiens Lydog 3 saveurs - 3x300g","p":3.78,"u":"4,20 €/KG","img":"https://fd1-photos.leclercdrive.fr/image.ashx?id=2050639&use=l&cat=p&typeid=i","cat":284673},{"id":8025,"n":"Barquette chiens Lydog 3 saveurs - 3x300g","p":3.79,"u":"4,21 €/KG","img":"https://fd1-photos.leclercdrive.fr/image.ashx?id=2050642&use=l&cat=p&typeid=i","cat":284673},{"id":8026,"n":"Soupe Velouté Régal Soupe Poireaux Pommes de terre 2x30cl","p":1.07,"u":"1,78 €/L","img":"https://fd1-photos.leclercdrive.fr/image.ashx?id=2607440&use=l&cat=p&typeid=i","cat":284462},{"id":8027,"n":"Soupe Velouté Régal Soupe 10 légumes - 2x30cl","p":1.19,"u":"1,98 €/L","img":"https://fd1-photos.leclercdrive.fr/image.ashx?id=2607443&use=l&cat=p&typeid=i","cat":284462},{"id":8032,"n":"Nougat tendre de Montélimar NRT Barre 200g","p":3.99,"u":"19,95 €/KG","img":"https://fd1-photos.leclercdrive.fr/image.ashx?id=2991151&use=l&cat=p&typeid=i","cat":304249},{"id":8095,"n":"Fromage frais Malo Nature - 20%MG - 1kg","p":3.44,"u":"3,44 €/KG","img":"https://fd1-photos.leclercdrive.fr/image.ashx?id=1745603&use=l&cat=p&typeid=i","cat":284409},{"id":8129,"n":"Soupe Mouliné Régal Soupe 10 légumes variés - 2x30cl","p":1.45,"u":"2,42 €/L","img":"https://fd1-photos.leclercdrive.fr/image.ashx?id=2607476&use=l&cat=p&typeid=i","cat":284462},{"id":8136,"n":"Biscuits raisin GERBLE  - 4x5, 360g","p":1.54,"u":"4,28 €/KG","img":"https://fd1-photos.leclercdrive.fr/image.ashx?id=2578726&use=l&cat=p&typeid=i","cat":318651},{"id":8178,"n":"Infusion Tisea Douce soirée 25 sachets","p":0.99,"u":"28,29 €/KG","img":"https://fd1-photos.leclercdrive.fr/image.ashx?id=2553902&use=l&cat=p&typeid=i","cat":293234},{"id":8182,"n":"Mini Feuilletés Côté Table Saucisse x20 - 350g","p":4.22,"u":"12,06 €/KG","img":"https://fd1-photos.leclercdrive.fr/image.ashx?id=2622016&use=l&cat=p&typeid=i","cat":319774},{"id":8194,"n":"Fagots de haricots verts Notre Jardin x6 - 270g","p":3.99,"u":"14,78 €/KG","img":"https://fd1-photos.leclercdrive.fr/image.ashx?id=1510099&use=l&cat=p&typeid=i","cat":319805},{"id":8324,"n":"Tomates séchées Florelli 270g","p":2.95,"u":"10,93 €/KG","img":"https://fd1-photos.leclercdrive.fr/image.ashx?id=2633094&use=l&cat=p&typeid=i","cat":289010},{"id":8381,"n":"Soupe instantanée Royco  Bouillon à la Chinoise 3x200ml","p":1.44,"u":"30,64 €/KG","img":"https://fd1-photos.leclercdrive.fr/image.ashx?id=2650976&use=l&cat=p&typeid=i","cat":288992},{"id":8382,"n":"Pâtes spaghetti plat Panzani 500g","p":1.02,"u":"2,04 €/KG","img":"https://fd1-photos.leclercdrive.fr/image.ashx?id=2876041&use=l&cat=p&typeid=i","cat":284427},{"id":8383,"n":"Pâtes Coquillettes Panzani 3 Minutes - 500G","p":1.18,"u":"2,36 €/KG","img":"https://fd1-photos.leclercdrive.fr/image.ashx?id=2867945&use=l&cat=p&typeid=i","cat":284427},{"id":8392,"n":"Torti Weight Watchers St Jacques - 300g","p":3.16,"u":"10,53 €/KG","img":"https://fd1-photos.leclercdrive.fr/image.ashx?id=2610861&use=l&cat=p&typeid=i","cat":333665},{"id":8394,"n":"Saucisse de Toulouse Marie Purée a l'Ancienne - 290g","p":2.85,"u":"9,83 €/KG","img":"https://fd1-photos.leclercdrive.fr/image.ashx?id=2317414&use=l&cat=p&typeid=i","cat":333665},{"id":8396,"n":"Biscuits apéritif Lay's 3D's Goût Paprika - 85g","p":0.81,"u":"9,53 €/KG","img":"https://fd1-photos.leclercdrive.fr/image.ashx?id=2166311&use=l&cat=p&typeid=i","cat":284449},{"id":8397,"n":"Madeleine Bonne Maman Pur beurre tradition 300g","p":2.71,"u":"9,03 €/KG","img":"https://fd1-photos.leclercdrive.fr/image.ashx?id=2936137&use=l&cat=p&typeid=i","cat":284492},{"id":8413,"n":"Biscuits Crackers Tokapi  Nature - 3x100g","p":1.38,"u":"4,60 €/KG","img":"https://fd1-photos.leclercdrive.fr/image.ashx?id=2660550&use=l&cat=p&typeid=i","cat":297000},{"id":8415,"n":"Pâtes coquillettes Turini Les 3 min - 500g","p":0.72,"u":"1,44 €/KG","img":"https://fd1-photos.leclercdrive.fr/image.ashx?id=2607461&use=l&cat=p&typeid=i","cat":284427},{"id":8416,"n":"Parmentier poisson Côté Table 300g","p":2.35,"u":"7,83 €/KG","img":"https://fd1-photos.leclercdrive.fr/image.ashx?id=2970729&use=l&cat=p&typeid=i","cat":333665},{"id":8419,"n":"Biscuits Crackers Tokapi Emmental - 100g","p":0.68,"u":"6,80 €/KG","img":"https://fd1-photos.leclercdrive.fr/image.ashx?id=2351226&use=l&cat=p&typeid=i","cat":297000},{"id":8420,"n":"Chocolat blanc Tablette D'Or Noix de coco - 200g","p":2.69,"u":"13,45 €/KG","img":"https://fd1-photos.leclercdrive.fr/image.ashx?id=2753472&use=l&cat=p&typeid=i","cat":284957},{"id":8424,"n":"Biscottes Heudebert  Fibres plus - 280g","p":1.89,"u":"6,75 €/KG","img":"https://fd1-photos.leclercdrive.fr/image.ashx?id=2679503&use=l&cat=p&typeid=i","cat":284479},{"id":8428,"n":"Biscuits sablés Granola Chocolat au lait - 225g","p":1.62,"u":"7,20 €/KG","img":"https://fd1-photos.leclercdrive.fr/image.ashx?id=2346675&use=l&cat=p&typeid=i","cat":284488},{"id":8432,"n":"Biscuit Roudor St Michel 2x150g","p":2.52,"u":"8,40 €/KG","img":"https://fd1-photos.leclercdrive.fr/image.ashx?id=2935690&use=l&cat=p&typeid=i","cat":284487},{"id":8433,"n":"Pâtes Coquillettes Panzani Prêt en 3 min - 1kg","p":2.09,"u":"2,09 €/KG","img":"https://fd1-photos.leclercdrive.fr/image.ashx?id=2896093&use=l&cat=p&typeid=i","cat":284427},{"id":8447,"n":"Pommes Pink Lady Barquette x6","p":4.6,"u":"0,77 €/P","img":"https://fd1-photos.leclercdrive.fr/image.ashx?id=2121671&use=l&cat=p&typeid=i","cat":284356},{"id":8471,"n":"Lait en poudre Délisse Ecrémé - 750g","p":4.99,"u":"6,65 €/KG","img":"https://fd1-photos.leclercdrive.fr/image.ashx?id=2590698&use=l&cat=p&typeid=i","cat":299162},{"id":8474,"n":"Terrines Tous Mes Amis Les délices de la mer - 3x400g","p":3.69,"u":"3,08 €/KG","img":"https://fd1-photos.leclercdrive.fr/image.ashx?id=2832921&use=l&cat=p&typeid=i","cat":285601},{"id":8475,"n":"Serviette hygiénique Doulys Maxi confort - Normal - x18","p":0.99,"u":"0,06 €/P","img":"https://fd1-photos.leclercdrive.fr/image.ashx?id=2838909&use=l&cat=p&typeid=i","cat":284624},{"id":8476,"n":"AOP Côtes de Provence vin rosé Terres Ocrées - BIB 3L","p":16.99,"u":"5,66 €/L","img":"https://fd1-photos.leclercdrive.fr/image.ashx?id=2923393&use=l&cat=p&typeid=i","cat":289558},{"id":8484,"n":"AOC Côtes de Bourg vin rouge Chantet Blanet - BIB 3L","p":12.49,"u":"4,16 €/L","img":"https://fd1-photos.leclercdrive.fr/image.ashx?id=2928219&use=l&cat=p&typeid=i","cat":289560},{"id":8494,"n":"Biscuits déli matin P'tit Déli Chocolat/pépites - 600g","p":3.18,"u":"5,30 €/KG","img":"https://fd1-photos.leclercdrive.fr/image.ashx?id=2999496&use=l&cat=p&typeid=i","cat":284491},{"id":8504,"n":"Biscottes bio Bio Village Complètes x36 - 300g","p":2.2,"u":"7,33 €/KG","img":"https://fd1-photos.leclercdrive.fr/image.ashx?id=2590460&use=l&cat=p&typeid=i","cat":284479},{"id":8515,"n":"Bâtonnets Dentastix Pedigree Moyen chien x28 - 720g","p":7.05,"u":"9,79 €/KG","img":"https://fd1-photos.leclercdrive.fr/image.ashx?id=2980094&use=l&cat=p&typeid=i","cat":294527},{"id":8528,"n":"Sel fin La Baleine Iodé et fluoré - 750g","p":0.69,"u":"0,92 €/KG","img":"https://fd1-photos.leclercdrive.fr/image.ashx?id=2790612&use=l&cat=p&typeid=i","cat":284457},{"id":8533,"n":"Flageolets verts Notre Jardin Extra Fins - 420g","p":1.72,"u":"4,10 €/KG","img":"https://fd1-photos.leclercdrive.fr/image.ashx?id=2371536&use=l&cat=p&typeid=i","cat":312606},{"id":8535,"n":"Olives noires Rustica Entières - 225g","p":0.99,"u":"4,40 €/KG","img":"https://fd1-photos.leclercdrive.fr/image.ashx?id=2499076&use=l&cat=p&typeid=i","cat":284458},{"id":8536,"n":"Savon mains en crème Manava Perles d'oranger - 300ml","p":1.25,"u":"4,17 €/L","img":"https://fd1-photos.leclercdrive.fr/image.ashx?id=2935480&use=l&cat=p&typeid=i","cat":284597},{"id":8538,"n":"100% Pur jus d'orange Jafaden  Avec pulpe - 1L","p":1.99,"u":"1,99 €/L","img":"https://fd1-photos.leclercdrive.fr/image.ashx?id=2796043&use=l&cat=p&typeid=i","cat":284521},{"id":8539,"n":"Nectar Jafaden Pêche - 1L","p":1.99,"u":"1,99 €/L","img":"https://fd1-photos.leclercdrive.fr/image.ashx?id=2919607&use=l&cat=p&typeid=i","cat":284915},{"id":8541,"n":"Nectar Jafaden Mangue - 1L","p":2.15,"u":"2,15 €/L","img":"https://fd1-photos.leclercdrive.fr/image.ashx?id=2955710&use=l&cat=p&typeid=i","cat":284916},{"id":8553,"n":"Sauce Barbecue AMORA 490g","p":1.94,"u":"3,96 €/KG","img":"https://fd1-photos.leclercdrive.fr/image.ashx?id=2877298&use=l&cat=p&typeid=i","cat":318431},{"id":8558,"n":"Savon L'Authentique Monsavon Lavant Antibactérien - 6x100g","p":2.9,"u":"4,83 €/KG","img":"https://fd1-photos.leclercdrive.fr/image.ashx?id=2881332&use=l&cat=p&typeid=i","cat":284597},{"id":8559,"n":"Biscuits Bjorg Fourrés Chocolat noir bio 225g","p":2.91,"u":"12,93 €/KG","img":"https://fd1-photos.leclercdrive.fr/image.ashx?id=2970912&use=l&cat=p&typeid=i","cat":284488},{"id":8564,"n":"Pâtes Barilla  Linguine - 500g","p":1.08,"u":"2,16 €/KG","img":"https://fd1-photos.leclercdrive.fr/image.ashx?id=3004444&use=l&cat=p&typeid=i","cat":284427},{"id":8566,"n":"Chocolat noir Bio Village Bio -Dégustation 74% cacao 100g","p":1.59,"u":"15,90 €/KG","img":"https://fd1-photos.leclercdrive.fr/image.ashx?id=2045623&use=l&cat=p&typeid=i","cat":284956},{"id":8572,"n":"Tablette chocolat Côte d'Or Chocolat au lait - 200g","p":3.06,"u":"15,30 €/KG","img":"https://fd1-photos.leclercdrive.fr/image.ashx?id=2944362&use=l&cat=p&typeid=i","cat":284497},{"id":8576,"n":"Pâtes Barilla Torsades - 500g","p":0.94,"u":"1,88 €/KG","img":"https://fd1-photos.leclercdrive.fr/image.ashx?id=2392224&use=l&cat=p&typeid=i","cat":284427},{"id":8603,"n":"Cocktail Punch Old Nick Planteur 16%vol - 70cl","p":5.7,"u":"8,14 €/L","img":"https://fd1-photos.leclercdrive.fr/image.ashx?id=2999207&use=l&cat=p&typeid=i","cat":284551},{"id":8605,"n":"Liqueur Cointreau 40%vol. - 70cl","p":18.41,"u":"26,30 €/L","img":"https://fd1-photos.leclercdrive.fr/image.ashx?id=2998904&use=l&cat=p&typeid=i","cat":286032},{"id":8634,"n":"Cognac Courcel 40%vol - 20cl","p":6.25,"u":"31,25 €/L","img":"https://fd1-photos.leclercdrive.fr/image.ashx?id=2484035&use=l&cat=p&typeid=i","cat":286032},{"id":8635,"n":"Champagne Möet & Chandon Rosé Impérial 75cl","p":49.95,"u":"66,60 €/L","img":"https://fd1-photos.leclercdrive.fr/image.ashx?id=2771858&use=l&cat=p&typeid=i","cat":284542},{"id":8637,"n":"AOP Muscadet blanc Reserve Fief Cognard - 75 Cl","p":5.2,"u":"6,93 €/L","img":"https://fd1-photos.leclercdrive.fr/image.ashx?id=1893739&use=l&cat=p&typeid=i","cat":289557},{"id":8642,"n":"Dentifrice Dentamyl Anti-tartre 75ml","p":0.74,"u":"9,87 €/L","img":"https://fd1-photos.leclercdrive.fr/image.ashx?id=2489098&use=l&cat=p&typeid=i","cat":284612},{"id":8643,"n":"Amandes en poudre Tablier Blanc 125g","p":1.56,"u":"12,48 €/KG","img":"https://fd1-photos.leclercdrive.fr/image.ashx?id=2460577&use=l&cat=p&typeid=i","cat":284504},{"id":8645,"n":"Pepites de chocolat Tablier Blanc - 100g","p":1.43,"u":"14,30 €/KG","img":"https://fd1-photos.leclercdrive.fr/image.ashx?id=2723138&use=l&cat=p&typeid=i","cat":284504},{"id":8646,"n":"Noix de Coco Râpée  Tablier Blanc - 125g","p":1.56,"u":"12,48 €/KG","img":"https://fd1-photos.leclercdrive.fr/image.ashx?id=2460583&use=l&cat=p&typeid=i","cat":284504},{"id":8647,"n":"Gélatine alimentaire Tablier 9 feuilles - 17g","p":1.07,"u":"62,94 €/KG","img":"https://fd1-photos.leclercdrive.fr/image.ashx?id=2487446&use=l&cat=p&typeid=i","cat":284504},{"id":8648,"n":"Amandes effilées Tablier Blanc 125g","p":1.56,"u":"12,48 €/KG","img":"https://fd1-photos.leclercdrive.fr/image.ashx?id=2460586&use=l&cat=p&typeid=i","cat":284504},{"id":8649,"n":"Raisins Secs Tablier Blanc 250g","p":1.56,"u":"6,24 €/KG","img":"https://fd1-photos.leclercdrive.fr/image.ashx?id=2460589&use=l&cat=p&typeid=i","cat":284504},{"id":8678,"n":"Muscat NRT Baume De Venise-15,5%vol - 75cl","p":9.99,"u":"13,32 €/L","img":"https://fd1-photos.leclercdrive.fr/image.ashx?id=2764152&use=l&cat=p&typeid=i","cat":284913},{"id":8698,"n":"Assiette soir bébé bio Babybio Légumes riz - 12 mois - 230g","p":2.23,"u":"9,70 €/KG","img":"https://fd1-photos.leclercdrive.fr/image.ashx?id=2859356&use=l&cat=p&typeid=i","cat":312239},{"id":8735,"n":"Cake P'tit Déli Aux Fruits 400g","p":2.6,"u":"6,50 €/KG","img":"https://fd1-photos.leclercdrive.fr/image.ashx?id=2500803&use=l&cat=p&typeid=i","cat":284493},{"id":8746,"n":"Sauce Beurre blanc Gastromer 200g","p":1.47,"u":"7,35 €/KG","img":"https://fd1-photos.leclercdrive.fr/image.ashx?id=2504653&use=l&cat=p&typeid=i","cat":284382},{"id":8749,"n":"Flask Whisky Label 5 40%vol - 20cl","p":4.28,"u":"21,40 €/L","img":"https://fd1-photos.leclercdrive.fr/image.ashx?id=2519720&use=l&cat=p&typeid=i","cat":284547},{"id":8754,"n":"Sacs congélation Elembal Moyen Zip 20 Sacs","p":1.49,"u":"0,07 €/P","img":"https://fd1-photos.leclercdrive.fr/image.ashx?id=2751886&use=l&cat=p&typeid=i","cat":334134},{"id":8783,"n":"Pommes Elstar  1kg","p":2.49,"u":"2,49 €/KG","img":"https://fd1-photos.leclercdrive.fr/image.ashx?id=1631131&use=l&cat=p&typeid=i","cat":284356},{"id":8784,"n":"Plat bébé Blédina 8 mois  Riz carotte jambon - 2x200g","p":2.44,"u":"6,10 €/KG","img":"https://fd1-photos.leclercdrive.fr/image.ashx?id=2975065&use=l&cat=p&typeid=i","cat":312236},{"id":8785,"n":"Pommes Elstar  2kg","p":3.9,"u":"1,95 €/KG","img":"https://fd1-photos.leclercdrive.fr/image.ashx?id=1631134&use=l&cat=p&typeid=i","cat":284356},{"id":8787,"n":"Fromage frais Malo Nature sucré - 4x100g","p":1.5,"u":"3,75 €/KG","img":"https://fd1-photos.leclercdrive.fr/image.ashx?id=2462589&use=l&cat=p&typeid=i","cat":284409},{"id":8790,"n":"Fromage frais Malo Nature Sucré - 8x100g","p":2.95,"pp":2.06,"u":"2,58 €/KG","img":"https://fd1-photos.leclercdrive.fr/image.ashx?id=2106229&use=l&cat=p&typeid=i","cat":284409},{"id":8804,"n":"Brownie P'tit Déli Chocolat pépites 285g","p":1.85,"u":"6,49 €/KG","img":"https://fd1-photos.leclercdrive.fr/image.ashx?id=2663365&use=l&cat=p&typeid=i","cat":294776},{"id":8809,"n":"Galettes Bretonnes P'tit Déli Pur beurre 2x125g","p":1.45,"u":"5,80 €/KG","img":"https://fd1-photos.leclercdrive.fr/image.ashx?id=2847961&use=l&cat=p&typeid=i","cat":284487},{"id":8813,"n":"Fromage frais Malo  Nature - 4x100g","p":1.52,"u":"3,80 €/KG","img":"https://fd1-photos.leclercdrive.fr/image.ashx?id=2462592&use=l&cat=p&typeid=i","cat":284409},{"id":8815,"n":"Crêpes dentelle Gavottes Chocolat au lait - 90g","p":1.79,"u":"19,89 €/KG","img":"https://fd1-photos.leclercdrive.fr/image.ashx?id=2582843&use=l&cat=p&typeid=i","cat":284490},{"id":8831,"n":"Nouille Alsacienne Lustucru 250g","p":0.88,"u":"3,52 €/KG","img":"https://fd1-photos.leclercdrive.fr/image.ashx?id=2503942&use=l&cat=p&typeid=i","cat":284427},{"id":8832,"n":"Pâtes Lustucru collerettes 250g","p":0.88,"u":"3,52 €/KG","img":"https://fd1-photos.leclercdrive.fr/image.ashx?id=1943562&use=l&cat=p&typeid=i","cat":284427},{"id":8842,"n":"Couscous poulet bœuf Garbit - 980g","p":4.36,"u":"4,45 €/KG","img":"https://fd1-photos.leclercdrive.fr/image.ashx?id=2677930&use=l&cat=p&typeid=i","cat":325094},{"id":8855,"n":"Sauce Champignons Turini 420g","p":1.21,"u":"2,88 €/KG","img":"https://fd1-photos.leclercdrive.fr/image.ashx?id=2494189&use=l&cat=p&typeid=i","cat":287599},{"id":8857,"n":"Café soluble Plantation Qualité filtre - x25 - 50g","p":2.09,"u":"41,80 €/KG","img":"https://fd1-photos.leclercdrive.fr/image.ashx?id=2834278&use=l&cat=p&typeid=i","cat":284843},{"id":8858,"n":"Café Soluble Plantation Décaféiné - x25 - 50g","p":2.28,"u":"45,60 €/KG","img":"https://fd1-photos.leclercdrive.fr/image.ashx?id=2834281&use=l&cat=p&typeid=i","cat":284843},{"id":8859,"n":"Café soluble Plantation Chicorée - 100g","p":2.35,"u":"23,50 €/KG","img":"https://fd1-photos.leclercdrive.fr/image.ashx?id=2856468&use=l&cat=p&typeid=i","cat":284843},{"id":8861,"n":"Café soluble Plantation Expresso - x25 - 45g","p":2.29,"u":"50,89 €/KG","img":"https://fd1-photos.leclercdrive.fr/image.ashx?id=2834287&use=l&cat=p&typeid=i","cat":284843},{"id":8864,"n":"Pain de Mie Epi d'or - Nature Longue Conservation - 280g","p":0.74,"u":"2,64 €/KG","img":"https://fd1-photos.leclercdrive.fr/image.ashx?id=2993564&use=l&cat=p&typeid=i","cat":284477},{"id":8865,"n":"Toasts Brioches Epi D'Or x13 - 125g","p":0.94,"u":"7,52 €/KG","img":"https://fd1-photos.leclercdrive.fr/image.ashx?id=2896018&use=l&cat=p&typeid=i","cat":284479},{"id":8869,"n":"Riz complet Comptoir du Grain 10min - 500g","p":1.49,"u":"2,98 €/KG","img":"https://fd1-photos.leclercdrive.fr/image.ashx?id=2909386&use=l&cat=p&typeid=i","cat":284428},{"id":8870,"n":"Dés fromage Herbes de Provence Poivrons Les Croisés - 300g","p":2.11,"u":"7,03 €/KG","img":"https://fd1-photos.leclercdrive.fr/image.ashx?id=2758300&use=l&cat=p&typeid=i","cat":314027},{"id":8891,"n":"Soda Jean's Cola Bouteille - 6x1,5L","p":6.64,"u":"0,74 €/L","img":"https://fd1-photos.leclercdrive.fr/image.ashx?id=2637862&use=l&cat=p&typeid=i","cat":284530},{"id":8908,"n":"Crépes Fourrées P'tit Déli Céréales et chocolat x8 - 256g","p":1.81,"u":"7,07 €/KG","img":"https://fd1-photos.leclercdrive.fr/image.ashx?id=2656338&use=l&cat=p&typeid=i","cat":284494},{"id":8910,"n":"Jus 3 agrumes Jafaden Pur jus - 1L","p":2.42,"u":"2,42 €/L","img":"https://fd1-photos.leclercdrive.fr/image.ashx?id=2956047&use=l&cat=p&typeid=i","cat":284917},{"id":8914,"n":"IGP Pays d'Oc Viognier Blanc Vieux Carion 13% vol - 75cl","p":2.99,"u":"3,99 €/L","img":"https://fd1-photos.leclercdrive.fr/image.ashx?id=2866244&use=l&cat=p&typeid=i","cat":289557},{"id":8917,"n":"Lait Ribot 1L","p":1.39,"u":"1,39 €/L","img":"https://fd1-photos.leclercdrive.fr/image.ashx?id=2945505&use=l&cat=p&typeid=i","cat":285609},{"id":8918,"n":"Crêpe Bretonne Even x12 - 350g","p":2.39,"u":"6,83 €/KG","img":"https://fd1-photos.leclercdrive.fr/image.ashx?id=2314993&use=l&cat=p&typeid=i","cat":284494},{"id":8926,"n":"Fromage Emmental Paysan Berton Râpé lait pasteurisé 150g","p":1.68,"u":"11,20 €/KG","img":"https://fd1-photos.leclercdrive.fr/image.ashx?id=2975296&use=l&cat=p&typeid=i","cat":314035},{"id":8928,"n":"Lait Ribot Payson Breton 1L","p":1.85,"u":"1,85 €/L","img":"https://fd1-photos.leclercdrive.fr/image.ashx?id=2959445&use=l&cat=p&typeid=i","cat":285609},{"id":8931,"n":"Fromage Emmental Paysan Breton Portion - 220g","p":2.46,"u":"11,18 €/KG","img":"https://fd1-photos.leclercdrive.fr/image.ashx?id=2945559&use=l&cat=p&typeid=i","cat":314034},{"id":8963,"n":"Fromage à tartiner Madame Loïk Fouetté Ech. Ciboulette - 150g","p":1.65,"u":"11,00 €/KG","img":"https://fd1-photos.leclercdrive.fr/image.ashx?id=2986356&use=l&cat=p&typeid=i","cat":314029},{"id":8966,"n":"Biscuits chien Pedigree Biscrok - 500g","p":1.59,"u":"3,18 €/KG","img":"https://fd1-photos.leclercdrive.fr/image.ashx?id=2983456&use=l&cat=p&typeid=i","cat":294527},{"id":8968,"n":"Chocolat poudre Banania 400g","p":2.71,"u":"6,78 €/KG","img":"https://fd1-photos.leclercdrive.fr/image.ashx?id=2225276&use=l&cat=p&typeid=i","cat":293235},{"id":8970,"n":"Riz long blanc de Camargue NRT 500g","p":1.59,"u":"3,18 €/KG","img":"https://fd1-photos.leclercdrive.fr/image.ashx?id=2663803&use=l&cat=p&typeid=i","cat":284428},{"id":8977,"n":"Cacahuètes  Benenuts Grillées à sec - 200g","p":1.57,"u":"7,85 €/KG","img":"https://fd1-photos.leclercdrive.fr/image.ashx?id=2389616&use=l&cat=p&typeid=i","cat":284448},{"id":8985,"n":"Soupe Poule au Pot Knorr Déshydratée - 1L","p":0.95,"u":"0,95 €/L","img":"https://fd1-photos.leclercdrive.fr/image.ashx?id=2826471&use=l&cat=p&typeid=i","cat":284463},{"id":8987,"n":"Pâté Hénaff 156g","p":2.41,"u":"15,45 €/KG","img":"https://fd1-photos.leclercdrive.fr/image.ashx?id=2298361&use=l&cat=p&typeid=i","cat":305149},{"id":9007,"n":"Lait concentré sucré Régilait Écrémé - 397g","p":1.59,"u":"4,01 €/KG","img":"https://fd1-photos.leclercdrive.fr/image.ashx?id=2018652&use=l&cat=p&typeid=i","cat":299162},{"id":9033,"n":"Fromage Entremont Dégustation 45%mg - 250g","p":2.8,"u":"11,20 €/KG","img":"https://fd1-photos.leclercdrive.fr/image.ashx?id=2983168&use=l&cat=p&typeid=i","cat":314034},{"id":9065,"n":"Fromage tartiflette Ermitage 27%mg - 500g","p":5.97,"u":"11,94 €/KG","img":"https://fd1-photos.leclercdrive.fr/image.ashx?id=2966011&use=l&cat=p&typeid=i","cat":314037},{"id":9077,"n":"Rillettes de Saumon Gastromer 150g","p":1.5,"u":"10,00 €/KG","img":"https://fd1-photos.leclercdrive.fr/image.ashx?id=1849216&use=l&cat=p&typeid=i","cat":285191},{"id":9080,"n":"Fromage à Tartiner St Môret  Nature 9 Portions - 180g","p":2.2,"u":"12,22 €/KG","img":"https://fd1-photos.leclercdrive.fr/image.ashx?id=2763319&use=l&cat=p&typeid=i","cat":314029},{"id":9110,"n":"Bûche de chèvre allégée Soignon Lait pasteurisé 29%mg - 180g","p":2.12,"u":"11,78 €/KG","img":"https://fd1-photos.leclercdrive.fr/image.ashx?id=2886987&use=l&cat=p&typeid=i","cat":314031},{"id":9123,"n":"Café soluble Plantation Café Au Lait Chicorée - 400g","p":3.59,"u":"8,98 €/KG","img":"https://fd1-photos.leclercdrive.fr/image.ashx?id=2834232&use=l&cat=p&typeid=i","cat":284843},{"id":9124,"n":"Croquettes chiens Lydog Senior - 3kg","p":5.18,"u":"1,73 €/KG","img":"https://fd1-photos.leclercdrive.fr/image.ashx?id=2047025&use=l&cat=p&typeid=i","cat":284672},{"id":9130,"n":"Mouchoirs blancs 2 plis Caresse Boîte mouchoirs en papier -x110","p":1.33,"u":"0,01 €/P","img":"https://fd1-photos.leclercdrive.fr/image.ashx?id=2390416&use=l&cat=p&typeid=i","cat":284638},{"id":9131,"n":"Gel douche et shampooing Carré Homme Tonifiante - 250ml","p":1.27,"u":"5,08 €/L","img":"https://fd1-photos.leclercdrive.fr/image.ashx?id=2927848&use=l&cat=p&typeid=i","cat":284619},{"id":9132,"n":"Soda Pulp'Orange Canette - 6x33cl","p":3.19,"u":"1,61 €/L","img":"https://fd1-photos.leclercdrive.fr/image.ashx?id=2922406&use=l&cat=p&typeid=i","cat":284532},{"id":9139,"n":"Bouchées chiens Lydog Boeuf - 1.5kg","p":2.79,"u":"1,86 €/KG","img":"https://fd1-photos.leclercdrive.fr/image.ashx?id=2895759&use=l&cat=p&typeid=i","cat":284672},{"id":9144,"n":"Vinaigre de Vin blanc Rustica Aromatisé à la noix - 50cl","p":1.64,"u":"3,28 €/L","img":"https://fd1-photos.leclercdrive.fr/image.ashx?id=1670491&use=l&cat=p&typeid=i","cat":298543},{"id":9150,"n":"Soupe Velouté Régal Soupe Potiron - 2x30cl","p":1.76,"u":"2,93 €/L","img":"https://fd1-photos.leclercdrive.fr/image.ashx?id=2607473&use=l&cat=p&typeid=i","cat":284462},{"id":9161,"n":"Tarte aux poireaux Côté Table 2x130g","p":2.54,"u":"9,77 €/KG","img":"https://fd1-photos.leclercdrive.fr/image.ashx?id=2354707&use=l&cat=p&typeid=i","cat":333680},{"id":9164,"n":"Crevettes natures Pêche Océan 125g","p":3.99,"u":"31,92 €/KG","img":"https://fd1-photos.leclercdrive.fr/image.ashx?id=3015242&use=l&cat=p&typeid=i","cat":284343},{"id":9167,"n":"Fromage Edam Mimolette Les Croisés dés 150g","p":1.85,"u":"12,33 €/KG","img":"https://fd1-photos.leclercdrive.fr/image.ashx?id=2365472&use=l&cat=p&typeid=i","cat":314027},{"id":9170,"n":"Spaetzles d'Alsace NRT 250g","p":1.39,"u":"5,56 €/KG","img":"https://fd1-photos.leclercdrive.fr/image.ashx?id=2839962&use=l&cat=p&typeid=i","cat":284427},{"id":9171,"n":"Sablés aux Pommes NRT - 150g","p":1.99,"u":"13,27 €/KG","img":"https://fd1-photos.leclercdrive.fr/image.ashx?id=2856615&use=l&cat=p&typeid=i","cat":284487},{"id":9173,"n":"Ravioles Label Rouge NRT Dauphiné - 240g","p":2.99,"u":"12,46 €/KG","img":"https://fd1-photos.leclercdrive.fr/image.ashx?id=2704894&use=l&cat=p&typeid=i","cat":333682},{"id":9181,"n":"Chinois La Fournée Dorée Crème pâtissière - 600g","p":2.43,"u":"4,05 €/KG","img":"https://fd1-photos.leclercdrive.fr/image.ashx?id=2342090&use=l&cat=p&typeid=i","cat":293600},{"id":9183,"n":"Boules soufflées Tokapi Tomate - 42g","p":0.57,"u":"13,57 €/KG","img":"https://fd1-photos.leclercdrive.fr/image.ashx?id=2898832&use=l&cat=p&typeid=i","cat":284449},{"id":9223,"n":"Pâtes Capellini Turini 500g","p":0.85,"u":"1,70 €/KG","img":"https://fd1-photos.leclercdrive.fr/image.ashx?id=2607482&use=l&cat=p&typeid=i","cat":284427},{"id":9246,"n":"Avocat Bio Bio Village En barquette x2","p":3.59,"u":"1,80 €/P","img":"https://fd1-photos.leclercdrive.fr/image.ashx?id=2551984&use=l&cat=p&typeid=i","cat":284352},{"id":9265,"n":"Pêche poire ananas  Douceur du verger - 4x70g","p":2.59,"u":"9,25 €/KG","img":"https://fd1-photos.leclercdrive.fr/image.ashx?id=2349100&use=l&cat=p&typeid=i","cat":284507},{"id":9266,"n":"Ananas papaye mangue DDV Sirop léger - 4x70g","p":2.75,"u":"9,82 €/KG","img":"https://fd1-photos.leclercdrive.fr/image.ashx?id=2100775&use=l&cat=p&typeid=i","cat":284507},{"id":9276,"n":"Biscuits Sprits P'tit Déli Chocolat au lait - 150g","p":1.09,"u":"7,27 €/KG","img":"https://fd1-photos.leclercdrive.fr/image.ashx?id=2954746&use=l&cat=p&typeid=i","cat":284488},{"id":9322,"n":"Tartelette Choco Caramel St Michel Bonne Maman 135g","p":1.36,"u":"10,07 €/KG","img":"https://fd1-photos.leclercdrive.fr/image.ashx?id=2949931&use=l&cat=p&typeid=i","cat":284488},{"id":9435,"n":"AOP Champagne Mercier  Brut - 75cl","p":24.9,"u":"33,20 €/L","img":"https://fd1-photos.leclercdrive.fr/image.ashx?id=1867174&use=l&cat=p&typeid=i","cat":284542},{"id":9587,"n":"Tube de peinture Esquisse Gouache - 5x10ml","p":1.5,"u":"30,00 €/L","img":"https://fd1-photos.leclercdrive.fr/image.ashx?id=2131185&use=l&cat=p&typeid=i","cat":334133},{"id":9593,"n":"AOP Côtes du Rhône vin rouge Combes Saint Sauveur 75cl","p":3.99,"u":"5,32 €/L","img":"https://fd1-photos.leclercdrive.fr/image.ashx?id=2755414&use=l&cat=p&typeid=i","cat":289556},{"id":9597,"n":"AOP Côtes de Provence rosé Jean Valestrel - 75cl","p":6.7,"u":"8,93 €/L","img":"https://fd1-photos.leclercdrive.fr/image.ashx?id=2236698&use=l&cat=p&typeid=i","cat":289558},{"id":9598,"n":"Nuggets Le Gaulois Extra croustillant x10 - 200g","p":2.16,"u":"10,80 €/KG","img":"https://fd1-photos.leclercdrive.fr/image.ashx?id=2645531&use=l&cat=p&typeid=i","cat":333684},{"id":9602,"n":"Copies doubles Esquisse - x300 21x29.7cm","p":2.49,"img":"https://fd1-photos.leclercdrive.fr/image.ashx?id=1698667&use=l&cat=p&typeid=i","cat":284697},{"id":9603,"n":"Feuilles simples Esquisse Petits carreaux 21x29.7 200+100","p":2.49,"img":"https://fd1-photos.leclercdrive.fr/image.ashx?id=2131209&use=l&cat=p&typeid=i","cat":284697},{"id":9608,"n":"Intercalaires Esquisse Touch A4 2 jeux de 6 touches","p":1.39,"img":"https://fd1-photos.leclercdrive.fr/image.ashx?id=1678700&use=l&cat=p&typeid=i","cat":284745},{"id":9632,"n":"IGP Pays d'Oc rouge Les Ormes De Cambras 12.5% vol - 75cl","p":2.8,"u":"3,73 €/L","img":"https://fd1-photos.leclercdrive.fr/image.ashx?id=2445121&use=l&cat=p&typeid=i","cat":289556},{"id":9634,"n":"Scotch Whisky Baird's 40%vol - 1L","p":15.49,"u":"15,49 €/L","img":"https://fd1-photos.leclercdrive.fr/image.ashx?id=2907168&use=l&cat=p&typeid=i","cat":284547},{"id":9635,"n":"Rhum blanc Charrette 49%vol - 1L","p":15.36,"u":"15,36 €/L","img":"https://fd1-photos.leclercdrive.fr/image.ashx?id=1946417&use=l&cat=p&typeid=i","cat":284550},{"id":9638,"n":"AOC Rhum agricole blanc Dillon Martinique 55%vol - 1L","p":18.48,"u":"18,48 €/L","img":"https://fd1-photos.leclercdrive.fr/image.ashx?id=2650946&use=l&cat=p&typeid=i","cat":284550},{"id":9641,"n":"Whisky Ballantine's Finest Blended Scotch 40% vol - 1L","p":20.95,"pp":19.45,"u":"19,45 €/L","img":"https://fd1-photos.leclercdrive.fr/image.ashx?id=2816964&use=l&cat=p&typeid=i","cat":284547},{"id":9676,"n":"Bâton de colle Uhu stic 2x8.2g","p":2.85,"u":"178,13 €/KG","img":"https://fd1-photos.leclercdrive.fr/image.ashx?id=2901058&use=l&cat=p&typeid=i","cat":334133},{"id":9689,"n":"Muffin complet Epi d'Or x4 - 250g","p":1.7,"u":"6,80 €/KG","img":"https://fd1-photos.leclercdrive.fr/image.ashx?id=2939058&use=l&cat=p&typeid=i","cat":284985},{"id":9692,"n":"Chocolat au lait Equador Coeur Praliné - 150g","p":2.09,"u":"13,93 €/KG","img":"https://fd1-photos.leclercdrive.fr/image.ashx?id=2834293&use=l&cat=p&typeid=i","cat":284497},{"id":9700,"n":"Serviette incontinence Chorys Extra plus - x16","p":4.99,"u":"0,31 €/P","img":"https://fd1-photos.leclercdrive.fr/image.ashx?id=2691171&use=l&cat=p&typeid=i","cat":284628},{"id":9708,"n":"Crème aux oeufs Délisse Vanille - 4x100g","p":1.49,"u":"3,73 €/KG","img":"https://fd1-photos.leclercdrive.fr/image.ashx?id=1956631&use=l&cat=p&typeid=i","cat":284419},{"id":9709,"n":"Mini brownies P'tit Déli Chocolat pépites x8 - 240g","p":1.49,"u":"6,21 €/KG","img":"https://fd1-photos.leclercdrive.fr/image.ashx?id=2888938&use=l&cat=p&typeid=i","cat":294776},{"id":9894,"n":"Moutarde de Bourgogne IGP NRT 200g","p":1.5,"u":"7,50 €/KG","img":"https://fd1-photos.leclercdrive.fr/image.ashx?id=2644918&use=l&cat=p&typeid=i","cat":288850},{"id":9898,"n":"Culotte absorbante Chorys Taille L - x10","p":6.99,"u":"0,70 €/P","img":"https://fd1-photos.leclercdrive.fr/image.ashx?id=2623004&use=l&cat=p&typeid=i","cat":284628},{"id":9899,"n":"Culotte absorbante Chorys Taille M - Plus - x12","p":7.99,"u":"0,67 €/P","img":"https://fd1-photos.leclercdrive.fr/image.ashx?id=2623001&use=l&cat=p&typeid=i","cat":284628},{"id":9915,"n":"Oignons émincés Notre Jardin 1kg","p":1.75,"u":"1,75 €/KG","img":"https://fd1-photos.leclercdrive.fr/image.ashx?id=2873120&use=l&cat=p&typeid=i","cat":319805},{"id":9916,"n":"Epinards Notre Jardin Feuilles à cuire - 600g","p":1.35,"u":"2,25 €/KG","img":"https://fd1-photos.leclercdrive.fr/image.ashx?id=2916677&use=l&cat=p&typeid=i","cat":319805},{"id":9917,"n":"Whisky J&B Rare 40%vol - 1L","p":21.5,"pp":18.5,"u":"18,50 €/L","img":"https://fd1-photos.leclercdrive.fr/image.ashx?id=2497638&use=l&cat=p&typeid=i","cat":284547},{"id":9920,"n":"Riz rond blanc de Camargue NRT 500g","p":1.79,"u":"3,58 €/KG","img":"https://fd1-photos.leclercdrive.fr/image.ashx?id=2663839&use=l&cat=p&typeid=i","cat":284428},{"id":9933,"n":"Mouchoirs blancs 4 plis Caresse Mouchoirs papier - 24 étuis","p":2.51,"u":"0,10 €/P","img":"https://fd1-photos.leclercdrive.fr/image.ashx?id=2870017&use=l&cat=p&typeid=i","cat":284638},{"id":10069,"n":"Gâteaux moelleux Pépito  Pépites de chocolat - 150g","p":1.29,"u":"8,60 €/KG","img":"https://fd1-photos.leclercdrive.fr/image.ashx?id=2374396&use=l&cat=p&typeid=i","cat":284495},{"id":10073,"n":"Tablette chocolat Bio Village Bio Chocolat au lait - 100g","p":1.89,"u":"18,90 €/KG","img":"https://fd1-photos.leclercdrive.fr/image.ashx?id=2861899&use=l&cat=p&typeid=i","cat":284497},{"id":10074,"n":"Tablette de chocolat Equador Noir et menthe 100g","p":1.19,"u":"11,90 €/KG","img":"https://fd1-photos.leclercdrive.fr/image.ashx?id=2834296&use=l&cat=p&typeid=i","cat":284956},{"id":10076,"n":"Tablette chocolat Equador Noir framboise 100g","p":1.82,"u":"18,20 €/KG","img":"https://fd1-photos.leclercdrive.fr/image.ashx?id=2834290&use=l&cat=p&typeid=i","cat":284956},{"id":10086,"n":"Fondants Autour du Dessert Chocolat x2 - 180g","p":1.99,"u":"11,06 €/KG","img":"https://fd1-photos.leclercdrive.fr/image.ashx?id=2886540&use=l&cat=p&typeid=i","cat":284267},{"id":10091,"n":"Filets maquereaux Pêche Océan Tomate basilic - 169g","p":1.46,"u":"8,64 €/KG","img":"https://fd1-photos.leclercdrive.fr/image.ashx?id=2995031&use=l&cat=p&typeid=i","cat":303868},{"id":10092,"n":"Palets de légumes Notre Jardin Courgettes Carottes - x8 300g","p":1.74,"u":"5,80 €/KG","img":"https://fd1-photos.leclercdrive.fr/image.ashx?id=2878711&use=l&cat=p&typeid=i","cat":319802},{"id":10093,"n":"Palets légumes Notre Jardin Poireaux Carottes - x8 300g","p":1.99,"u":"6,63 €/KG","img":"https://fd1-photos.leclercdrive.fr/image.ashx?id=2878708&use=l&cat=p&typeid=i","cat":319802},{"id":10114,"n":"Essuie-tout Uni Vert Compact Ecologique - x2","p":2.7,"u":"1,35 €/P","img":"https://fd1-photos.leclercdrive.fr/image.ashx?id=2571929&use=l&cat=p&typeid=i","cat":284635},{"id":10122,"n":"Mini gratins Côté Table Aux 3 légumes - x4 480g","p":3.12,"u":"6,50 €/KG","img":"https://fd1-photos.leclercdrive.fr/image.ashx?id=2074419&use=l&cat=p&typeid=i","cat":319802},{"id":10154,"n":"Boules pralinées Jacquot Chocolat lait - 1kg","p":9.39,"u":"9,39 €/KG","img":"https://fd1-photos.leclercdrive.fr/image.ashx?id=2303300&use=l&cat=p&typeid=i","cat":327595},{"id":10163,"n":"Palets légumes Notre Jardin Choux-fleurs Brocolis - x8 300g","p":2.1,"u":"7,00 €/KG","img":"https://fd1-photos.leclercdrive.fr/image.ashx?id=2878714&use=l&cat=p&typeid=i","cat":319802},{"id":10192,"n":"Olives Vertes Tramier  Dénoyautées 160g","p":1.78,"u":"11,13 €/KG","img":"https://fd1-photos.leclercdrive.fr/image.ashx?id=2363829&use=l&cat=p&typeid=i","cat":284458},{"id":10211,"n":"Pâtes Nouilles Turini 1kg","p":1.35,"u":"1,35 €/KG","img":"https://fd1-photos.leclercdrive.fr/image.ashx?id=2980761&use=l&cat=p&typeid=i","cat":284427},{"id":10212,"n":"Rubans anti-mouches Insectivor x4","p":0.85,"u":"0,21 €/P","img":"https://fd1-photos.leclercdrive.fr/image.ashx?id=2555077&use=l&cat=p&typeid=i","cat":298368},{"id":10215,"n":"Sauce Basquaise Rustica Aux 2 poivrons - 400g","p":1.29,"u":"3,23 €/KG","img":"https://fd1-photos.leclercdrive.fr/image.ashx?id=2887398&use=l&cat=p&typeid=i","cat":287599},{"id":10216,"n":"Sauce Aigre Douce Rustica Légumes croquants - 400g","p":1.28,"u":"3,20 €/KG","img":"https://fd1-photos.leclercdrive.fr/image.ashx?id=2887401&use=l&cat=p&typeid=i","cat":287599},{"id":10217,"n":"Sauce Curry Rustica Légumes et lait de coco - 400g","p":1.31,"u":"3,28 €/KG","img":"https://fd1-photos.leclercdrive.fr/image.ashx?id=2887404&use=l&cat=p&typeid=i","cat":287599},{"id":10220,"n":"Tampons Doulys Compact Normal - x20","p":2.24,"u":"0,11 €/P","img":"https://fd1-photos.leclercdrive.fr/image.ashx?id=2965464&use=l&cat=p&typeid=i","cat":284626},{"id":10227,"n":"Mini gratins Côté Table Dauphinois - x4 480g","p":2.99,"u":"6,23 €/KG","img":"https://fd1-photos.leclercdrive.fr/image.ashx?id=2627640&use=l&cat=p&typeid=i","cat":319802},{"id":10231,"n":"Confiture Douceur du verger Framboises - Allégée - 340g","p":1.25,"u":"3,68 €/KG","img":"https://fd1-photos.leclercdrive.fr/image.ashx?id=2965473&use=l&cat=p&typeid=i","cat":284480},{"id":10232,"n":"Confiture Douceur du Verger Allégée Pêche 340g","p":1.32,"u":"3,88 €/KG","img":"https://fd1-photos.leclercdrive.fr/image.ashx?id=2965476&use=l&cat=p&typeid=i","cat":284480},{"id":10244,"n":"Thon entier Pêche Océan Naturel - 280g","p":3.72,"u":"13,29 €/KG","img":"https://fd1-photos.leclercdrive.fr/image.ashx?id=2941414&use=l&cat=p&typeid=i","cat":303867},{"id":10285,"n":"Bières de Bretagne Britt Assortiment - 6x33cl","p":8.49,"u":"4,29 €/L","img":"https://fd1-photos.leclercdrive.fr/image.ashx?id=2678047&use=l&cat=p&typeid=i","cat":334872},{"id":10344,"n":"Petit Beurre Pocket P'ti Déli 3x12 sachets 300g","p":1.68,"u":"5,60 €/KG","img":"https://fd1-photos.leclercdrive.fr/image.ashx?id=1965518&use=l&cat=p&typeid=i","cat":284487},{"id":10346,"n":"Vinaigrette allégée Rustica Balsamique huile d'olive - 50cl","p":2.49,"u":"4,98 €/L","img":"https://fd1-photos.leclercdrive.fr/image.ashx?id=1972913&use=l&cat=p&typeid=i","cat":284456},{"id":10348,"n":"Huile de noix Rustica 50cl","p":4.68,"u":"9,36 €/L","img":"https://fd1-photos.leclercdrive.fr/image.ashx?id=2523703&use=l&cat=p&typeid=i","cat":284453},{"id":10351,"n":"Sacs à couche Mots d'Enfant Parfumés - x50","p":1.6,"u":"0,03 €/P","img":"https://fd1-photos.leclercdrive.fr/image.ashx?id=1886564&use=l&cat=p&typeid=i","cat":284737},{"id":10356,"n":"Bloc bureau Esquisse - 80 pages Seyes - 21x31.5cm","p":2.79,"img":"https://fd1-photos.leclercdrive.fr/image.ashx?id=2943187&use=l&cat=p&typeid=i","cat":284697},{"id":10398,"n":"Biscuit apéritif ancel Bretzels Maxi - 200g","p":0.83,"u":"4,15 €/KG","img":"https://fd1-photos.leclercdrive.fr/image.ashx?id=2991813&use=l&cat=p&typeid=i","cat":297000},{"id":10406,"n":"Vinaigre d'alcool doux Melfor Miel et infusion plantes - 1L","p":1.69,"u":"1,69 €/L","img":"https://fd1-photos.leclercdrive.fr/image.ashx?id=2289909&use=l&cat=p&typeid=i","cat":298543},{"id":10408,"n":"Boisson végétale Riz nature Bjorg Bio - 1L","p":2.05,"u":"2,05 €/L","img":"https://fd1-photos.leclercdrive.fr/image.ashx?id=2970915&use=l&cat=p&typeid=i","cat":316067},{"id":10465,"n":"Adoucissant Hyperdou Pure caresse - 3x250ml","p":1.19,"u":"1,59 €/L","img":"https://fd1-photos.leclercdrive.fr/image.ashx?id=2809078&use=l&cat=p&typeid=i","cat":284650},{"id":10526,"n":"Pommes Noisettes McCain 1kg","p":2.4,"u":"2,40 €/KG","img":"https://fd1-photos.leclercdrive.fr/image.ashx?id=2911312&use=l&cat=p&typeid=i","cat":319792},{"id":10527,"n":"Pommes Rissolées McCain  1kg","p":2.4,"u":"2,40 €/KG","img":"https://fd1-photos.leclercdrive.fr/image.ashx?id=2911309&use=l&cat=p&typeid=i","cat":319792},{"id":10591,"n":"Spray vitrocéramique Clair 500ml","p":3.42,"u":"6,84 €/L","img":"https://fd1-photos.leclercdrive.fr/image.ashx?id=2860073&use=l&cat=p&typeid=i","cat":325363},{"id":10637,"n":"Crème entière Délisse Fluide - 30% MG - 2x25cl","p":2.72,"u":"5,44 €/L","img":"https://fd1-photos.leclercdrive.fr/image.ashx?id=3002560&use=l&cat=p&typeid=i","cat":284381},{"id":10638,"n":"Crème légère fluide UHT Délisse 12%mg - 2x25cl","p":2.36,"u":"4,72 €/L","img":"https://fd1-photos.leclercdrive.fr/image.ashx?id=3002566&use=l&cat=p&typeid=i","cat":284381},{"id":10641,"n":"Yaourts lait entier nature Bio Bio village - 4x125g","p":0.95,"u":"1,90 €/KG","img":"https://fd1-photos.leclercdrive.fr/image.ashx?id=2743831&use=l&cat=p&typeid=i","cat":284409},{"id":10655,"n":"IGP Pays d'Oc rouge Cabernet Sauvignon 12.5% vol - 75cl","p":2.8,"u":"3,73 €/L","img":"https://fd1-photos.leclercdrive.fr/image.ashx?id=2189904&use=l&cat=p&typeid=i","cat":289556},{"id":10674,"n":"Soda Coca-Cola Bouteille - 6x50cl","p":6.3,"u":"2,10 €/L","img":"https://fd1-photos.leclercdrive.fr/image.ashx?id=2885414&use=l&cat=p&typeid=i","cat":284530},{"id":10690,"n":"Poêlée côté sud Paysan Breton 750g","p":3.2,"u":"4,27 €/KG","img":"https://fd1-photos.leclercdrive.fr/image.ashx?id=2882397&use=l&cat=p&typeid=i","cat":319823},{"id":10699,"n":"Sardines de Bretagne Connetable Huile d'olive - 135g","p":2.19,"u":"16,22 €/KG","img":"https://fd1-photos.leclercdrive.fr/image.ashx?id=2677330&use=l&cat=p&typeid=i","cat":305146},{"id":10703,"n":"Thon blanc entier Connétable Huile d'olive - 160g","p":2.99,"u":"18,69 €/KG","img":"https://fd1-photos.leclercdrive.fr/image.ashx?id=2910127&use=l&cat=p&typeid=i","cat":303867},{"id":10712,"n":"Rillette de sardine à la tomate Les Mouettes d'Arvor - 125g","p":2.85,"u":"22,80 €/KG","img":"https://fd1-photos.leclercdrive.fr/image.ashx?id=1891144&use=l&cat=p&typeid=i","cat":305149},{"id":10714,"n":"Rillette saumon Mouette d'Arvor Citron Aneth - 125g","p":2.85,"u":"22,80 €/KG","img":"https://fd1-photos.leclercdrive.fr/image.ashx?id=1891153&use=l&cat=p&typeid=i","cat":305147},{"id":10718,"n":"AOC Côtes du Marmandais rouge La Vieille Eglise - 75cl","p":3.55,"u":"4,73 €/L","img":"https://fd1-photos.leclercdrive.fr/image.ashx?id=2734801&use=l&cat=p&typeid=i","cat":289556},{"id":10720,"n":"Vin mousseux Charles Volner Demi-sec - 11%vol. - 75cl","p":4.28,"u":"5,71 €/L","img":"https://fd1-photos.leclercdrive.fr/image.ashx?id=1592055&use=l&cat=p&typeid=i","cat":284544},{"id":10727,"n":"IGP Pays d'oc blanc Roche Mazet Sauvignon 12% vol - 75 cl","p":3.0,"pp":2.25,"u":"3,00 €/L","img":"https://fd1-photos.leclercdrive.fr/image.ashx?id=2342024&use=l&cat=p&typeid=i","cat":289557},{"id":10728,"n":"Beurre Moulé de Baratte Le Gall Demi-sel - 80% MG - 250g","p":2.95,"u":"11,80 €/KG","img":"https://fd1-photos.leclercdrive.fr/image.ashx?id=2438594&use=l&cat=p&typeid=i","cat":284379},{"id":10729,"n":"Crème fraîche Le Gall Fleurette - 25cl","p":1.55,"u":"6,20 €/L","img":"https://fd1-photos.leclercdrive.fr/image.ashx?id=2534731&use=l&cat=p&typeid=i","cat":284381},{"id":10731,"n":"Saucisses fraîches Hénaff Nature petites x5 - 277g","p":5.1,"u":"18,41 €/KG","img":"https://fd1-photos.leclercdrive.fr/image.ashx?id=2794499&use=l&cat=p&typeid=i","cat":284334},{"id":10737,"n":"Jus d'orange Plein Fruit Avec pulpe - 1L","p":2.88,"u":"2,88 €/L","img":"https://fd1-photos.leclercdrive.fr/image.ashx?id=2896234&use=l&cat=p&typeid=i","cat":284521},{"id":10738,"n":"Jus de pomme Plein Fruit Sill 1L","p":1.9,"u":"1,90 €/L","img":"https://fd1-photos.leclercdrive.fr/image.ashx?id=2867428&use=l&cat=p&typeid=i","cat":284522},{"id":10747,"n":"Café moulu Coïc Le délicieux - 250g","p":6.13,"u":"24,52 €/KG","img":"https://fd1-photos.leclercdrive.fr/image.ashx?id=2467339&use=l&cat=p&typeid=i","cat":284750},{"id":10748,"n":"Café moulu Coïc Moka d'Ethiopie - 250g","p":4.85,"u":"19,40 €/KG","img":"https://fd1-photos.leclercdrive.fr/image.ashx?id=2467345&use=l&cat=p&typeid=i","cat":284750},{"id":10749,"n":"Café moulu Coïc Caraïbes - 250g","p":4.45,"u":"17,80 €/KG","img":"https://fd1-photos.leclercdrive.fr/image.ashx?id=2467348&use=l&cat=p&typeid=i","cat":284750},{"id":10750,"n":"Eau de source Mont d'Arrée 6x1.5L","p":1.6,"u":"0,18 €/L","img":"https://fd1-photos.leclercdrive.fr/image.ashx?id=2979854&use=l&cat=p&typeid=i","cat":284535},{"id":10751,"n":"Eau de source montagne Arrée 5L","p":0.87,"u":"0,17 €/L","img":"https://fd1-photos.leclercdrive.fr/image.ashx?id=2979857&use=l&cat=p&typeid=i","cat":284535},{"id":10752,"n":"Crêpes de froment Le Masson Fraîches faites mains x12 500g","p":5.39,"u":"10,78 €/KG","img":"https://fd1-photos.leclercdrive.fr/image.ashx?id=2180151&use=l&cat=p&typeid=i","cat":284494},{"id":10753,"n":"Mousse au chocolat Marie Morin A l'ancienne - 100g","p":2.02,"u":"20,20 €/KG","img":"https://fd1-photos.leclercdrive.fr/image.ashx?id=2631684&use=l&cat=p&typeid=i","cat":284417},{"id":10755,"n":"Porc : palets frais Henaff Nature - 240g","p":4.5,"u":"18,75 €/KG","img":"https://fd1-photos.leclercdrive.fr/image.ashx?id=2461057&use=l&cat=p&typeid=i","cat":284331},{"id":10759,"n":"Soda Breizh Cola Bouteille - 6x33cl","p":3.8,"u":"1,92 €/L","img":"https://fd1-photos.leclercdrive.fr/image.ashx?id=1564531&use=l&cat=p&typeid=i","cat":284530},{"id":10760,"n":"Soda Breizh Cola sans sucre Bouteille - 1,5L","p":1.3,"u":"0,87 €/L","img":"https://fd1-photos.leclercdrive.fr/image.ashx?id=2458667&use=l&cat=p&typeid=i","cat":284530},{"id":10766,"n":"Pain d'épices P'tit Déli 350g","p":1.81,"u":"5,17 €/KG","img":"https://fd1-photos.leclercdrive.fr/image.ashx?id=2975542&use=l&cat=p&typeid=i","cat":284493},{"id":10767,"n":"Riz cantonais Comptoir du Grain Express 2 min - 250g","p":1.19,"u":"4,76 €/KG","img":"https://fd1-photos.leclercdrive.fr/image.ashx?id=2441198&use=l&cat=p&typeid=i","cat":287600},{"id":10781,"n":"Chair de tomate Notre Jardin Nature - 400g","p":1.99,"u":"4,98 €/KG","img":"https://fd1-photos.leclercdrive.fr/image.ashx?id=2590436&use=l&cat=p&typeid=i","cat":312608},{"id":10785,"n":"Mogette cuisinée NRT De Vendée - 820g","p":3.01,"u":"3,67 €/KG","img":"https://fd1-photos.leclercdrive.fr/image.ashx?id=2771384&use=l&cat=p&typeid=i","cat":312606},{"id":10787,"n":"Huile de colza Bio Village Bio - 75cl","p":3.79,"u":"5,05 €/L","img":"https://fd1-photos.leclercdrive.fr/image.ashx?id=2989715&use=l&cat=p&typeid=i","cat":284453},{"id":10788,"n":"Moutarde de Dijon Bio Village Bio - 200g","p":1.54,"u":"7,70 €/KG","img":"https://fd1-photos.leclercdrive.fr/image.ashx?id=2607954&use=l&cat=p&typeid=i","cat":288850},{"id":10795,"n":"Moutarde de Dijon NRT À l'ancienne - 200g","p":1.39,"u":"6,95 €/KG","img":"https://fd1-photos.leclercdrive.fr/image.ashx?id=2644921&use=l&cat=p&typeid=i","cat":288850},{"id":10919,"n":"Crème dessert La Laitière Pot de crème choco noir- 4x100g","p":2.17,"u":"5,43 €/KG","img":"https://fd1-photos.leclercdrive.fr/image.ashx?id=2224049&use=l&cat=p&typeid=i","cat":285041},{"id":10927,"n":"Noix de cajou grilées Eco+ Salées - 125g","p":1.34,"u":"10,72 €/KG","img":"https://fd1-photos.leclercdrive.fr/image.ashx?id=2839815&use=l&cat=p&typeid=i","cat":284448},{"id":10958,"n":"Pizza du Leck Reine  450g","p":8.95,"u":"19,89 €/KG","img":"https://fd1-photos.leclercdrive.fr/image.ashx?id=2745959&use=l&cat=p&typeid=i","cat":333679},{"id":10966,"n":"Crêpes froment Maison Le Coent Fraîches fait mains x12 - 360g","p":4.85,"u":"13,47 €/KG","img":"https://fd1-photos.leclercdrive.fr/image.ashx?id=2180103&use=l&cat=p&typeid=i","cat":284494},{"id":10967,"n":"Jus d'orange Andros Oranges pressées - 1L","p":2.54,"u":"2,54 €/L","img":"https://fd1-photos.leclercdrive.fr/image.ashx?id=2882632&use=l&cat=p&typeid=i","cat":285435},{"id":10968,"n":"Jus d'ananas Andros Ananas pressés - 1L","p":3.25,"u":"3,25 €/L","img":"https://fd1-photos.leclercdrive.fr/image.ashx?id=2292203&use=l&cat=p&typeid=i","cat":285435},{"id":10970,"n":"Jus de clémentines Andros  Clémentines Pressées - 1L","p":2.43,"u":"2,43 €/L","img":"https://fd1-photos.leclercdrive.fr/image.ashx?id=2882647&use=l&cat=p&typeid=i","cat":285435},{"id":10971,"n":"Jus de pommes pressées Andros 1L","p":2.39,"u":"2,39 €/L","img":"https://fd1-photos.leclercdrive.fr/image.ashx?id=2882644&use=l&cat=p&typeid=i","cat":285435},{"id":10979,"n":"Haricots Verts Bonduelle Extra-fins 1kg","p":2.71,"u":"2,71 €/KG","img":"https://fd1-photos.leclercdrive.fr/image.ashx?id=2876152&use=l&cat=p&typeid=i","cat":319805},{"id":10994,"n":"Gâteaux P'tit Déli Pépites de chocolat 10x30g","p":1.89,"u":"6,30 €/KG","img":"https://fd1-photos.leclercdrive.fr/image.ashx?id=1947354&use=l&cat=p&typeid=i","cat":284495},{"id":11002,"n":"AOC Champagne brut blanc  Grande cuvée Pol Carson - 75cl","p":22.49,"u":"29,99 €/L","img":"https://fd1-photos.leclercdrive.fr/image.ashx?id=2909882&use=l&cat=p&typeid=i","cat":284542},{"id":11003,"n":"Compote Douceur du Verger Coupelle pomme poire - 4x100g","p":1.34,"u":"3,35 €/KG","img":"https://fd1-photos.leclercdrive.fr/image.ashx?id=2878717&use=l&cat=p&typeid=i","cat":284508},{"id":11024,"n":"Mayonnaise Rustica A la moutarde de Dijon - 175g","p":0.66,"u":"3,77 €/KG","img":"https://fd1-photos.leclercdrive.fr/image.ashx?id=2954349&use=l&cat=p&typeid=i","cat":298295},{"id":11033,"n":"Compote Douceur du Verger Gourdes pomme - 4x90g","p":0.99,"u":"2,75 €/KG","img":"https://fd1-photos.leclercdrive.fr/image.ashx?id=2837042&use=l&cat=p&typeid=i","cat":284508},{"id":11037,"n":"Sauce tomate Italienne Zapetti - 3x190g","p":2.81,"u":"4,93 €/KG","img":"https://fd1-photos.leclercdrive.fr/image.ashx?id=2579975&use=l&cat=p&typeid=i","cat":288384},{"id":11046,"n":"Duo de riz Camargue Bio village Bio  - 500g","p":3.9,"u":"7,80 €/KG","img":"https://fd1-photos.leclercdrive.fr/image.ashx?id=2477008&use=l&cat=p&typeid=i","cat":284428},{"id":11070,"n":"Soupe instantanée Royco  Oignons & Croûtons - 4x200ml","p":1.42,"u":"17,75 €/KG","img":"https://fd1-photos.leclercdrive.fr/image.ashx?id=2650985&use=l&cat=p&typeid=i","cat":293527},{"id":11143,"n":"Beurre de Baratte Le Gall Demi-sel - 80% MG - 500g","p":5.81,"u":"11,62 €/KG","img":"https://fd1-photos.leclercdrive.fr/image.ashx?id=2380994&use=l&cat=p&typeid=i","cat":284379},{"id":11175,"n":"Plat bébé soir Blédiner 8 mois Risotto courgette - 2x200g","p":2.26,"u":"5,65 €/KG","img":"https://fd1-photos.leclercdrive.fr/image.ashx?id=2921043&use=l&cat=p&typeid=i","cat":312239},{"id":11176,"n":"Lait céréales bébé Blédiner 6m Courgette soir - 2x250ml","p":1.81,"u":"3,62 €/L","img":"https://fd1-photos.leclercdrive.fr/image.ashx?id=2960147&use=l&cat=p&typeid=i","cat":312239},{"id":11178,"n":"Plat bébé soir Blédiner 12 mois Pâtes tomate courgette - 2x200g","p":2.24,"u":"5,60 €/KG","img":"https://fd1-photos.leclercdrive.fr/image.ashx?id=2902966&use=l&cat=p&typeid=i","cat":312239},{"id":11225,"n":"AOP Blaye Côtes de Bordeaux vin rouge Chantet Blanet - BIB 3L","p":11.99,"u":"4,00 €/L","img":"https://fd1-photos.leclercdrive.fr/image.ashx?id=2780719&use=l&cat=p&typeid=i","cat":289560},{"id":11238,"n":"Confiture artisanale Abricots - 400g","p":3.31,"u":"8,28 €/KG","img":"https://fd1-photos.leclercdrive.fr/image.ashx?id=2849025&use=l&cat=p&typeid=i","cat":284480},{"id":11239,"n":"Confiture artisanale Fraises - 400g","p":3.19,"u":"7,98 €/KG","img":"https://fd1-photos.leclercdrive.fr/image.ashx?id=2849031&use=l&cat=p&typeid=i","cat":284480},{"id":11292,"n":"AOC Clairette de Die Jaillance Esprit de terroirTradition 75cl","p":5.95,"u":"7,93 €/L","img":"https://fd1-photos.leclercdrive.fr/image.ashx?id=2453499&use=l&cat=p&typeid=i","cat":284545},{"id":11308,"n":"Couscous Tipiak - Grain moyen Prêt en 4 min - 1kg","p":1.69,"u":"1,69 €/KG","img":"https://fd1-photos.leclercdrive.fr/image.ashx?id=2947826&use=l&cat=p&typeid=i","cat":284429},{"id":11309,"n":"Fromage de Brebis Le Brebiou  Des Pyrénées - 180g","p":2.95,"u":"16,39 €/KG","img":"https://fd1-photos.leclercdrive.fr/image.ashx?id=2472855&use=l&cat=p&typeid=i","cat":314031},{"id":11310,"n":"Crème Chantilly Isigny Ste Mère Sucrée et vanillée - 250g","p":2.39,"u":"9,56 €/KG","img":"https://fd1-photos.leclercdrive.fr/image.ashx?id=3004384&use=l&cat=p&typeid=i","cat":284382},{"id":11311,"n":"AOP Crème Fraîche Isigny Sainte Mère 40%mg - 40cl","p":3.33,"u":"8,33 €/L","img":"https://fd1-photos.leclercdrive.fr/image.ashx?id=2575225&use=l&cat=p&typeid=i","cat":284381},{"id":11333,"n":"Betteraves cubes BIO Allaire 2x200g","p":1.53,"u":"3,83 €/KG","img":"https://fd1-photos.leclercdrive.fr/image.ashx?id=2472285&use=l&cat=p&typeid=i","cat":284352},{"id":11335,"n":"Marrons Bio Allaire 200g","p":3.04,"u":"15,20 €/KG","img":"https://fd1-photos.leclercdrive.fr/image.ashx?id=2472288&use=l&cat=p&typeid=i","cat":284357},{"id":11365,"n":"Crème aux oeufs La Laitière Vanille - 4x100g","p":1.77,"u":"4,43 €/KG","img":"https://fd1-photos.leclercdrive.fr/image.ashx?id=3007987&use=l&cat=p&typeid=i","cat":284419},{"id":11391,"n":"Crème caramel Bonne Maman Aux oeufs frais - 4x100g","p":2.09,"u":"5,23 €/KG","img":"https://fd1-photos.leclercdrive.fr/image.ashx?id=1987563&use=l&cat=p&typeid=i","cat":284419},{"id":11399,"n":"Beurre ovale Le Marin 82% MG - 250g","p":3.15,"u":"12,60 €/KG","img":"https://fd1-photos.leclercdrive.fr/image.ashx?id=2896949&use=l&cat=p&typeid=i","cat":284379},{"id":11455,"n":"Pasta Box Sodebo Tortellini Ricotta Épinards - 280g","p":2.18,"u":"7,79 €/KG","img":"https://fd1-photos.leclercdrive.fr/image.ashx?id=2919778&use=l&cat=p&typeid=i","cat":334983},{"id":11464,"n":"Pointe de brie Président Crémeux - 200g","p":1.99,"u":"9,95 €/KG","img":"https://fd1-photos.leclercdrive.fr/image.ashx?id=2029841&use=l&cat=p&typeid=i","cat":314033},{"id":11465,"n":"Beurre La Motte Président Demi-sel - 80%MG - 250g","p":3.19,"u":"12,76 €/KG","img":"https://fd1-photos.leclercdrive.fr/image.ashx?id=2896970&use=l&cat=p&typeid=i","cat":284379},{"id":11503,"n":"Crème gourmande Mamie Nova Vanille bourbon 2x150g","p":1.35,"u":"4,50 €/KG","img":"https://fd1-photos.leclercdrive.fr/image.ashx?id=2909017&use=l&cat=p&typeid=i","cat":285041},{"id":11507,"n":"Yaourts Mamie Nova Noix de coco - 2x150g","p":1.15,"u":"3,83 €/KG","img":"https://fd1-photos.leclercdrive.fr/image.ashx?id=2888488&use=l&cat=p&typeid=i","cat":284410},{"id":11508,"n":"Lait céréales Blédidej 6 mois Biscuit  - 4x250ml","p":3.5,"u":"3,50 €/L","img":"https://fd1-photos.leclercdrive.fr/image.ashx?id=2921040&use=l&cat=p&typeid=i","cat":312226},{"id":11509,"n":"Feuille de brick Tablier Blanc 8 feuilles - 136g","p":0.77,"u":"5,66 €/KG","img":"https://fd1-photos.leclercdrive.fr/image.ashx?id=1938558&use=l&cat=p&typeid=i","cat":333681},{"id":11517,"n":"Mi-bas mousse Tissaia Beige moyen taille unique - x3","p":1.95,"u":"0,65 €/P","img":"https://fd1-photos.leclercdrive.fr/image.ashx?id=2193323&use=l&cat=p&typeid=i","cat":334130},{"id":11519,"n":"Mi-bas mousse lycra Tissaia Noir taille unique - x3","p":2.5,"u":"0,83 €/P","img":"https://fd1-photos.leclercdrive.fr/image.ashx?id=2193329&use=l&cat=p&typeid=i","cat":334130},{"id":11521,"n":"Socquettes mousse Tissaia Noires TU - x3","p":1.85,"u":"0,62 €/P","img":"https://fd1-photos.leclercdrive.fr/image.ashx?id=2660495&use=l&cat=p&typeid=i","cat":334130},{"id":11523,"n":"Socquettes voile Tissaia Résistant Noir Taille Unique-x3","p":2.95,"u":"0,98 €/P","img":"https://fd1-photos.leclercdrive.fr/image.ashx?id=2193362&use=l&cat=p&typeid=i","cat":334130},{"id":11524,"n":"Socquettes voile Tissaia Résistant beige moyen TU - x3","p":2.95,"u":"0,98 €/P","img":"https://fd1-photos.leclercdrive.fr/image.ashx?id=2193365&use=l&cat=p&typeid=i","cat":334130},{"id":11527,"n":"Essuie-tout blanc Mimosa Super absorbant - x6","p":3.74,"u":"0,62 €/P","img":"https://fd1-photos.leclercdrive.fr/image.ashx?id=2401882&use=l&cat=p&typeid=i","cat":284635},{"id":11558,"n":"Vin du Maroc Boulaouane rosé  Cinsault grenache gris 12% 75cl","p":3.44,"u":"4,59 €/L","img":"https://fd1-photos.leclercdrive.fr/image.ashx?id=2179362&use=l&cat=p&typeid=i","cat":289558},{"id":11561,"n":"Boisson sans alcool D'Artigny Classic - 75cl","p":3.2,"u":"4,27 €/L","img":"https://fd1-photos.leclercdrive.fr/image.ashx?id=2804430&use=l&cat=p&typeid=i","cat":289460},{"id":11562,"n":"Boisson sans alcool D'Artigny Pêche - 75cl","p":3.2,"u":"4,27 €/L","img":"https://fd1-photos.leclercdrive.fr/image.ashx?id=2854393&use=l&cat=p&typeid=i","cat":289460},{"id":11585,"n":"Basilic  30g","p":1.19,"u":"39,67 €/KG","img":"https://fd1-photos.leclercdrive.fr/image.ashx?id=588942&use=l&cat=p&typeid=i","cat":293607},{"id":11587,"n":"Papier toilette Mimosa Rose - Ultra doux - x12","p":2.82,"u":"0,24 €/P","img":"https://fd1-photos.leclercdrive.fr/image.ashx?id=2448303&use=l&cat=p&typeid=i","cat":284634},{"id":11589,"n":"Aneth  30g","p":1.19,"u":"39,67 €/KG","img":"https://fd1-photos.leclercdrive.fr/image.ashx?id=588950&use=l&cat=p&typeid=i","cat":293607},{"id":11597,"n":"Ciboulette  30g","p":1.19,"u":"39,67 €/KG","img":"https://fd1-photos.leclercdrive.fr/image.ashx?id=588961&use=l&cat=p&typeid=i","cat":293607},{"id":11603,"n":"Menthe  30g","p":1.19,"u":"39,67 €/KG","img":"https://fd1-photos.leclercdrive.fr/image.ashx?id=588970&use=l&cat=p&typeid=i","cat":293607},{"id":11606,"n":"Pommes Canada  1kg","p":2.49,"u":"2,49 €/KG","img":"https://fd1-photos.leclercdrive.fr/image.ashx?id=1631137&use=l&cat=p&typeid=i","cat":284356},{"id":11611,"n":"Avocats mûrs à point  Panier du Primeur x2","p":3.39,"u":"1,70 €/P","img":"https://fd1-photos.leclercdrive.fr/image.ashx?id=2373012&use=l&cat=p&typeid=i","cat":284352},{"id":11633,"n":"Collant Well Elastivoile Satiné ibiza T1","p":4.55,"img":"https://fd1-photos.leclercdrive.fr/image.ashx?id=2056377&use=l&cat=p&typeid=i","cat":334130},{"id":11635,"n":"Collant Well Elastivoile Satiné ibiza T2","p":4.55,"img":"https://fd1-photos.leclercdrive.fr/image.ashx?id=2056380&use=l&cat=p&typeid=i","cat":334130},{"id":11640,"n":"Mi-bas Well Elastivoile Satiné noir taille U x2","p":4.45,"img":"https://fd1-photos.leclercdrive.fr/image.ashx?id=2587536&use=l&cat=p&typeid=i","cat":334130},{"id":11643,"n":"Mi-bas Well Actiwell Circulation noir T39/41 x1","p":3.7,"img":"https://fd1-photos.leclercdrive.fr/image.ashx?id=2587539&use=l&cat=p&typeid=i","cat":334130},{"id":11645,"n":"Mi-bas Well Actiwell Circulation ibiza T36/38 x1","p":3.7,"img":"https://fd1-photos.leclercdrive.fr/image.ashx?id=2056413&use=l&cat=p&typeid=i","cat":334130},{"id":11646,"n":"Mi-bas Well Actiwell Circulation noir T36/38 x1","p":3.7,"img":"https://fd1-photos.leclercdrive.fr/image.ashx?id=2587542&use=l&cat=p&typeid=i","cat":334130},{"id":11647,"n":"Collant voile Well Body Galbe Noir - T1","p":5.35,"img":"https://fd1-photos.leclercdrive.fr/image.ashx?id=589096&use=l&cat=p&typeid=i","cat":334130},{"id":11648,"n":"Collant voile Tissaia Transparent noir T1 - x2","p":2.15,"u":"1,08 €/P","img":"https://fd1-photos.leclercdrive.fr/image.ashx?id=2193027&use=l&cat=p&typeid=i","cat":334130},{"id":11649,"n":"Collant voile Well Body Galbe Noir - T3","p":5.35,"img":"https://fd1-photos.leclercdrive.fr/image.ashx?id=589104&use=l&cat=p&typeid=i","cat":334130},{"id":11654,"n":"Collant voile Tissaia Transparent noir T2 - x2","p":2.15,"u":"1,08 €/P","img":"https://fd1-photos.leclercdrive.fr/image.ashx?id=2193033&use=l&cat=p&typeid=i","cat":334130},{"id":11656,"n":"Collant voile Tissaia Transparent noir T3 - x2","p":2.15,"u":"1,08 €/P","img":"https://fd1-photos.leclercdrive.fr/image.ashx?id=2193036&use=l&cat=p&typeid=i","cat":334130},{"id":11660,"n":"Collant voile Tissaia Transparent noir T4 - x2","p":2.15,"u":"1,08 €/P","img":"https://fd1-photos.leclercdrive.fr/image.ashx?id=2193042&use=l&cat=p&typeid=i","cat":334130},{"id":11662,"n":"Collant voile Tissaia Résistant beige foncé T1 - x2","p":3.25,"u":"1,63 €/P","img":"https://fd1-photos.leclercdrive.fr/image.ashx?id=2193045&use=l&cat=p&typeid=i","cat":334130},{"id":11664,"n":"Collant voile Tissaia Résistant noir T1 - x2","p":3.25,"u":"1,63 €/P","img":"https://fd1-photos.leclercdrive.fr/image.ashx?id=2193048&use=l&cat=p&typeid=i","cat":334130},{"id":11667,"n":"Collant voile Tissaia Résistant beige foncé T2 - x2","p":3.25,"u":"1,63 €/P","img":"https://fd1-photos.leclercdrive.fr/image.ashx?id=2193051&use=l&cat=p&typeid=i","cat":334130},{"id":11669,"n":"Collant voile Tissaia Résistant noir T2 - x2","p":3.25,"u":"1,63 €/P","img":"https://fd1-photos.leclercdrive.fr/image.ashx?id=2193054&use=l&cat=p&typeid=i","cat":334130},{"id":11671,"n":"Collant voile Tissaia Résistant beige foncé T3 - x2","p":3.25,"u":"1,63 €/P","img":"https://fd1-photos.leclercdrive.fr/image.ashx?id=2193057&use=l&cat=p&typeid=i","cat":334130},{"id":11673,"n":"Collant voile Tissaia Résistant noir T3 - x2","p":3.25,"u":"1,63 €/P","img":"https://fd1-photos.leclercdrive.fr/image.ashx?id=2193060&use=l&cat=p&typeid=i","cat":334130},{"id":11675,"n":"Collant voile Tissaia Résistant beige foncé T4 - x2","p":3.25,"u":"1,63 €/P","img":"https://fd1-photos.leclercdrive.fr/image.ashx?id=2193063&use=l&cat=p&typeid=i","cat":334130},{"id":11677,"n":"Collant voile résistant Tissaia Résistant noir T4 - x2","p":3.25,"u":"1,63 €/P","img":"https://fd1-photos.leclercdrive.fr/image.ashx?id=2193066&use=l&cat=p&typeid=i","cat":334130},{"id":11684,"n":"Collants Well Elastivoile Résistant noir T3","p":3.7,"img":"https://fd1-photos.leclercdrive.fr/image.ashx?id=2056545&use=l&cat=p&typeid=i","cat":334130},{"id":11686,"n":"Collant mousse Tissaia Elasthanne Noir T1 - x2","p":2.6,"u":"1,30 €/P","img":"https://fd1-photos.leclercdrive.fr/image.ashx?id=2193099&use=l&cat=p&typeid=i","cat":334130},{"id":11687,"n":"Collant mousse Tissaia Confort beige moyen T1 - x2","p":1.95,"u":"0,98 €/P","img":"https://fd1-photos.leclercdrive.fr/image.ashx?id=2193081&use=l&cat=p&typeid=i","cat":334130},{"id":11688,"n":"Collant mousse Tissaia Elasthanne Noir T2 - x2","p":2.6,"u":"1,30 €/P","img":"https://fd1-photos.leclercdrive.fr/image.ashx?id=2193111&use=l&cat=p&typeid=i","cat":334130},{"id":11689,"n":"Collant mousse Tissaia Confort beige moyen T2 - x2","p":1.95,"u":"0,98 €/P","img":"https://fd1-photos.leclercdrive.fr/image.ashx?id=2193084&use=l&cat=p&typeid=i","cat":334130},{"id":11690,"n":"Collant mousse Tissaia Confort beige moyen T3 - x2","p":1.95,"u":"0,98 €/P","img":"https://fd1-photos.leclercdrive.fr/image.ashx?id=2193087&use=l&cat=p&typeid=i","cat":334130},{"id":11691,"n":"Collant mousse Tissaia Elasthanne Noir T3 - x2","p":2.6,"u":"1,30 €/P","img":"https://fd1-photos.leclercdrive.fr/image.ashx?id=2193266&use=l&cat=p&typeid=i","cat":334130},{"id":11692,"n":"Collant mousse Tissaia Confort beige moyen T4 - x2","p":1.95,"u":"0,98 €/P","img":"https://fd1-photos.leclercdrive.fr/image.ashx?id=2193090&use=l&cat=p&typeid=i","cat":334130},{"id":11698,"n":"Collant mousse Tissaia Elasthanne Noir T4 - x2","p":2.6,"u":"1,30 €/P","img":"https://fd1-photos.leclercdrive.fr/image.ashx?id=2193278&use=l&cat=p&typeid=i","cat":334130},{"id":11736,"n":"Mi-bas opaque Tissaia Noir taille unique - x2","p":3.95,"u":"1,98 €/P","img":"https://fd1-photos.leclercdrive.fr/image.ashx?id=2193317&use=l&cat=p&typeid=i","cat":334130},{"id":11737,"n":"Mi-bas mousse Tissaia Noir taille unique - x3","p":1.95,"u":"0,65 €/P","img":"https://fd1-photos.leclercdrive.fr/image.ashx?id=2193320&use=l&cat=p&typeid=i","cat":334130},{"id":11741,"n":"Mi-bas mousse lycra Tissaia Beige foncé taille unique - x3","p":2.5,"u":"0,83 €/P","img":"https://fd1-photos.leclercdrive.fr/image.ashx?id=1513870&use=l&cat=p&typeid=i","cat":334130},{"id":11742,"n":"Mi-bas voile Tissaia Beige foncé taille unique - x3","p":2.3,"u":"0,77 €/P","img":"https://fd1-photos.leclercdrive.fr/image.ashx?id=2193341&use=l&cat=p&typeid=i","cat":334130},{"id":11744,"n":"Mi-bas voile Tissaia Naturel taille unique - x3","p":2.3,"u":"0,77 €/P","img":"https://fd1-photos.leclercdrive.fr/image.ashx?id=2193344&use=l&cat=p&typeid=i","cat":334130},{"id":11795,"n":"Confiture Andros Fraises - 1kg","p":3.49,"u":"3,49 €/KG","img":"https://fd1-photos.leclercdrive.fr/image.ashx?id=2946892&use=l&cat=p&typeid=i","cat":284480},{"id":11804,"n":"Collant voile Well Body Galbe Noir - T2","p":5.35,"img":"https://fd1-photos.leclercdrive.fr/image.ashx?id=589530&use=l&cat=p&typeid=i","cat":334130},{"id":11805,"n":"Collant voile Well Body Galbe Noir - T4","p":5.35,"img":"https://fd1-photos.leclercdrive.fr/image.ashx?id=589532&use=l&cat=p&typeid=i","cat":334130},{"id":11809,"n":"Collants Well Elastivoile Résistant ibiza T4","p":3.7,"img":"https://fd1-photos.leclercdrive.fr/image.ashx?id=2560837&use=l&cat=p&typeid=i","cat":334130},{"id":11810,"n":"Collant Well Elastivoile Résistant noir T4","p":3.7,"img":"https://fd1-photos.leclercdrive.fr/image.ashx?id=2056374&use=l&cat=p&typeid=i","cat":334130},{"id":11822,"n":"Bonbons Werther's Original Caramel - 300g","p":3.19,"u":"10,63 €/KG","img":"https://fd1-photos.leclercdrive.fr/image.ashx?id=2659798&use=l&cat=p&typeid=i","cat":304252},{"id":11878,"n":"AOC Bordeaux vin rouge Chantet Blanet - BIB 3L","p":8.81,"u":"2,94 €/L","img":"https://fd1-photos.leclercdrive.fr/image.ashx?id=2708456&use=l&cat=p&typeid=i","cat":289560},{"id":11879,"n":"AOC Côtes du Rhône vin rouge Grégoire XI - BIB 3L","p":9.99,"u":"3,33 €/L","img":"https://fd1-photos.leclercdrive.fr/image.ashx?id=2920169&use=l&cat=p&typeid=i","cat":289560},{"id":11880,"n":"AOC Vouvray brut Les Caractères - 75cl","p":5.99,"u":"7,99 €/L","img":"https://fd1-photos.leclercdrive.fr/image.ashx?id=2961665&use=l&cat=p&typeid=i","cat":284544},{"id":11881,"n":"AOP Vouvray demi-sec Les Caractères - 75cl","p":5.94,"u":"7,92 €/L","img":"https://fd1-photos.leclercdrive.fr/image.ashx?id=2800264&use=l&cat=p&typeid=i","cat":284544},{"id":11882,"n":"AOC Bordeaux vin rosé Chantet Blanet - BIB 3L","p":11.49,"u":"3,83 €/L","img":"https://fd1-photos.leclercdrive.fr/image.ashx?id=2913663&use=l&cat=p&typeid=i","cat":289560},{"id":11883,"n":"IGP Côtes du Tarn Gamay Rouge Vieux Carion 12% vol - 75 cl","p":2.6,"u":"3,47 €/L","img":"https://fd1-photos.leclercdrive.fr/image.ashx?id=2756861&use=l&cat=p&typeid=i","cat":289556},{"id":11885,"n":"Fruits au sirop St Mamet Cocktail avec son jus - 3x125g","p":3.82,"u":"10,19 €/KG","img":"https://fd1-photos.leclercdrive.fr/image.ashx?id=2628440&use=l&cat=p&typeid=i","cat":284507},{"id":11886,"n":"IGP Pays d'Oc Gris vin rosé Rives & Terrasses 12.5% BIB 3L","p":8.49,"u":"2,83 €/L","img":"https://fd1-photos.leclercdrive.fr/image.ashx?id=2909383&use=l&cat=p&typeid=i","cat":289560},{"id":11888,"n":"AOC Crémant d'Alsace brut rosé Rebmann - 75 cl","p":5.95,"u":"7,93 €/L","img":"https://fd1-photos.leclercdrive.fr/image.ashx?id=2682651&use=l&cat=p&typeid=i","cat":284545},{"id":11895,"n":"AOC Côtes du Rhône vin rouge Grégoire XI - BIB 5L","p":16.49,"u":"3,30 €/L","img":"https://fd1-photos.leclercdrive.fr/image.ashx?id=2710774&use=l&cat=p&typeid=i","cat":289560},{"id":11900,"n":"Arôme naturel de vanille Vahiné 20ml","p":2.29,"u":"114,50 €/L","img":"https://fd1-photos.leclercdrive.fr/image.ashx?id=2559766&use=l&cat=p&typeid=i","cat":284504},{"id":11902,"n":"Arôme amande amère Vahiné 20ml","p":1.23,"u":"61,50 €/L","img":"https://fd1-photos.leclercdrive.fr/image.ashx?id=2559769&use=l&cat=p&typeid=i","cat":284504},{"id":11903,"n":"Arôme naturel de citron Vahiné 20ml","p":1.47,"u":"73,50 €/L","img":"https://fd1-photos.leclercdrive.fr/image.ashx?id=2559772&use=l&cat=p&typeid=i","cat":284504},{"id":11906,"n":"Nappage caramel Vahiné 700g","p":3.47,"u":"4,96 €/KG","img":"https://fd1-photos.leclercdrive.fr/image.ashx?id=2983234&use=l&cat=p&typeid=i","cat":284504},{"id":11908,"n":"Perles multicolores Vahiné 80g","p":1.45,"u":"18,13 €/KG","img":"https://fd1-photos.leclercdrive.fr/image.ashx?id=2524308&use=l&cat=p&typeid=i","cat":284504},{"id":11910,"n":"Colorant alimentaire Vahiné Assortiment x3","p":1.49,"u":"0,50 €/P","img":"https://fd1-photos.leclercdrive.fr/image.ashx?id=2939352&use=l&cat=p&typeid=i","cat":284504},{"id":11923,"n":"Glaçage au chocolat Vahiné 120g","p":2.12,"u":"17,67 €/KG","img":"https://fd1-photos.leclercdrive.fr/image.ashx?id=1888620&use=l&cat=p&typeid=i","cat":284504},{"id":12000,"n":"Couscous Comptoir du Grain Grain moyen - 5x100g","p":0.84,"u":"1,68 €/KG","img":"https://fd1-photos.leclercdrive.fr/image.ashx?id=3012815&use=l&cat=p&typeid=i","cat":284429},{"id":12017,"n":"Riz rond Vivien Paille dessert Perliz cello - 1kg","p":2.14,"u":"2,14 €/KG","img":"https://fd1-photos.leclercdrive.fr/image.ashx?id=2284082&use=l&cat=p&typeid=i","cat":284428},{"id":12063,"n":"Rasoirs jetables Bic sensitive 3 lames - x12","p":3.8,"u":"0,32 €/P","img":"https://fd1-photos.leclercdrive.fr/image.ashx?id=2768502&use=l&cat=p&typeid=i","cat":284616},{"id":12078,"n":"Pâte à tartiner Nustikao 400g","p":1.83,"u":"4,58 €/KG","img":"https://fd1-photos.leclercdrive.fr/image.ashx?id=2856411&use=l&cat=p&typeid=i","cat":284481},{"id":12102,"n":"Roquette Notre Jardin  - 125g","p":1.42,"u":"11,36 €/KG","img":"https://fd1-photos.leclercdrive.fr/image.ashx?id=2720157&use=l&cat=p&typeid=i","cat":284353},{"id":12109,"n":"Purée de piments Suzi Wan 100g","p":1.37,"u":"13,70 €/KG","img":"https://fd1-photos.leclercdrive.fr/image.ashx?id=2892565&use=l&cat=p&typeid=i","cat":288992},{"id":12116,"n":"Sauce aigre douce Suzi Wan 400g","p":1.35,"u":"3,38 €/KG","img":"https://fd1-photos.leclercdrive.fr/image.ashx?id=2024300&use=l&cat=p&typeid=i","cat":288992},{"id":12122,"n":"Vermicelles de riz Suzi Wan 250g","p":1.86,"u":"7,44 €/KG","img":"https://fd1-photos.leclercdrive.fr/image.ashx?id=3002183&use=l&cat=p&typeid=i","cat":288992},{"id":12129,"n":"Vermicelles soja Suzi Wan 100g","p":1.69,"u":"16,90 €/KG","img":"https://fd1-photos.leclercdrive.fr/image.ashx?id=2886259&use=l&cat=p&typeid=i","cat":288992},{"id":12131,"n":"Crème coco Suzi Wan 200ml","p":1.29,"u":"6,45 €/L","img":"https://fd1-photos.leclercdrive.fr/image.ashx?id=2886250&use=l&cat=p&typeid=i","cat":288992},{"id":12153,"n":"Oeufs Bio  De Nos Villages Plein Air Gros - x10","p":4.59,"u":"0,46 €/P","img":"https://fd1-photos.leclercdrive.fr/image.ashx?id=2975981&use=l&cat=p&typeid=i","cat":284378},{"id":12170,"n":"AOP Bordeaux rosé Baron de Lestac - 75cl","p":4.08,"u":"5,44 €/L","img":"https://fd1-photos.leclercdrive.fr/image.ashx?id=2179368&use=l&cat=p&typeid=i","cat":289558},{"id":12218,"n":"AOC Tursan rouge Secret d'Eugénie - 75cl","p":5.87,"u":"7,83 €/L","img":"https://fd1-photos.leclercdrive.fr/image.ashx?id=2732845&use=l&cat=p&typeid=i","cat":289556},{"id":12233,"n":"Jus ananas Pago 75cl","p":1.9,"u":"2,53 €/L","img":"https://fd1-photos.leclercdrive.fr/image.ashx?id=2985702&use=l&cat=p&typeid=i","cat":284916},{"id":12236,"n":"Spaghetti d'Alsace NRT 250g","p":1.39,"u":"5,56 €/KG","img":"https://fd1-photos.leclercdrive.fr/image.ashx?id=2839983&use=l&cat=p&typeid=i","cat":284427},{"id":12242,"n":"Rillettes de saumon MSC Ronde des mers - 150g","p":1.99,"u":"13,27 €/KG","img":"https://fd1-photos.leclercdrive.fr/image.ashx?id=2822729&use=l&cat=p&typeid=i","cat":285191},{"id":12243,"n":"Rillettes de thon MSC Ronde des mers - 150g","p":1.99,"u":"13,27 €/KG","img":"https://fd1-photos.leclercdrive.fr/image.ashx?id=2644873&use=l&cat=p&typeid=i","cat":285191},{"id":12245,"n":"Galettes Bretonnes P'tit Déli Pépites chocolat 130g","p":1.34,"u":"10,31 €/KG","img":"https://fd1-photos.leclercdrive.fr/image.ashx?id=2387973&use=l&cat=p&typeid=i","cat":284487},{"id":12249,"n":"Torsades d'Alsace NRT 250g","p":1.39,"u":"5,56 €/KG","img":"https://fd1-photos.leclercdrive.fr/image.ashx?id=2839980&use=l&cat=p&typeid=i","cat":284427},{"id":12258,"n":"Gros sel de l'Ile de Ré NRT Sachet -1kg","p":1.69,"u":"1,69 €/KG","img":"https://fd1-photos.leclercdrive.fr/image.ashx?id=2802879&use=l&cat=p&typeid=i","cat":284457},{"id":12259,"n":"Fromage Mimolette vieille NRT  Label Rouge  - 200g","p":3.65,"u":"18,25 €/KG","img":"https://fd1-photos.leclercdrive.fr/image.ashx?id=2934829&use=l&cat=p&typeid=i","cat":314034},{"id":12261,"n":"Double concentré tomates Turini 3X70g","p":2.15,"u":"10,24 €/KG","img":"https://fd1-photos.leclercdrive.fr/image.ashx?id=3012394&use=l&cat=p&typeid=i","cat":288384},{"id":12342,"n":"Sucettes Chupa Chups Fresh cola - 192g","p":2.31,"u":"12,03 €/KG","img":"https://fd1-photos.leclercdrive.fr/image.ashx?id=2149489&use=l&cat=p&typeid=i","cat":304252},{"id":12362,"n":"Thon entier Pêche Océan Naturel - 2x140g","p":3.75,"u":"13,39 €/KG","img":"https://fd1-photos.leclercdrive.fr/image.ashx?id=2941423&use=l&cat=p&typeid=i","cat":303867},{"id":12363,"n":"Thon entier Pêche Océan Naturel - 3x93g","p":3.99,"u":"14,30 €/KG","img":"https://fd1-photos.leclercdrive.fr/image.ashx?id=2941411&use=l&cat=p&typeid=i","cat":303867},{"id":12365,"n":"Couscous royal Côté Table Volaille et merguez 980g","p":3.69,"u":"3,77 €/KG","img":"https://fd1-photos.leclercdrive.fr/image.ashx?id=2977144&use=l&cat=p&typeid=i","cat":325094},{"id":12373,"n":"Moutarde Rustica Mi-forte - 415g","p":1.28,"u":"3,08 €/KG","img":"https://fd1-photos.leclercdrive.fr/image.ashx?id=1961437&use=l&cat=p&typeid=i","cat":288850},{"id":12374,"n":"Purée de tomates Turini 3x200g","p":1.19,"u":"1,98 €/KG","img":"https://fd1-photos.leclercdrive.fr/image.ashx?id=2174684&use=l&cat=p&typeid=i","cat":288384},{"id":12376,"n":"Pâtes Alphabet Turini 500g","p":0.99,"u":"1,98 €/KG","img":"https://fd1-photos.leclercdrive.fr/image.ashx?id=2980800&use=l&cat=p&typeid=i","cat":284427},{"id":12380,"n":"Infusion Tiséa Digestion facilitée x25","p":0.99,"u":"24,75 €/KG","img":"https://fd1-photos.leclercdrive.fr/image.ashx?id=2696253&use=l&cat=p&typeid=i","cat":293234},{"id":12394,"n":"Nectar Jafaden Abricot - 4x20cl","p":2.68,"u":"3,35 €/L","img":"https://fd1-photos.leclercdrive.fr/image.ashx?id=2955674&use=l&cat=p&typeid=i","cat":284524},{"id":12397,"n":"Vin mousseux d'Union Européenne Brut Blazer - 75 cl","p":3.15,"u":"4,20 €/L","img":"https://fd1-photos.leclercdrive.fr/image.ashx?id=2623950&use=l&cat=p&typeid=i","cat":284544},{"id":12398,"n":"Vin mousseux d'Union Européenne  Demi-sec Blazer - 75cl","p":3.19,"u":"4,25 €/L","img":"https://fd1-photos.leclercdrive.fr/image.ashx?id=2623953&use=l&cat=p&typeid=i","cat":284544},{"id":12399,"n":"Apéritif anisé Cantanis Sans alcool - 1L","p":2.25,"u":"2,25 €/L","img":"https://fd1-photos.leclercdrive.fr/image.ashx?id=2520011&use=l&cat=p&typeid=i","cat":284549},{"id":12402,"n":"Crème de mûres Auguste Muniot 15%vol. - 50cl","p":4.58,"u":"9,16 €/L","img":"https://fd1-photos.leclercdrive.fr/image.ashx?id=2541525&use=l&cat=p&typeid=i","cat":286032},{"id":12422,"n":"Jus de citron vert Rustica 2x12,5cll","p":1.31,"u":"5,24 €/L","img":"https://fd1-photos.leclercdrive.fr/image.ashx?id=2974789&use=l&cat=p&typeid=i","cat":288383},{"id":12426,"n":"Pâtes Cheveux d'anges Turini 1kg","p":1.61,"u":"1,61 €/KG","img":"https://fd1-photos.leclercdrive.fr/image.ashx?id=2980788&use=l&cat=p&typeid=i","cat":284427},{"id":12437,"n":"Sel fin de l'île de Ré NRT 250g","p":1.35,"u":"5,40 €/KG","img":"https://fd1-photos.leclercdrive.fr/image.ashx?id=2644909&use=l&cat=p&typeid=i","cat":284457},{"id":12438,"n":"Vinaigre Balsamique MAILLE Velours de Modène - 25cl","p":3.3,"u":"13,20 €/L","img":"https://fd1-photos.leclercdrive.fr/image.ashx?id=2889994&use=l&cat=p&typeid=i","cat":298543},{"id":12441,"n":"Moutarde Amora Fine et douce  - 435g","p":1.69,"u":"3,89 €/KG","img":"https://fd1-photos.leclercdrive.fr/image.ashx?id=2507608&use=l&cat=p&typeid=i","cat":288850},{"id":12451,"n":"Thé glacé Fresh Tea Pêche - Brique - 6x20cl","p":2.43,"u":"2,03 €/L","img":"https://fd1-photos.leclercdrive.fr/image.ashx?id=2622248&use=l&cat=p&typeid=i","cat":295019},{"id":12453,"n":"Soda Jean's Cola sans Caféine Zéro - Bouteille - 1,5L","p":0.96,"u":"0,64 €/L","img":"https://fd1-photos.leclercdrive.fr/image.ashx?id=2637865&use=l&cat=p&typeid=i","cat":284530},{"id":12464,"n":"Soda Jean's Cola Zéro Bouteille - 1,5L","p":0.45,"u":"0,30 €/L","img":"https://fd1-photos.leclercdrive.fr/image.ashx?id=2637883&use=l&cat=p&typeid=i","cat":284530},{"id":12467,"n":"Jus multifruits Jafaden Pur jus - 1L","p":1.99,"u":"1,99 €/L","img":"https://fd1-photos.leclercdrive.fr/image.ashx?id=2958705&use=l&cat=p&typeid=i","cat":284917},{"id":12469,"n":"100% Pur jus d'orange Jafaden  Sans pulpe - 1L","p":1.99,"u":"1,99 €/L","img":"https://fd1-photos.leclercdrive.fr/image.ashx?id=2842477&use=l&cat=p&typeid=i","cat":284521},{"id":12470,"n":"Pur Jus de raisin Bio Village Bio - 1L","p":2.29,"u":"2,29 €/L","img":"https://fd1-photos.leclercdrive.fr/image.ashx?id=2901518&use=l&cat=p&typeid=i","cat":284915},{"id":12471,"n":"Thon entier Pêche Océan Huile de tournesol - 160g","p":1.63,"u":"10,19 €/KG","img":"https://fd1-photos.leclercdrive.fr/image.ashx?id=2941399&use=l&cat=p&typeid=i","cat":303867},{"id":12477,"n":"Cassoulet Saucisse de Toulouse Côté Table - 420g","p":2.11,"u":"5,02 €/KG","img":"https://fd1-photos.leclercdrive.fr/image.ashx?id=2977861&use=l&cat=p&typeid=i","cat":284440},{"id":12501,"n":"Café soluble Plantation Sélection - 200g","p":4.53,"u":"22,65 €/KG","img":"https://fd1-photos.leclercdrive.fr/image.ashx?id=2834266&use=l&cat=p&typeid=i","cat":284843},{"id":12506,"n":"Marshmallows Copains Copines Vanille 300g","p":1.25,"u":"4,17 €/KG","img":"https://fd1-photos.leclercdrive.fr/image.ashx?id=2934646&use=l&cat=p&typeid=i","cat":304250},{"id":12512,"n":"Vinaigre de vin aux noix Maille - 50cl","p":1.6,"u":"3,20 €/L","img":"https://fd1-photos.leclercdrive.fr/image.ashx?id=2875999&use=l&cat=p&typeid=i","cat":298543},{"id":12513,"n":"Cornichons Maille Malossol A la russe 440g","p":2.99,"u":"6,80 €/KG","img":"https://fd1-photos.leclercdrive.fr/image.ashx?id=2076023&use=l&cat=p&typeid=i","cat":284458},{"id":12521,"n":"Miettes de thon Pêche Océan Huile de tournesol - 3x80g","p":2.35,"u":"9,79 €/KG","img":"https://fd1-photos.leclercdrive.fr/image.ashx?id=2943608&use=l&cat=p&typeid=i","cat":303867},{"id":12527,"n":"Chocolat Pâtissier Tablette dOr Noir - 200g","p":1.79,"u":"8,95 €/KG","img":"https://fd1-photos.leclercdrive.fr/image.ashx?id=2723356&use=l&cat=p&typeid=i","cat":285562},{"id":12529,"n":"Moutarde de Dijon Rustica  195g","p":1.25,"u":"6,41 €/KG","img":"https://fd1-photos.leclercdrive.fr/image.ashx?id=2954334&use=l&cat=p&typeid=i","cat":288850},{"id":12534,"n":"Café moulu Plantation  Fruité & délicat déca - 250g","p":3.69,"u":"14,76 €/KG","img":"https://fd1-photos.leclercdrive.fr/image.ashx?id=2856402&use=l&cat=p&typeid=i","cat":284750},{"id":12551,"n":"Raviolis légumes Bio Village Bio - 700g","p":2.54,"u":"3,63 €/KG","img":"https://fd1-photos.leclercdrive.fr/image.ashx?id=2717252&use=l&cat=p&typeid=i","cat":284442},{"id":12557,"n":"Vinaigrette Rustica Echalote - 50cl","p":1.27,"u":"2,54 €/L","img":"https://fd1-photos.leclercdrive.fr/image.ashx?id=1972901&use=l&cat=p&typeid=i","cat":284456},{"id":12564,"n":"Châtaignes Notre Jardin Entières - 420g","p":5.09,"u":"12,12 €/KG","img":"https://fd1-photos.leclercdrive.fr/image.ashx?id=2263146&use=l&cat=p&typeid=i","cat":312612},{"id":12565,"n":"Haricots beurre Notre Jardin Extra fins - 220g","p":1.88,"u":"8,55 €/KG","img":"https://fd1-photos.leclercdrive.fr/image.ashx?id=2988039&use=l&cat=p&typeid=i","cat":312606},{"id":12567,"n":"Andouillettes de Troyes NRT  2x150g","p":3.49,"u":"11,63 €/KG","img":"https://fd1-photos.leclercdrive.fr/image.ashx?id=2991500&use=l&cat=p&typeid=i","cat":316012},{"id":12573,"n":"Eponges Mamison salle de bain Décorées x2","p":0.99,"u":"0,50 €/P","img":"https://fd1-photos.leclercdrive.fr/image.ashx?id=2199055&use=l&cat=p&typeid=i","cat":284667},{"id":12581,"n":"Soupe Déshydratée Thaï KNORR Nouilles & Champignons - 70cl","p":1.32,"u":"1,89 €/L","img":"https://fd1-photos.leclercdrive.fr/image.ashx?id=2772554&use=l&cat=p&typeid=i","cat":284463},{"id":12584,"n":"Pain grillé bio Bio Village Blé complet x12 - 250g","p":1.77,"u":"7,08 €/KG","img":"https://fd1-photos.leclercdrive.fr/image.ashx?id=2619749&use=l&cat=p&typeid=i","cat":284479},{"id":12587,"n":"Compote Douceur du Verger Gourdes multivariétés - 12x90g","p":3.93,"u":"3,64 €/KG","img":"https://fd1-photos.leclercdrive.fr/image.ashx?id=2837036&use=l&cat=p&typeid=i","cat":284508},{"id":12588,"n":"Sel régénérant Visior Lave-vaisselle - 4x1kg","p":2.69,"u":"0,67 €/KG","img":"https://fd1-photos.leclercdrive.fr/image.ashx?id=2463401&use=l&cat=p&typeid=i","cat":284657},{"id":12591,"n":"Soupe déshydratée Knorr 9 légumes - 75cl","p":0.89,"u":"1,19 €/L","img":"https://fd1-photos.leclercdrive.fr/image.ashx?id=2790585&use=l&cat=p&typeid=i","cat":284463},{"id":12593,"n":"Soupe déshydratée Knorr 9 légumes - 105g","p":0.93,"u":"8,86 €/KG","img":"https://fd1-photos.leclercdrive.fr/image.ashx?id=2875930&use=l&cat=p&typeid=i","cat":284463},{"id":12602,"n":"Ciboulette Rustica Coupé - 50g","p":1.65,"u":"33,00 €/KG","img":"https://fd1-photos.leclercdrive.fr/image.ashx?id=2365460&use=l&cat=p&typeid=i","cat":319804},{"id":12605,"n":"Cornichons Maille Le Mini 210g","p":2.7,"u":"12,86 €/KG","img":"https://fd1-photos.leclercdrive.fr/image.ashx?id=2877310&use=l&cat=p&typeid=i","cat":284458},{"id":12606,"n":"Marmite bouillon Knorr Poule - 224g","p":1.76,"u":"7,86 €/KG","img":"https://fd1-photos.leclercdrive.fr/image.ashx?id=2960288&use=l&cat=p&typeid=i","cat":288379},{"id":12611,"n":"Crozets au Sarrasin NRT 400g","p":2.3,"u":"5,75 €/KG","img":"https://fd1-photos.leclercdrive.fr/image.ashx?id=2856220&use=l&cat=p&typeid=i","cat":284427},{"id":12669,"n":"Sauce Burger AMORA 260g","p":1.55,"u":"5,96 €/KG","img":"https://fd1-photos.leclercdrive.fr/image.ashx?id=2893853&use=l&cat=p&typeid=i","cat":318431},{"id":12670,"n":"Basilic Rustica Coupé - 50g","p":1.69,"u":"33,80 €/KG","img":"https://fd1-photos.leclercdrive.fr/image.ashx?id=2365463&use=l&cat=p&typeid=i","cat":319804},{"id":12674,"n":"Nids d'Alsace NRT 250g","p":1.39,"u":"5,56 €/KG","img":"https://fd1-photos.leclercdrive.fr/image.ashx?id=2839968&use=l&cat=p&typeid=i","cat":284427},{"id":12675,"n":"Pizza Cuite sur pierre Turini 4 fromages - 400g","p":2.59,"u":"6,48 €/KG","img":"https://fd1-photos.leclercdrive.fr/image.ashx?id=2815229&use=l&cat=p&typeid=i","cat":284256},{"id":12676,"n":"Pizza Cuite sur pierre Turini Chorizo - 400g","p":2.69,"u":"6,73 €/KG","img":"https://fd1-photos.leclercdrive.fr/image.ashx?id=2815226&use=l&cat=p&typeid=i","cat":284256},{"id":12680,"n":"Filets d'Anchois Pêche Océan Marinés à l'Orientale - 100g","p":1.99,"u":"19,90 €/KG","img":"https://fd1-photos.leclercdrive.fr/image.ashx?id=2992519&use=l&cat=p&typeid=i","cat":285190},{"id":12685,"n":"Biscuit P'tit Beurres chocolait P'tit Déli 268g","p":2.69,"u":"10,04 €/KG","img":"https://fd1-photos.leclercdrive.fr/image.ashx?id=2473975&use=l&cat=p&typeid=i","cat":284488},{"id":12706,"n":"Dentifrice Dentamyl Soin complet 75ml","p":0.76,"u":"10,13 €/L","img":"https://fd1-photos.leclercdrive.fr/image.ashx?id=2276480&use=l&cat=p&typeid=i","cat":284612},{"id":12729,"n":"Pânés poulet Le Gaulois x2 -  200g","p":1.93,"u":"9,65 €/KG","img":"https://fd1-photos.leclercdrive.fr/image.ashx?id=2261660&use=l&cat=p&typeid=i","cat":333684},{"id":12733,"n":"Bacon Herta superposé x15 150g","p":1.96,"u":"13,07 €/KG","img":"https://fd1-photos.leclercdrive.fr/image.ashx?id=2889325&use=l&cat=p&typeid=i","cat":316007},{"id":12739,"n":"Friand viande Côté Table 2x110g","p":1.65,"u":"7,50 €/KG","img":"https://fd1-photos.leclercdrive.fr/image.ashx?id=2820436&use=l&cat=p&typeid=i","cat":333671},{"id":12741,"n":"Emmental fromage râpé bio Bio village - 100g","p":1.49,"u":"14,90 €/KG","img":"https://fd1-photos.leclercdrive.fr/image.ashx?id=2757942&use=l&cat=p&typeid=i","cat":314035},{"id":12752,"n":"Filet Poulet blanc LR X2  IGP Volailles du Maine  - 240g","p":6.53,"u":"27,21 €/KG","img":"https://fd1-photos.leclercdrive.fr/image.ashx?id=2250558&use=l&cat=p&typeid=i","cat":284336},{"id":12769,"n":"Collants mousse Tissaia Elasthanne beige foncé T1 - x2","p":2.6,"u":"1,30 €/P","img":"https://fd1-photos.leclercdrive.fr/image.ashx?id=2193096&use=l&cat=p&typeid=i","cat":334130},{"id":12771,"n":"Collants mousse Tissaia Elasthanne beige foncé T2 - x2","p":2.6,"u":"1,30 €/P","img":"https://fd1-photos.leclercdrive.fr/image.ashx?id=2193105&use=l&cat=p&typeid=i","cat":334130},{"id":12772,"n":"Boisson Jafaden Cranberry - 1L","p":1.92,"u":"1,92 €/L","img":"https://fd1-photos.leclercdrive.fr/image.ashx?id=2591394&use=l&cat=p&typeid=i","cat":284915},{"id":12776,"n":"Collants mousse Tissaia Elasthanne beige foncé T3 - x2","p":2.6,"u":"1,30 €/P","img":"https://fd1-photos.leclercdrive.fr/image.ashx?id=2193260&use=l&cat=p&typeid=i","cat":334130},{"id":12789,"n":"Purée de Pommes de terre McCain 750g","p":2.39,"u":"3,19 €/KG","img":"https://fd1-photos.leclercdrive.fr/image.ashx?id=2903854&use=l&cat=p&typeid=i","cat":319793},{"id":12794,"n":"Foie gras Pierre de Chaumeyrac IGP Entier du Sud Ouest - 240g","p":20.9,"u":"87,08 €/KG","img":"https://fd1-photos.leclercdrive.fr/image.ashx?id=2809072&use=l&cat=p&typeid=i","cat":316008},{"id":12795,"n":"Foie gras de canard entier  Pierre de Chaumeyrac - 300g","p":22.9,"u":"76,33 €/KG","img":"https://fd1-photos.leclercdrive.fr/image.ashx?id=2814863&use=l&cat=p&typeid=i","cat":316008},{"id":12816,"n":"Dentifrice blancheur Dentamyl Soin complet 75ml","p":0.98,"u":"13,07 €/L","img":"https://fd1-photos.leclercdrive.fr/image.ashx?id=2489110&use=l&cat=p&typeid=i","cat":284612},{"id":12916,"n":"Infusion bio Bio Village Digestion x20 - 30g","p":1.55,"u":"51,67 €/KG","img":"https://fd1-photos.leclercdrive.fr/image.ashx?id=2961710&use=l&cat=p&typeid=i","cat":293234},{"id":12925,"n":"Délice de tomates séchées NRT à la provençale - 90g","p":2.2,"u":"24,44 €/KG","img":"https://fd1-photos.leclercdrive.fr/image.ashx?id=2991163&use=l&cat=p&typeid=i","cat":315999},{"id":12928,"n":"Tapenade noire NRT à la provençale - 90g","p":2.5,"u":"27,78 €/KG","img":"https://fd1-photos.leclercdrive.fr/image.ashx?id=2991085&use=l&cat=p&typeid=i","cat":315999},{"id":12930,"n":"Mélange forestier Notre Jardin 450g","p":2.56,"u":"5,69 €/KG","img":"https://fd1-photos.leclercdrive.fr/image.ashx?id=2873111&use=l&cat=p&typeid=i","cat":319823},{"id":12965,"n":"Crêpes dentelles chocolat NRT 100g","p":1.82,"u":"18,20 €/KG","img":"https://fd1-photos.leclercdrive.fr/image.ashx?id=2909416&use=l&cat=p&typeid=i","cat":284490},{"id":12966,"n":"Assortiment biscuits fins P'tit Déli 200g","p":2.39,"u":"11,95 €/KG","img":"https://fd1-photos.leclercdrive.fr/image.ashx?id=2554578&use=l&cat=p&typeid=i","cat":284490},{"id":13072,"n":"Pâte de fruits Jacquot Grand Verger- 1kg","p":6.28,"u":"6,28 €/KG","img":"https://fd1-photos.leclercdrive.fr/image.ashx?id=2855175&use=l&cat=p&typeid=i","cat":327606},{"id":13253,"n":"Crayons de couleur Esquisse x18","p":1.45,"u":"0,08 €/P","img":"https://fd1-photos.leclercdrive.fr/image.ashx?id=2943169&use=l&cat=p&typeid=i","cat":284696},{"id":13281,"n":"Petits pois carottes Extra fins Jean Nicolas - 265g","p":1.29,"u":"4,87 €/KG","img":"https://fd1-photos.leclercdrive.fr/image.ashx?id=2354386&use=l&cat=p&typeid=i","cat":312607},{"id":13296,"n":"Flageolets verts Jean Nicolas Extra fins - 265g","p":1.35,"u":"5,09 €/KG","img":"https://fd1-photos.leclercdrive.fr/image.ashx?id=2429800&use=l&cat=p&typeid=i","cat":312606},{"id":13308,"n":"Chemises Esquisse 24x32cm x15","p":3.3,"img":"https://fd1-photos.leclercdrive.fr/image.ashx?id=1678706&use=l&cat=p&typeid=i","cat":284745},{"id":13321,"n":"Stylo bille Bic 4 couleurs - x1","p":1.55,"img":"https://fd1-photos.leclercdrive.fr/image.ashx?id=2730874&use=l&cat=p&typeid=i","cat":284696},{"id":13339,"n":"Anchois entiers Connétable Huile d'olive - 100g","p":2.14,"u":"21,40 €/KG","img":"https://fd1-photos.leclercdrive.fr/image.ashx?id=2807570&use=l&cat=p&typeid=i","cat":305147},{"id":13342,"n":"Thon entier Le Savoureux Huile d'olive - 160g","p":3.09,"u":"19,31 €/KG","img":"https://fd1-photos.leclercdrive.fr/image.ashx?id=2960159&use=l&cat=p&typeid=i","cat":303867},{"id":13345,"n":"Thon blanc entier Connétable MSC - Naturel - 112g","p":3.43,"u":"30,63 €/KG","img":"https://fd1-photos.leclercdrive.fr/image.ashx?id=2943990&use=l&cat=p&typeid=i","cat":303867},{"id":13347,"n":"Sardines de garde Connétable Huile d'olive - 115g","p":2.67,"u":"23,22 €/KG","img":"https://fd1-photos.leclercdrive.fr/image.ashx?id=2962605&use=l&cat=p&typeid=i","cat":305146},{"id":13350,"n":"Pâté Hénaff 260g","p":3.2,"u":"12,31 €/KG","img":"https://fd1-photos.leclercdrive.fr/image.ashx?id=2662178&use=l&cat=p&typeid=i","cat":305149},{"id":13351,"n":"Pâté de porc Hénaff 390g","p":4.5,"u":"11,54 €/KG","img":"https://fd1-photos.leclercdrive.fr/image.ashx?id=2280546&use=l&cat=p&typeid=i","cat":305149},{"id":13356,"n":"IGP Fleur de sel Le Guérandais Tradition -  125g","p":2.59,"u":"20,72 €/KG","img":"https://fd1-photos.leclercdrive.fr/image.ashx?id=2457881&use=l&cat=p&typeid=i","cat":284457},{"id":13370,"n":"Barre quatre-quarts Le Glazik 300g","p":2.75,"u":"9,17 €/KG","img":"https://fd1-photos.leclercdrive.fr/image.ashx?id=2507958&use=l&cat=p&typeid=i","cat":294776},{"id":13383,"n":"Galettes bretonnes Le Glazik Pur beurre - 400g","p":3.62,"u":"9,05 €/KG","img":"https://fd1-photos.leclercdrive.fr/image.ashx?id=2509376&use=l&cat=p&typeid=i","cat":284487},{"id":13407,"n":"Galettes Traou Mad de Pont-Aven x12 sachets fraîcheur 100g","p":2.22,"u":"22,20 €/KG","img":"https://fd1-photos.leclercdrive.fr/image.ashx?id=2996563&use=l&cat=p&typeid=i","cat":284487},{"id":13419,"n":"Whisky Breton 40%vol. - 70cl","p":15.12,"u":"21,60 €/L","img":"https://fd1-photos.leclercdrive.fr/image.ashx?id=1652005&use=l&cat=p&typeid=i","cat":284547},{"id":13425,"n":"Beurre Moulé Paysan Breton Demi-sel - 80% MG - 500g","p":5.89,"u":"11,78 €/KG","img":"https://fd1-photos.leclercdrive.fr/image.ashx?id=2774499&use=l&cat=p&typeid=i","cat":284379},{"id":13427,"n":"Camembert Kergall Paysan Breton 45%MG - 250g","p":2.09,"u":"8,36 €/KG","img":"https://fd1-photos.leclercdrive.fr/image.ashx?id=2731807&use=l&cat=p&typeid=i","cat":314033},{"id":13428,"n":"Beurre Moulé Paysan Breton Demi-sel - 80% MG - 125g","p":1.46,"u":"11,68 €/KG","img":"https://fd1-photos.leclercdrive.fr/image.ashx?id=2939766&use=l&cat=p&typeid=i","cat":284379},{"id":13429,"n":"Mini-beurre Paysan Breton Demi-sel x20 - 82%MG - 200g","p":2.7,"u":"13,50 €/KG","img":"https://fd1-photos.leclercdrive.fr/image.ashx?id=2774571&use=l&cat=p&typeid=i","cat":284379},{"id":13434,"n":"Dessert Empresure Malo Chocolat - 4x125g","p":1.69,"u":"3,38 €/KG","img":"https://fd1-photos.leclercdrive.fr/image.ashx?id=2842684&use=l&cat=p&typeid=i","cat":285041},{"id":13435,"n":"Truite fumée Guyader Bretagne 4 tranches - 120g","p":4.9,"pp":3.43,"u":"28,58 €/KG","img":"https://fd1-photos.leclercdrive.fr/image.ashx?id=1551290&use=l&cat=p&typeid=i","cat":285188},{"id":13440,"n":"Purée de fruit NATURNES Fruits du verger 6M+ - 4x130g","p":2.27,"u":"4,37 €/KG","img":"https://fd1-photos.leclercdrive.fr/image.ashx?id=2478387&use=l&cat=p&typeid=i","cat":312388},{"id":13445,"n":"Trio de poivrons Paysan Breton 600g","p":2.85,"u":"4,75 €/KG","img":"https://fd1-photos.leclercdrive.fr/image.ashx?id=2882388&use=l&cat=p&typeid=i","cat":319805},{"id":13446,"n":"La Poêlée Celtique  Paysan Breton - 1kg","p":2.99,"u":"2,99 €/KG","img":"https://fd1-photos.leclercdrive.fr/image.ashx?id=2882394&use=l&cat=p&typeid=i","cat":319823},{"id":13503,"n":"Biscottes bio Bio Village Au germe de blé x36 - 300g","p":1.99,"u":"6,63 €/KG","img":"https://fd1-photos.leclercdrive.fr/image.ashx?id=2634881&use=l&cat=p&typeid=i","cat":284479},{"id":13532,"n":"Purée pomme de terre Pom'lisse Saveur d'antan - 4x125g - 500g","p":2.49,"u":"4,98 €/KG","img":"https://fd1-photos.leclercdrive.fr/image.ashx?id=2929867&use=l&cat=p&typeid=i","cat":284431},{"id":13585,"n":"Fleur de sel de l'Ile de Ré NRT 125g","p":2.49,"u":"19,92 €/KG","img":"https://fd1-photos.leclercdrive.fr/image.ashx?id=2802882&use=l&cat=p&typeid=i","cat":284457},{"id":13589,"n":"Fromage Brillat Savarin NRT  IGP - 200g","p":3.39,"u":"16,95 €/KG","img":"https://fd1-photos.leclercdrive.fr/image.ashx?id=2771064&use=l&cat=p&typeid=i","cat":329558},{"id":13590,"n":"Profiteroles Trofic Crème glacée vanille 280g","p":3.66,"u":"13,07 €/KG","img":"https://fd1-photos.leclercdrive.fr/image.ashx?id=3007037&use=l&cat=p&typeid=i","cat":284267},{"id":13604,"n":"Poissons panés au fromage Pêche Océan MSC - 180g","p":1.89,"u":"10,50 €/KG","img":"https://fd1-photos.leclercdrive.fr/image.ashx?id=2953608&use=l&cat=p&typeid=i","cat":284344},{"id":13605,"n":"Panés de colin Pêche Océan Colin d'Alaska - 200g","p":1.99,"u":"9,95 €/KG","img":"https://fd1-photos.leclercdrive.fr/image.ashx?id=2953605&use=l&cat=p&typeid=i","cat":284344},{"id":13636,"n":"Cuisse Poulet Blanc LR x2  IGP Volailles du Maine  - 480g","p":4.64,"u":"9,67 €/KG","img":"https://fd1-photos.leclercdrive.fr/image.ashx?id=2250552&use=l&cat=p&typeid=i","cat":284336},{"id":13637,"n":"Aiguillette poulet Le Gaulois Blanc - 210g","p":3.55,"u":"16,90 €/KG","img":"https://fd1-photos.leclercdrive.fr/image.ashx?id=2239564&use=l&cat=p&typeid=i","cat":284336},{"id":13639,"n":"Nougat tendre de Montélimar NRT  sachet 200g","p":4.15,"u":"20,75 €/KG","img":"https://fd1-photos.leclercdrive.fr/image.ashx?id=2954136&use=l&cat=p&typeid=i","cat":304249},{"id":13647,"n":"Rochers Equador Chocolat au lait x7 - 245g","p":2.45,"u":"10,00 €/KG","img":"https://fd1-photos.leclercdrive.fr/image.ashx?id=2842480&use=l&cat=p&typeid=i","cat":327600},{"id":13648,"n":"Biscuit Croc Break P'tit Déli Lait et goût chocolat - 300g","p":1.24,"u":"4,13 €/KG","img":"https://fd1-photos.leclercdrive.fr/image.ashx?id=1993182&use=l&cat=p&typeid=i","cat":284488},{"id":13649,"n":"Pansement Primoplast Cicatrisant hydrocolloïde x8","p":5.95,"img":"https://fd1-photos.leclercdrive.fr/image.ashx?id=2856480&use=l&cat=p&typeid=i","cat":284630},{"id":13650,"n":"Gel à l'arnica Primoplast 50g","p":1.62,"u":"32,40 €/KG","img":"https://fd1-photos.leclercdrive.fr/image.ashx?id=2856477&use=l&cat=p&typeid=i","cat":284630},{"id":13663,"n":"Mini-crêpes fourrées Tokapi  Comté - 65g","p":1.96,"u":"30,15 €/KG","img":"https://fd1-photos.leclercdrive.fr/image.ashx?id=2853892&use=l&cat=p&typeid=i","cat":297000},{"id":13678,"n":"Croûtons salade Epi d'Or Ail et fines herbes - 60g","p":0.6,"u":"10,00 €/KG","img":"https://fd1-photos.leclercdrive.fr/image.ashx?id=2606040&use=l&cat=p&typeid=i","cat":284464},{"id":13679,"n":"Croûtons salade Epi d'Or Nature - 60g","p":0.6,"u":"10,00 €/KG","img":"https://fd1-photos.leclercdrive.fr/image.ashx?id=2607909&use=l&cat=p&typeid=i","cat":284464},{"id":13682,"n":"Pâté de campagne Côté Table Pur porc - 3x78g","p":1.85,"u":"7,91 €/KG","img":"https://fd1-photos.leclercdrive.fr/image.ashx?id=2478763&use=l&cat=p&typeid=i","cat":305149},{"id":13683,"n":"Pâté de foie Côté Table Pur porc - 3x78g","p":1.99,"u":"8,50 €/KG","img":"https://fd1-photos.leclercdrive.fr/image.ashx?id=2518502&use=l&cat=p&typeid=i","cat":305149},{"id":13684,"n":"Bouillon de légumes Rustica Cubes - 12x10g","p":0.67,"u":"5,58 €/KG","img":"https://fd1-photos.leclercdrive.fr/image.ashx?id=1753198&use=l&cat=p&typeid=i","cat":288379},{"id":13685,"n":"Bouillon de volaille Rustica Cubes - 12x10g","p":0.8,"u":"6,67 €/KG","img":"https://fd1-photos.leclercdrive.fr/image.ashx?id=1880027&use=l&cat=p&typeid=i","cat":288379},{"id":13686,"n":"Bouillon Pot au feu Rustica Cubes - 12x10g","p":1.39,"u":"11,58 €/KG","img":"https://fd1-photos.leclercdrive.fr/image.ashx?id=1880024&use=l&cat=p&typeid=i","cat":288379},{"id":13689,"n":"Pop corn caramélisé Tokapi 100g","p":0.71,"u":"7,10 €/KG","img":"https://fd1-photos.leclercdrive.fr/image.ashx?id=2920175&use=l&cat=p&typeid=i","cat":304249},{"id":13693,"n":"Gaufrettes fourrées Tokapi Chèvre et poivre - 75g","p":1.29,"u":"17,20 €/KG","img":"https://fd1-photos.leclercdrive.fr/image.ashx?id=2067944&use=l&cat=p&typeid=i","cat":297000},{"id":13694,"n":"Riz long Comptoir du Grain 500g","p":1.47,"u":"2,94 €/KG","img":"https://fd1-photos.leclercdrive.fr/image.ashx?id=2886534&use=l&cat=p&typeid=i","cat":284428},{"id":13696,"n":"Soufflés Snack's Tokapi Cacahuète - 90g","p":0.47,"u":"5,22 €/KG","img":"https://fd1-photos.leclercdrive.fr/image.ashx?id=2677026&use=l&cat=p&typeid=i","cat":284449},{"id":13698,"n":"Légumes couscous Notre Jardin 400g","p":1.43,"u":"3,58 €/KG","img":"https://fd1-photos.leclercdrive.fr/image.ashx?id=2854216&use=l&cat=p&typeid=i","cat":312612},{"id":13699,"n":"Gaufrettes fourrées Tokapi Gouda et noix - 75g","p":1.29,"u":"17,20 €/KG","img":"https://fd1-photos.leclercdrive.fr/image.ashx?id=2063329&use=l&cat=p&typeid=i","cat":297000},{"id":13700,"n":"Gaufrettes fourrées Tokapi Fromage - 75g","p":0.95,"u":"12,67 €/KG","img":"https://fd1-photos.leclercdrive.fr/image.ashx?id=2067929&use=l&cat=p&typeid=i","cat":297000},{"id":13701,"n":"Riz Thaï Comptoir du Grain Sélection Riz long - 500g","p":1.79,"u":"3,58 €/KG","img":"https://fd1-photos.leclercdrive.fr/image.ashx?id=2565610&use=l&cat=p&typeid=i","cat":284428},{"id":13703,"n":"Petits pois Notre Jardin A l'étuvée - Très fins - 560g","p":1.29,"u":"2,30 €/KG","img":"https://fd1-photos.leclercdrive.fr/image.ashx?id=2987955&use=l&cat=p&typeid=i","cat":312607},{"id":13711,"n":"Croquettes chat Ultima Stérilisé - Poulet - 1.5kg","p":6.0,"u":"4,00 €/KG","img":"https://fd1-photos.leclercdrive.fr/image.ashx?id=2886385&use=l&cat=p&typeid=i","cat":284680},{"id":13715,"n":"Croquettes chat Purina One Stérilisé - Boeuf/Blé-1.5kg","p":7.04,"u":"4,69 €/KG","img":"https://fd1-photos.leclercdrive.fr/image.ashx?id=2488040&use=l&cat=p&typeid=i","cat":284680},{"id":13716,"n":"Croquettes chat Purina One Adulte - Poisson de mer - 3kg","p":13.75,"u":"4,58 €/KG","img":"https://fd1-photos.leclercdrive.fr/image.ashx?id=2902340&use=l&cat=p&typeid=i","cat":284680},{"id":13719,"n":"Croquettes chat Purina One Adulte - Poulet/Céréales -1.5kg","p":6.52,"u":"4,35 €/KG","img":"https://fd1-photos.leclercdrive.fr/image.ashx?id=2537682&use=l&cat=p&typeid=i","cat":284680},{"id":13722,"n":"Croquettes chat Ultima Stérilisé - Saumon - 1.5kg","p":6.0,"u":"4,00 €/KG","img":"https://fd1-photos.leclercdrive.fr/image.ashx?id=2921897&use=l&cat=p&typeid=i","cat":284680},{"id":13731,"n":"Barquettes chats Gourmet Gold Les mousselines - 12x85g","p":5.49,"u":"5,38 €/KG","img":"https://fd1-photos.leclercdrive.fr/image.ashx?id=2967046&use=l&cat=p&typeid=i","cat":285286},{"id":13733,"n":"Barquettes chats Gourmet Gold Les terrines - 12x85g","p":5.71,"u":"5,60 €/KG","img":"https://fd1-photos.leclercdrive.fr/image.ashx?id=2979069&use=l&cat=p&typeid=i","cat":285286},{"id":13742,"n":"Tablette chocolat Côte d'Or Truffé noir - 190g","p":3.67,"u":"19,32 €/KG","img":"https://fd1-photos.leclercdrive.fr/image.ashx?id=2938932&use=l&cat=p&typeid=i","cat":284956},{"id":13751,"n":"Croquettes chiens Ultima Allégées - 2kg","p":6.39,"u":"3,20 €/KG","img":"https://fd1-photos.leclercdrive.fr/image.ashx?id=3008821&use=l&cat=p&typeid=i","cat":284672},{"id":13770,"n":"Croissants surgelés Epi d'Or Cuisson four - 6x60g","p":2.58,"u":"7,17 €/KG","img":"https://fd1-photos.leclercdrive.fr/image.ashx?id=2900088&use=l&cat=p&typeid=i","cat":284267},{"id":13776,"n":"Mouchoirs blancs 3 plis Caresse Boîte - x110","p":1.35,"u":"0,01 €/P","img":"https://fd1-photos.leclercdrive.fr/image.ashx?id=2858784&use=l&cat=p&typeid=i","cat":284638},{"id":13782,"n":"Déodorant Manava anti-traces 200ml","p":1.29,"u":"6,45 €/L","img":"https://fd1-photos.leclercdrive.fr/image.ashx?id=2692952&use=l&cat=p&typeid=i","cat":284595},{"id":13784,"n":"Gel douche et shampooing Carré Homme Energisante - 250ml","p":1.15,"u":"4,60 €/L","img":"https://fd1-photos.leclercdrive.fr/image.ashx?id=2927845&use=l&cat=p&typeid=i","cat":284619},{"id":13789,"n":"Shampooing Vitanove Lissant - 250ml","p":1.79,"u":"7,16 €/L","img":"https://fd1-photos.leclercdrive.fr/image.ashx?id=2949511&use=l&cat=p&typeid=i","cat":284606},{"id":13987,"n":"Bande cohésive Primoplast 2.5m x 6cm","p":2.75,"img":"https://fd1-photos.leclercdrive.fr/image.ashx?id=2856438&use=l&cat=p&typeid=i","cat":284630},{"id":13992,"n":"Recharge savon mains Manava Gel lavande - 250ml","p":0.69,"u":"2,76 €/L","img":"https://fd1-photos.leclercdrive.fr/image.ashx?id=2935477&use=l&cat=p&typeid=i","cat":284597},{"id":13995,"n":"Bandes extensibles Primoplast 4mx6cm - x2","p":1.29,"img":"https://fd1-photos.leclercdrive.fr/image.ashx?id=2856444&use=l&cat=p&typeid=i","cat":284630},{"id":14007,"n":"Jambon de Bayonne IGP NRT 4 Grandes Tranches - 120g","p":3.63,"u":"30,25 €/KG","img":"https://fd1-photos.leclercdrive.fr/image.ashx?id=2670428&use=l&cat=p&typeid=i","cat":316007},{"id":14018,"n":"Chocolat Pâtissier Tablette dOr Noir corsé - 64% cacao - 200g","p":2.09,"u":"10,45 €/KG","img":"https://fd1-photos.leclercdrive.fr/image.ashx?id=2602349&use=l&cat=p&typeid=i","cat":285562},{"id":14023,"n":"Rasoir Carré Homme 3 lames - x1","p":3.99,"img":"https://fd1-photos.leclercdrive.fr/image.ashx?id=2704621&use=l&cat=p&typeid=i","cat":284616},{"id":14027,"n":"Lingettes Hygiène intime Doulys x20","p":1.8,"img":"https://fd1-photos.leclercdrive.fr/image.ashx?id=2999718&use=l&cat=p&typeid=i","cat":284627},{"id":14029,"n":"Fromage Neufchâtel AOP  Nos Régions ont du Talent 200g","p":2.67,"u":"13,35 €/KG","img":"https://fd1-photos.leclercdrive.fr/image.ashx?id=2071227&use=l&cat=p&typeid=i","cat":329558},{"id":14031,"n":"Crème Décolorante Siliss Visage et Corps - 2x50ml","p":2.79,"u":"27,90 €/L","img":"https://fd1-photos.leclercdrive.fr/image.ashx?id=2743783&use=l&cat=p&typeid=i","cat":325351},{"id":14033,"n":"Crochets anti-mites Insectivor Cèdre 2x3ml","p":1.99,"u":"331,67 €/L","img":"https://fd1-photos.leclercdrive.fr/image.ashx?id=2849575&use=l&cat=p&typeid=i","cat":298368},{"id":14038,"n":"Cassoulet au confit canard NRT - 420g","p":2.75,"u":"6,55 €/KG","img":"https://fd1-photos.leclercdrive.fr/image.ashx?id=2791413&use=l&cat=p&typeid=i","cat":284440},{"id":14050,"n":"Rhum blanc Réunion 49%vol NRT 1L","p":14.62,"u":"14,62 €/L","img":"https://fd1-photos.leclercdrive.fr/image.ashx?id=1208791&use=l&cat=p&typeid=i","cat":284550},{"id":14051,"n":"Confiture extra bio Bio Village Myrtilles - 370g","p":2.29,"u":"6,19 €/KG","img":"https://fd1-photos.leclercdrive.fr/image.ashx?id=2965620&use=l&cat=p&typeid=i","cat":284480},{"id":14068,"n":"Miel Nid d'Abeille A tartiner - 500 g","p":3.19,"u":"6,38 €/KG","img":"https://fd1-photos.leclercdrive.fr/image.ashx?id=2693120&use=l&cat=p&typeid=i","cat":287643},{"id":14075,"n":"Lait de coco Tables du monde 400ml","p":1.52,"u":"3,80 €/L","img":"https://fd1-photos.leclercdrive.fr/image.ashx?id=1960758&use=l&cat=p&typeid=i","cat":288992},{"id":14081,"n":"Ratatouille Bio Village Bio A la provençale - 650g","p":2.35,"u":"3,62 €/KG","img":"https://fd1-photos.leclercdrive.fr/image.ashx?id=2762513&use=l&cat=p&typeid=i","cat":312612},{"id":14082,"n":"Miel de fleurs bio Bio Village 500g","p":4.99,"u":"9,98 €/KG","img":"https://fd1-photos.leclercdrive.fr/image.ashx?id=2348265&use=l&cat=p&typeid=i","cat":287643},{"id":14084,"n":"Confiture bio Bio Village Oranges - 370g","p":2.26,"u":"6,11 €/KG","img":"https://fd1-photos.leclercdrive.fr/image.ashx?id=2965623&use=l&cat=p&typeid=i","cat":284480},{"id":14087,"n":"Quenelles de veau Coté Table Sauce financière 400g","p":1.85,"u":"4,63 €/KG","img":"https://fd1-photos.leclercdrive.fr/image.ashx?id=2977864&use=l&cat=p&typeid=i","cat":284441},{"id":14111,"n":"Houmous Tables du Monde 200g","p":1.43,"u":"7,15 €/KG","img":"https://fd1-photos.leclercdrive.fr/image.ashx?id=2872258&use=l&cat=p&typeid=i","cat":315999},{"id":14114,"n":"Brosse à dents Dentamyl Médium x4","p":0.99,"u":"0,25 €/P","img":"https://fd1-photos.leclercdrive.fr/image.ashx?id=2790922&use=l&cat=p&typeid=i","cat":284614},{"id":14119,"n":"Saucisson sec de Savoie NRT fumé - 250g","p":4.95,"u":"19,80 €/KG","img":"https://fd1-photos.leclercdrive.fr/image.ashx?id=2991497&use=l&cat=p&typeid=i","cat":316006},{"id":14131,"n":"Désodorisant Visior Lave-vaisselle Citron - x2","p":1.29,"u":"0,65 €/P","img":"https://fd1-photos.leclercdrive.fr/image.ashx?id=2951119&use=l&cat=p&typeid=i","cat":284657},{"id":14132,"n":"Bloc wc javel Syphon 2x40g","p":1.46,"u":"18,25 €/KG","img":"https://fd1-photos.leclercdrive.fr/image.ashx?id=2302540&use=l&cat=p&typeid=i","cat":284662},{"id":14140,"n":"Savon extra-doux Manava Douceur d'amande 6x100g","p":3.16,"u":"5,27 €/KG","img":"https://fd1-photos.leclercdrive.fr/image.ashx?id=2331312&use=l&cat=p&typeid=i","cat":284597},{"id":14143,"n":"Diffuseur électrique Insectivor Anti-moustiques + recharge 35ml","p":4.65,"img":"https://fd1-photos.leclercdrive.fr/image.ashx?id=2717102&use=l&cat=p&typeid=i","cat":298368},{"id":14144,"n":"Lingettes bébé Mots d'Enfants Débarbouillantes - x40","p":1.47,"u":"0,04 €/P","img":"https://fd1-photos.leclercdrive.fr/image.ashx?id=2856471&use=l&cat=p&typeid=i","cat":284738},{"id":14155,"n":"Gnocchi Turini à poêler 300g","p":0.89,"u":"2,97 €/KG","img":"https://fd1-photos.leclercdrive.fr/image.ashx?id=2606810&use=l&cat=p&typeid=i","cat":333682},{"id":14158,"n":"Fromage Mystère du Prieuré Lait pasteurisé - 340g","p":2.65,"u":"7,79 €/KG","img":"https://fd1-photos.leclercdrive.fr/image.ashx?id=2900085&use=l&cat=p&typeid=i","cat":329184},{"id":14163,"n":"Crème nettoyante Clair 3en1 - Fraicheur - 750ml","p":1.28,"u":"1,71 €/L","img":"https://fd1-photos.leclercdrive.fr/image.ashx?id=2946157&use=l&cat=p&typeid=i","cat":325357},{"id":14165,"n":"Crème de soin cheveux Vitanove Boucles sans rinçage 200ml","p":1.29,"u":"6,45 €/L","img":"https://fd1-photos.leclercdrive.fr/image.ashx?id=1947997&use=l&cat=p&typeid=i","cat":284608},{"id":14167,"n":"Brosse à dents Dentamyl Extra souple x1","p":0.85,"img":"https://fd1-photos.leclercdrive.fr/image.ashx?id=2790925&use=l&cat=p&typeid=i","cat":284614},{"id":14168,"n":"Dentifrice Dentamyl Protection gencives 75ml","p":0.92,"u":"12,27 €/L","img":"https://fd1-photos.leclercdrive.fr/image.ashx?id=2489092&use=l&cat=p&typeid=i","cat":284612},{"id":14170,"n":"Nettoyant lave-vaisselle Visior 250ml","p":2.65,"u":"10,60 €/L","img":"https://fd1-photos.leclercdrive.fr/image.ashx?id=2946451&use=l&cat=p&typeid=i","cat":284657},{"id":14182,"n":"Déodorant stick Carré Homme Marine - 50ml","p":2.18,"u":"43,60 €/L","img":"https://fd1-photos.leclercdrive.fr/image.ashx?id=2481207&use=l&cat=p&typeid=i","cat":284618},{"id":14183,"n":"Lame de rasoir Siliss 3 lames - x4","p":3.58,"img":"https://fd1-photos.leclercdrive.fr/image.ashx?id=2699414&use=l&cat=p&typeid=i","cat":325352},{"id":14187,"n":"Masque réparateur Vitanove Secs abîmés cassants 300ml","p":2.64,"u":"8,80 €/L","img":"https://fd1-photos.leclercdrive.fr/image.ashx?id=2931769&use=l&cat=p&typeid=i","cat":284608},{"id":14190,"n":"Savon mains en crème Manava nourrissante à l'amande - 300ml","p":0.9,"u":"3,00 €/L","img":"https://fd1-photos.leclercdrive.fr/image.ashx?id=2935471&use=l&cat=p&typeid=i","cat":284597},{"id":14193,"n":"Masque capillaire Vitanove Extra color 300ml","p":2.69,"u":"8,97 €/L","img":"https://fd1-photos.leclercdrive.fr/image.ashx?id=2149095&use=l&cat=p&typeid=i","cat":284608},{"id":14195,"n":"Bande à découper Primoplast Peaux sensibles - 10x6cm","p":0.89,"img":"https://fd1-photos.leclercdrive.fr/image.ashx?id=2955668&use=l&cat=p&typeid=i","cat":284630},{"id":14196,"n":"Après-shampooing Vitanove Réparateur - 200ml","p":1.43,"u":"7,15 €/L","img":"https://fd1-photos.leclercdrive.fr/image.ashx?id=2939055&use=l&cat=p&typeid=i","cat":284607},{"id":14211,"n":"Lotion après-rasage Carré Homme Boisée tonifiant 100ml","p":2.61,"u":"26,10 €/L","img":"https://fd1-photos.leclercdrive.fr/image.ashx?id=2854222&use=l&cat=p&typeid=i","cat":288147},{"id":14212,"n":"Lotion après-rasage Carré Homme Marine tonifiant 100ml","p":2.61,"u":"26,10 €/L","img":"https://fd1-photos.leclercdrive.fr/image.ashx?id=2854219&use=l&cat=p&typeid=i","cat":288147},{"id":14218,"n":"Dentifrice enfant Dentamyl Bubble gum - 3 à 6 ans - 50ml","p":0.89,"u":"17,80 €/L","img":"https://fd1-photos.leclercdrive.fr/image.ashx?id=2075185&use=l&cat=p&typeid=i","cat":288898},{"id":14219,"n":"Dentifrice enfant Dentamyl Menthe - 7 à 13 ans - 75ml","p":0.74,"u":"9,87 €/L","img":"https://fd1-photos.leclercdrive.fr/image.ashx?id=2489113&use=l&cat=p&typeid=i","cat":288898},{"id":14220,"n":"Shampooing Vitanove Volumateur - 250ml","p":1.79,"u":"7,16 €/L","img":"https://fd1-photos.leclercdrive.fr/image.ashx?id=2946829&use=l&cat=p&typeid=i","cat":284606},{"id":14222,"n":"Lait de toilette Mots d'Enfants Bébé peaux délicates - 250ml","p":1.95,"u":"7,80 €/L","img":"https://fd1-photos.leclercdrive.fr/image.ashx?id=3015024&use=l&cat=p&typeid=i","cat":284741},{"id":14223,"n":"Dépoussiérant meubles Clair Multi-surfaces 300ml","p":1.03,"u":"3,43 €/L","img":"https://fd1-photos.leclercdrive.fr/image.ashx?id=2856681&use=l&cat=p&typeid=i","cat":325364},{"id":14224,"n":"Gel wc Syphon surpuissant 750ml","p":1.07,"u":"1,43 €/L","img":"https://fd1-photos.leclercdrive.fr/image.ashx?id=2558790&use=l&cat=p&typeid=i","cat":284662},{"id":14260,"n":"Crottin Chavignol NRT AOP  Fromage de chèvre - 2x60g","p":3.75,"u":"31,25 €/KG","img":"https://fd1-photos.leclercdrive.fr/image.ashx?id=2519432&use=l&cat=p&typeid=i","cat":314031},{"id":14273,"n":"Fromage Pont-l'Evêque AOP  Nos Régions ont du Talent 220g","p":2.65,"u":"12,05 €/KG","img":"https://fd1-photos.leclercdrive.fr/image.ashx?id=2356344&use=l&cat=p&typeid=i","cat":329558},{"id":14276,"n":"Cassoulet au confit canard NRT - 840g","p":4.99,"u":"5,94 €/KG","img":"https://fd1-photos.leclercdrive.fr/image.ashx?id=2791410&use=l&cat=p&typeid=i","cat":284440},{"id":14278,"n":"Carottes râpées Bio Bio village - 200g","p":1.73,"u":"8,65 €/KG","img":"https://fd1-photos.leclercdrive.fr/image.ashx?id=2670374&use=l&cat=p&typeid=i","cat":333657},{"id":14280,"n":"Bûche Sainte Maure Touraine NRT AOP - Fromage de chèvre - 250g","p":5.07,"u":"20,28 €/KG","img":"https://fd1-photos.leclercdrive.fr/image.ashx?id=2919673&use=l&cat=p&typeid=i","cat":314031},{"id":14292,"n":"Eau aromatisée Volvic Zest  Citron - 1,5L","p":1.07,"u":"0,71 €/L","img":"https://fd1-photos.leclercdrive.fr/image.ashx?id=2730253&use=l&cat=p&typeid=i","cat":284537},{"id":14293,"n":"Eau aromatisée Volvic Zest Citron - 6x50cl","p":3.24,"u":"1,08 €/L","img":"https://fd1-photos.leclercdrive.fr/image.ashx?id=2730256&use=l&cat=p&typeid=i","cat":284537},{"id":14327,"n":"Poêlée Côté Table Franc-Comtoise - 900g","p":4.29,"u":"4,77 €/KG","img":"https://fd1-photos.leclercdrive.fr/image.ashx?id=2048440&use=l&cat=p&typeid=i","cat":319823},{"id":14330,"n":"Poêlée de légumes Notre Jardin Légumes grillés - 750g","p":3.11,"u":"4,15 €/KG","img":"https://fd1-photos.leclercdrive.fr/image.ashx?id=2771369&use=l&cat=p&typeid=i","cat":319823},{"id":14334,"n":"Ratatouille Notre Jardin Cuisinée 750g","p":2.85,"u":"3,80 €/KG","img":"https://fd1-photos.leclercdrive.fr/image.ashx?id=2873129&use=l&cat=p&typeid=i","cat":319823},{"id":14336,"n":"Pavé saumon Pêche Océan ASC Atlantique -  500g","p":11.19,"u":"22,38 €/KG","img":"https://fd1-photos.leclercdrive.fr/image.ashx?id=2953731&use=l&cat=p&typeid=i","cat":319786},{"id":14344,"n":"Pain de mie Nature Harrys Longue conservation - 550g","p":2.04,"u":"3,71 €/KG","img":"https://fd1-photos.leclercdrive.fr/image.ashx?id=2518109&use=l&cat=p&typeid=i","cat":284477},{"id":14351,"n":"Bandes non tissées Siliss Recharges -  2x14","p":2.23,"u":"0,08 €/P","img":"https://fd1-photos.leclercdrive.fr/image.ashx?id=2699417&use=l&cat=p&typeid=i","cat":325351},{"id":14352,"n":"Savon Manava  Karité - 2x100g","p":1.39,"u":"6,95 €/KG","img":"https://fd1-photos.leclercdrive.fr/image.ashx?id=2455371&use=l&cat=p&typeid=i","cat":284597},{"id":14359,"n":"Change complet Chorys Taille L - x20","p":10.7,"u":"0,54 €/P","img":"https://fd1-photos.leclercdrive.fr/image.ashx?id=2699435&use=l&cat=p&typeid=i","cat":284628},{"id":14360,"n":"Yaourts à boire Délisse Petits Délis fruits - 8x100g","p":3.2,"u":"4,00 €/KG","img":"https://fd1-photos.leclercdrive.fr/image.ashx?id=2754886&use=l&cat=p&typeid=i","cat":284415},{"id":14371,"n":"Mousse à la crème Duodélisse Nature - 4x100g","p":1.49,"u":"3,73 €/KG","img":"https://fd1-photos.leclercdrive.fr/image.ashx?id=2387334&use=l&cat=p&typeid=i","cat":284409},{"id":14381,"n":"Palets bretons NRT 100g","p":1.83,"u":"18,30 €/KG","img":"https://fd1-photos.leclercdrive.fr/image.ashx?id=2622299&use=l&cat=p&typeid=i","cat":284487},{"id":14383,"n":"Blocs WC Syphon Activ' Effect  Lavande - x3","p":1.09,"u":"0,36 €/P","img":"https://fd1-photos.leclercdrive.fr/image.ashx?id=2320710&use=l&cat=p&typeid=i","cat":284662},{"id":14389,"n":"Abricots Maitre Prunille Moelleux - 250g","p":3.55,"u":"14,20 €/KG","img":"https://fd1-photos.leclercdrive.fr/image.ashx?id=1747031&use=l&cat=p&typeid=i","cat":284357},{"id":14415,"n":"Levure chimique Vahiné 5x11g","p":0.36,"u":"6,55 €/KG","img":"https://fd1-photos.leclercdrive.fr/image.ashx?id=2490542&use=l&cat=p&typeid=i","cat":294686},{"id":14425,"n":"Whisky Johnnie Walker Red Label 40%vol - 1L","p":23.0,"pp":20.0,"u":"20,00 €/L","img":"https://fd1-photos.leclercdrive.fr/image.ashx?id=1868155&use=l&cat=p&typeid=i","cat":284547},{"id":14426,"n":"Whisky Lagavulin 16ans - 43%vol. - 70cl","p":98.0,"u":"140,00 €/L","img":"https://fd1-photos.leclercdrive.fr/image.ashx?id=1868167&use=l&cat=p&typeid=i","cat":284547},{"id":14427,"n":"Pastis Ricard Anisé 45% vol - 70cl","p":15.25,"u":"21,79 €/L","img":"https://fd1-photos.leclercdrive.fr/image.ashx?id=2976776&use=l&cat=p&typeid=i","cat":284548},{"id":14428,"n":"Whisky Clan Campbell Blended Scotch 40% vol - 1L","p":19.7,"u":"19,70 €/L","img":"https://fd1-photos.leclercdrive.fr/image.ashx?id=2868921&use=l&cat=p&typeid=i","cat":284547},{"id":14431,"n":"Rhum Lagoa 40%vol - 1L","p":13.59,"u":"13,59 €/L","img":"https://fd1-photos.leclercdrive.fr/image.ashx?id=2966481&use=l&cat=p&typeid=i","cat":284550},{"id":14434,"n":"Pastis de Marseille Vivalis 45%vol - 70cl","p":12.88,"u":"18,40 €/L","img":"https://fd1-photos.leclercdrive.fr/image.ashx?id=2805024&use=l&cat=p&typeid=i","cat":284548},{"id":14440,"n":"Bière blonde Desquiles Canette - 5.9%vol. - 50cl","p":1.35,"u":"2,70 €/L","img":"https://fd1-photos.leclercdrive.fr/image.ashx?id=2646991&use=l&cat=p&typeid=i","cat":334853},{"id":14441,"n":"Eau minérale naturelle Evian  6x1l","p":2.93,"u":"0,49 €/L","img":"https://fd1-photos.leclercdrive.fr/image.ashx?id=2969019&use=l&cat=p&typeid=i","cat":284535},{"id":14442,"n":"Champagne brut blanc Pol Carson - 37,5cl","p":11.75,"u":"31,33 €/L","img":"https://fd1-photos.leclercdrive.fr/image.ashx?id=2909849&use=l&cat=p&typeid=i","cat":284542},{"id":14447,"n":"Sirop Frucci Thé Pêche - 75cl","p":3.2,"u":"4,27 €/L","img":"https://fd1-photos.leclercdrive.fr/image.ashx?id=2922697&use=l&cat=p&typeid=i","cat":295020},{"id":14451,"n":"Sirop Frucci Menthe - 1L","p":2.46,"u":"2,46 €/L","img":"https://fd1-photos.leclercdrive.fr/image.ashx?id=2954067&use=l&cat=p&typeid=i","cat":295020},{"id":14452,"n":"Sirop Sport Citron - 1L","p":2.39,"u":"2,39 €/L","img":"https://fd1-photos.leclercdrive.fr/image.ashx?id=3011182&use=l&cat=p&typeid=i","cat":295020},{"id":14494,"n":"Coquilles Saint-Jacques Tipiak À la bretonne - 4x90g","p":6.27,"u":"17,42 €/KG","img":"https://fd1-photos.leclercdrive.fr/image.ashx?id=2559754&use=l&cat=p&typeid=i","cat":319775},{"id":14512,"n":"Sachets glaçons Elembal x15","p":0.8,"img":"https://fd1-photos.leclercdrive.fr/image.ashx?id=2671810&use=l&cat=p&typeid=i","cat":334134},{"id":14536,"n":"Escalope Fine Dinde LR x2  IGP Volailles du Maine  - 240g","p":5.45,"u":"22,71 €/KG","img":"https://fd1-photos.leclercdrive.fr/image.ashx?id=2250567&use=l&cat=p&typeid=i","cat":284337},{"id":14538,"n":"Aiguillettes poulet Le Gaulois Jaune - 210g","p":3.9,"u":"18,57 €/KG","img":"https://fd1-photos.leclercdrive.fr/image.ashx?id=2315107&use=l&cat=p&typeid=i","cat":284336},{"id":14543,"n":"Serviettes papier Homeside Double épaisseur 33x33cm - x100","p":2.29,"img":"https://fd1-photos.leclercdrive.fr/image.ashx?id=1659678&use=l&cat=p&typeid=i","cat":334134},{"id":14574,"n":"Serviette incontinence Chorys Normal - x12","p":1.99,"u":"0,17 €/P","img":"https://fd1-photos.leclercdrive.fr/image.ashx?id=2393848&use=l&cat=p&typeid=i","cat":284628},{"id":14575,"n":"Serviette incontinence Chorys Mini - x20","p":1.99,"u":"0,10 €/P","img":"https://fd1-photos.leclercdrive.fr/image.ashx?id=2448409&use=l&cat=p&typeid=i","cat":284628},{"id":14578,"n":"Papier toilette Mimosa Rose - Ultra doux - x6","p":2.59,"u":"0,43 €/P","img":"https://fd1-photos.leclercdrive.fr/image.ashx?id=2402127&use=l&cat=p&typeid=i","cat":284634},{"id":14579,"n":"Papier toilette Mimosa Blanc - Ultra doux - x6","p":2.65,"u":"0,44 €/P","img":"https://fd1-photos.leclercdrive.fr/image.ashx?id=2816118&use=l&cat=p&typeid=i","cat":284634},{"id":14582,"n":"Bandes de cire froide Siliss Corps - Peaux sensibles - x40","p":2.21,"u":"0,06 €/P","img":"https://fd1-photos.leclercdrive.fr/image.ashx?id=2699426&use=l&cat=p&typeid=i","cat":325351},{"id":14593,"n":"Rhum blanc Reimomenq 50%vol - 1L","p":19.0,"pp":16.15,"u":"16,15 €/L","img":"https://fd1-photos.leclercdrive.fr/image.ashx?id=2846640&use=l&cat=p&typeid=i","cat":284550},{"id":14610,"n":"Lait de coco Grace Thaïlande - 400 ml","p":2.35,"u":"5,88 €/L","img":"https://fd1-photos.leclercdrive.fr/image.ashx?id=2533964&use=l&cat=p&typeid=i","cat":288992},{"id":14625,"n":"Boisson énergétique Powerade Ice storm - 50cl","p":1.01,"u":"2,02 €/L","img":"https://fd1-photos.leclercdrive.fr/image.ashx?id=2970756&use=l&cat=p&typeid=i","cat":284533},{"id":14626,"n":"Boisson aux fruits Oasis Saveur Pêche Abricot - 2L","p":2.32,"u":"1,16 €/L","img":"https://fd1-photos.leclercdrive.fr/image.ashx?id=2688635&use=l&cat=p&typeid=i","cat":295018},{"id":14633,"n":"AOP Bordeaux rouge La Croix d'Austéran - 75cl","p":4.55,"u":"6,07 €/L","img":"https://fd1-photos.leclercdrive.fr/image.ashx?id=1672093&use=l&cat=p&typeid=i","cat":289556},{"id":14635,"n":"Soda Jean's Cola Bouteille - 4x50cl","p":2.75,"u":"1,38 €/L","img":"https://fd1-photos.leclercdrive.fr/image.ashx?id=2684811&use=l&cat=p&typeid=i","cat":284530},{"id":14636,"n":"Soda Jean's Cola Zéro Canette - 6x33cl","p":1.98,"u":"1,00 €/L","img":"https://fd1-photos.leclercdrive.fr/image.ashx?id=2637886&use=l&cat=p&typeid=i","cat":284530},{"id":14637,"n":"Biscuits P'tit Déli ronds Chocolat noir 200g","p":1.34,"u":"6,70 €/KG","img":"https://fd1-photos.leclercdrive.fr/image.ashx?id=2884207&use=l&cat=p&typeid=i","cat":284488},{"id":14654,"n":"Soupe liquide Liebig  Potiron - Brique 1L","p":2.77,"u":"2,77 €/L","img":"https://fd1-photos.leclercdrive.fr/image.ashx?id=2785355&use=l&cat=p&typeid=i","cat":284462},{"id":14657,"n":"Eponges gratounette Spontex x2","p":2.11,"u":"1,06 €/P","img":"https://fd1-photos.leclercdrive.fr/image.ashx?id=2392292&use=l&cat=p&typeid=i","cat":284667},{"id":14659,"n":"Gel désinfectant mains Sanytol Au thé vert - 250ml","p":3.29,"u":"13,16 €/L","img":"https://fd1-photos.leclercdrive.fr/image.ashx?id=1754056&use=l&cat=p&typeid=i","cat":284630},{"id":14660,"n":"Gel désinfectant mains Sanytol Au thé vert - 75ml","p":1.94,"u":"25,87 €/L","img":"https://fd1-photos.leclercdrive.fr/image.ashx?id=2338730&use=l&cat=p&typeid=i","cat":284630},{"id":14661,"n":"Lingettes Hygiène Intime Usage Quotidien Intima Hamamélis x20","p":1.87,"u":"0,09 €/P","img":"https://fd1-photos.leclercdrive.fr/image.ashx?id=2886675&use=l&cat=p&typeid=i","cat":284627},{"id":14675,"n":"boisson végétale lait d'amande  bio bjorg intense - 1L","p":2.83,"u":"2,83 €/L","img":"https://fd1-photos.leclercdrive.fr/image.ashx?id=2970918&use=l&cat=p&typeid=i","cat":316067},{"id":14688,"n":"Biscuits Bjorg Fourrés Chocolat lait bio 225g","p":2.85,"u":"12,67 €/KG","img":"https://fd1-photos.leclercdrive.fr/image.ashx?id=2970927&use=l&cat=p&typeid=i","cat":284488},{"id":14690,"n":"Chocolat Alter Eco Noir Intense Max Havelaar Bio - 100g","p":2.59,"u":"25,90 €/KG","img":"https://fd1-photos.leclercdrive.fr/image.ashx?id=2906523&use=l&cat=p&typeid=i","cat":284956},{"id":14691,"n":"Chocolat Alter Eco Noir Absolu Pérou 85% cacao bio - 100g","p":2.81,"u":"28,10 €/KG","img":"https://fd1-photos.leclercdrive.fr/image.ashx?id=2906535&use=l&cat=p&typeid=i","cat":284956},{"id":14701,"n":"Chocolat Pâtissier Alter Eco Bio - 200g","p":2.97,"u":"14,85 €/KG","img":"https://fd1-photos.leclercdrive.fr/image.ashx?id=2961089&use=l&cat=p&typeid=i","cat":285562},{"id":14713,"n":"Rasoirs jetables Bic Twin Lady x8","p":1.69,"u":"0,21 €/P","img":"https://fd1-photos.leclercdrive.fr/image.ashx?id=2887569&use=l&cat=p&typeid=i","cat":325352},{"id":14749,"n":"Eau nettoyante Mixa Bébé  Hydratante - 250ml","p":2.68,"u":"10,72 €/L","img":"https://fd1-photos.leclercdrive.fr/image.ashx?id=2286603&use=l&cat=p&typeid=i","cat":284741},{"id":14761,"n":"Baume Après-rasage Nivea Men Peaux Sensibles - 100ml","p":4.1,"u":"41,00 €/L","img":"https://fd1-photos.leclercdrive.fr/image.ashx?id=3014590&use=l&cat=p&typeid=i","cat":288147},{"id":14762,"n":"Piles TechPlus Foxter AA/LR6 - x4","p":1.99,"img":"https://fd1-photos.leclercdrive.fr/image.ashx?id=2162165&use=l&cat=p&typeid=i","cat":300572},{"id":14764,"n":"Piles TechPlus Foxter AAA/LR3 - x4","p":1.99,"img":"https://fd1-photos.leclercdrive.fr/image.ashx?id=2162162&use=l&cat=p&typeid=i","cat":300572},{"id":14767,"n":"Piles alcalines Tech+ Foxter C/LR14 1,5V - x2","p":1.99,"u":"1,00 €/P","img":"https://fd1-photos.leclercdrive.fr/image.ashx?id=2162183&use=l&cat=p&typeid=i","cat":300572},{"id":14769,"n":"Piles alcalines Tech+  Foxter D/LR20 - x2","p":2.39,"u":"1,20 €/P","img":"https://fd1-photos.leclercdrive.fr/image.ashx?id=2162186&use=l&cat=p&typeid=i","cat":300572},{"id":14814,"n":"Compotes pommes Andros 4x100g","p":1.35,"u":"3,38 €/KG","img":"https://fd1-photos.leclercdrive.fr/image.ashx?id=2883925&use=l&cat=p&typeid=i","cat":284416},{"id":14827,"n":"Bloc notes adhésif Esquisse  76mmx76mm - 2x100","p":1.25,"img":"https://fd1-photos.leclercdrive.fr/image.ashx?id=1678694&use=l&cat=p&typeid=i","cat":334133},{"id":14873,"n":"Pastilles javel La Croix x40","p":1.87,"u":"13,96 €/KG","img":"https://fd1-photos.leclercdrive.fr/image.ashx?id=2679693&use=l&cat=p&typeid=i","cat":284661},{"id":14880,"n":"Compote Charles & Alice Pommes Mangues - 4x100g","p":1.39,"u":"3,48 €/KG","img":"https://fd1-photos.leclercdrive.fr/image.ashx?id=2757347&use=l&cat=p&typeid=i","cat":284416},{"id":14887,"n":"Compote Charles & Alice Pommes - 4x100g","p":1.35,"u":"3,38 €/KG","img":"https://fd1-photos.leclercdrive.fr/image.ashx?id=2757677&use=l&cat=p&typeid=i","cat":284416},{"id":14888,"n":"Compote Charles & Alice Pommes Poires - 4x100g","p":1.39,"u":"3,48 €/KG","img":"https://fd1-photos.leclercdrive.fr/image.ashx?id=2936902&use=l&cat=p&typeid=i","cat":284416},{"id":14901,"n":"Mozzarella di Buffala AOP Les Croisés - 125g","p":1.65,"u":"13,20 €/KG","img":"https://fd1-photos.leclercdrive.fr/image.ashx?id=2146137&use=l&cat=p&typeid=i","cat":314026},{"id":14904,"n":"Fromage frais nature Bio Bio village - 3.5% MG - 500g","p":1.75,"u":"3,50 €/KG","img":"https://fd1-photos.leclercdrive.fr/image.ashx?id=2839944&use=l&cat=p&typeid=i","cat":284409},{"id":14918,"n":"Dessert fruitier framboise Douceur du Verger s/sucre 4x97g","p":1.49,"u":"3,84 €/KG","img":"https://fd1-photos.leclercdrive.fr/image.ashx?id=3009785&use=l&cat=p&typeid=i","cat":284416},{"id":14919,"n":"Compote Douceur du Verger Pomme Abricot - 4x97g","p":1.23,"u":"3,17 €/KG","img":"https://fd1-photos.leclercdrive.fr/image.ashx?id=2406396&use=l&cat=p&typeid=i","cat":284416},{"id":14923,"n":"Brocolis fleurettes Bio Village Bio - 600g","p":2.21,"u":"3,68 €/KG","img":"https://fd1-photos.leclercdrive.fr/image.ashx?id=2897892&use=l&cat=p&typeid=i","cat":319805},{"id":14932,"n":"Rhum blanc Saint James 40% vol - 70cl","p":11.8,"u":"16,86 €/L","img":"https://fd1-photos.leclercdrive.fr/image.ashx?id=2970948&use=l&cat=p&typeid=i","cat":284550},{"id":14934,"n":"Gin Gibson 37.5%vol - 70cl","p":11.65,"u":"16,64 €/L","img":"https://fd1-photos.leclercdrive.fr/image.ashx?id=2755396&use=l&cat=p&typeid=i","cat":284550},{"id":14976,"n":"Vodka Novotna  Pure grain 37.5%vol - 1,5L","p":22.07,"u":"14,71 €/L","img":"https://fd1-photos.leclercdrive.fr/image.ashx?id=784852&use=l&cat=p&typeid=i","cat":284550},{"id":14978,"n":"Liqueur de whisky Baird's Irish cream 17%vol. - 70cl","p":6.69,"u":"9,56 €/L","img":"https://fd1-photos.leclercdrive.fr/image.ashx?id=1654895&use=l&cat=p&typeid=i","cat":286032},{"id":14979,"n":"Crème de cassis de dijon NRT 20%vol. - 70cl","p":9.99,"u":"14,27 €/L","img":"https://fd1-photos.leclercdrive.fr/image.ashx?id=2762632&use=l&cat=p&typeid=i","cat":286032},{"id":14980,"n":"Crème de framboise Auguste  Mugniot 15%vol. - 50cl","p":5.49,"u":"10,98 €/L","img":"https://fd1-photos.leclercdrive.fr/image.ashx?id=829186&use=l&cat=p&typeid=i","cat":286032},{"id":14982,"n":"Cocktail Punch coco Lagoa 15%vol - 70cl","p":4.99,"u":"7,13 €/L","img":"https://fd1-photos.leclercdrive.fr/image.ashx?id=2958311&use=l&cat=p&typeid=i","cat":284551},{"id":14983,"n":"Pastis de Marseille Vivalis 45%vol - 1,5L","p":25.35,"u":"16,90 €/L","img":"https://fd1-photos.leclercdrive.fr/image.ashx?id=2820418&use=l&cat=p&typeid=i","cat":284548},{"id":14984,"n":"Guignolet Auguste Mugniot Kirsch - 15%vol. - 1L","p":7.12,"u":"7,12 €/L","img":"https://fd1-photos.leclercdrive.fr/image.ashx?id=745118&use=l&cat=p&typeid=i","cat":286032},{"id":14985,"n":"Liqueur de gentiane Boliane 15%vol. 1L","p":4.42,"u":"4,42 €/L","img":"https://fd1-photos.leclercdrive.fr/image.ashx?id=2081669&use=l&cat=p&typeid=i","cat":284913},{"id":14987,"n":"Scotch Whisky Baird's 40%vol - 1,5L","p":22.93,"u":"15,29 €/L","img":"https://fd1-photos.leclercdrive.fr/image.ashx?id=2913660&use=l&cat=p&typeid=i","cat":284547},{"id":14989,"n":"Bière blonde Amsterdam  Navigator 8%vol. - 50cl","p":1.4,"u":"2,80 €/L","img":"https://fd1-photos.leclercdrive.fr/image.ashx?id=2191104&use=l&cat=p&typeid=i","cat":334853},{"id":14993,"n":"Bière blonde Leffe Rituel 9% - 6x25cl","p":5.7,"u":"3,80 €/L","img":"https://fd1-photos.leclercdrive.fr/image.ashx?id=2548285&use=l&cat=p&typeid=i","cat":334852},{"id":15007,"n":"Protège-slips Doulys Ultra-mince Normal Plié - x30","p":1.19,"u":"0,04 €/P","img":"https://fd1-photos.leclercdrive.fr/image.ashx?id=2816109&use=l&cat=p&typeid=i","cat":284625},{"id":15010,"n":"Serviette incontinence Chorys Extra - x10","p":1.99,"u":"0,20 €/P","img":"https://fd1-photos.leclercdrive.fr/image.ashx?id=2393851&use=l&cat=p&typeid=i","cat":284628},{"id":15016,"n":"AOP Crémant d'Alsace Wolfberger Brut - 75cl","p":7.39,"u":"9,85 €/L","img":"https://fd1-photos.leclercdrive.fr/image.ashx?id=2323502&use=l&cat=p&typeid=i","cat":284544},{"id":15022,"n":"Jus de pamplemousse rose Bio Bio Village - 1L","p":3.82,"u":"3,82 €/L","img":"https://fd1-photos.leclercdrive.fr/image.ashx?id=2901524&use=l&cat=p&typeid=i","cat":284914},{"id":15023,"n":"Crème adhésive Dentamyl 50g","p":2.08,"u":"41,60 €/KG","img":"https://fd1-photos.leclercdrive.fr/image.ashx?id=2966355&use=l&cat=p&typeid=i","cat":285158},{"id":15025,"n":"Nectar Jafaden Pomme kiwi - 1L","p":2.35,"u":"2,35 €/L","img":"https://fd1-photos.leclercdrive.fr/image.ashx?id=2895771&use=l&cat=p&typeid=i","cat":284915},{"id":15034,"n":"Déodorant bille Bio Naïa 50ml","p":1.32,"u":"26,40 €/L","img":"https://fd1-photos.leclercdrive.fr/image.ashx?id=2481210&use=l&cat=p&typeid=i","cat":284595},{"id":15036,"n":"Huile sèche corps bio Bio Naïa Spray - 100ml","p":4.59,"u":"45,90 €/L","img":"https://fd1-photos.leclercdrive.fr/image.ashx?id=2610196&use=l&cat=p&typeid=i","cat":325349},{"id":15039,"n":"Crème visage bio Bio Naïa Hydratante 50ml","p":1.99,"u":"39,80 €/L","img":"https://fd1-photos.leclercdrive.fr/image.ashx?id=2998466&use=l&cat=p&typeid=i","cat":325345},{"id":15053,"n":"Déodorant Manava Grenade - 200ml","p":1.39,"u":"6,95 €/L","img":"https://fd1-photos.leclercdrive.fr/image.ashx?id=2699276&use=l&cat=p&typeid=i","cat":284595},{"id":15058,"n":"Biscuits tablettes Bio Village Bio Chocolat au lait 150g","p":2.38,"u":"15,87 €/KG","img":"https://fd1-photos.leclercdrive.fr/image.ashx?id=2650819&use=l&cat=p&typeid=i","cat":284488},{"id":15059,"n":"Gaufrettes P'tit Déli Praliné chocolat au lait - 175g","p":1.85,"u":"10,57 €/KG","img":"https://fd1-photos.leclercdrive.fr/image.ashx?id=2817157&use=l&cat=p&typeid=i","cat":284488},{"id":15060,"n":"Biscuits tablettes Bio Village Bio Chocolat noir 150g","p":2.39,"u":"15,93 €/KG","img":"https://fd1-photos.leclercdrive.fr/image.ashx?id=2708943&use=l&cat=p&typeid=i","cat":284488},{"id":15066,"n":"Savon douceur Manava Bouquet fleurs blanches 4x100g","p":1.45,"u":"3,63 €/KG","img":"https://fd1-photos.leclercdrive.fr/image.ashx?id=2358342&use=l&cat=p&typeid=i","cat":284597},{"id":15089,"n":"Pain d'épices Bio au miel Bjorg 300g","p":1.82,"u":"6,07 €/KG","img":"https://fd1-photos.leclercdrive.fr/image.ashx?id=2890136&use=l&cat=p&typeid=i","cat":284367},{"id":15095,"n":"Boisson végétale Noisette Bio  Bjorg- 1L","p":2.45,"u":"2,45 €/L","img":"https://fd1-photos.leclercdrive.fr/image.ashx?id=2972970&use=l&cat=p&typeid=i","cat":316067},{"id":15108,"n":"Salade Mexicaine Petit Navire 220g","p":1.95,"u":"8,86 €/KG","img":"https://fd1-photos.leclercdrive.fr/image.ashx?id=2829652&use=l&cat=p&typeid=i","cat":284437},{"id":15131,"n":"Nectar multifruits Jafaden 2L","p":2.49,"u":"1,25 €/L","img":"https://fd1-photos.leclercdrive.fr/image.ashx?id=2956032&use=l&cat=p&typeid=i","cat":284917},{"id":15142,"n":"Biscuits P'tit Déli Florentin Amande chocolat 100g","p":1.92,"u":"19,20 €/KG","img":"https://fd1-photos.leclercdrive.fr/image.ashx?id=2562701&use=l&cat=p&typeid=i","cat":284490},{"id":15145,"n":"Champignons Tables du Monde Noirs déshydratés 25g","p":2.49,"u":"99,60 €/KG","img":"https://fd1-photos.leclercdrive.fr/image.ashx?id=2920166&use=l&cat=p&typeid=i","cat":288992},{"id":15146,"n":"Génoises fourrées P'tit Déli Citron - 150g","p":1.98,"u":"13,20 €/KG","img":"https://fd1-photos.leclercdrive.fr/image.ashx?id=2482499&use=l&cat=p&typeid=i","cat":284489},{"id":15149,"n":"Petit Beurre P'tit Déli Pépites chocolat x24 200g","p":1.87,"u":"9,35 €/KG","img":"https://fd1-photos.leclercdrive.fr/image.ashx?id=2694100&use=l&cat=p&typeid=i","cat":284487},{"id":15150,"n":"Biscuits P'tit Déli Déli'Coco 100g","p":1.89,"u":"18,90 €/KG","img":"https://fd1-photos.leclercdrive.fr/image.ashx?id=2562704&use=l&cat=p&typeid=i","cat":284490},{"id":15163,"n":"Sablés fourrés P'tit Déli Noisette 125g","p":1.92,"u":"15,36 €/KG","img":"https://fd1-photos.leclercdrive.fr/image.ashx?id=2791266&use=l&cat=p&typeid=i","cat":284487},{"id":15181,"n":"Boisson aux fruits Oasis Saveur Fraise Framboise - 2L","p":2.44,"u":"1,22 €/L","img":"https://fd1-photos.leclercdrive.fr/image.ashx?id=2677819&use=l&cat=p&typeid=i","cat":295018},{"id":15182,"n":"Filets de maquereaux Saupiquet Tomate basilic - 169g","p":2.0,"u":"11,83 €/KG","img":"https://fd1-photos.leclercdrive.fr/image.ashx?id=2829964&use=l&cat=p&typeid=i","cat":303868},{"id":15184,"n":"Chips cuites au four Lay's Sel - 130g","p":1.39,"u":"10,69 €/KG","img":"https://fd1-photos.leclercdrive.fr/image.ashx?id=2422881&use=l&cat=p&typeid=i","cat":284447},{"id":15194,"n":"Pineau des Charentes J. Gautret Blanc 17%vol. 75cl","p":9.92,"u":"13,23 €/L","img":"https://fd1-photos.leclercdrive.fr/image.ashx?id=1654314&use=l&cat=p&typeid=i","cat":284913},{"id":15288,"n":"Mouchoirs blancs 4 plis Caresse Mini étuis x15","p":1.16,"u":"0,08 €/P","img":"https://fd1-photos.leclercdrive.fr/image.ashx?id=2824262&use=l&cat=p&typeid=i","cat":284638},{"id":15499,"n":"Ruban adhésif Crystal Scotch Dévidoir 25mx19mm x1","p":1.95,"img":"https://fd1-photos.leclercdrive.fr/image.ashx?id=2753587&use=l&cat=p&typeid=i","cat":334133},{"id":15500,"n":"Ruban adhésif Magic Scotch Dévidoir 25mx19mm x1","p":1.95,"img":"https://fd1-photos.leclercdrive.fr/image.ashx?id=2753590&use=l&cat=p&typeid=i","cat":334133},{"id":15513,"n":"Gâteau cacao Oreo Lu Rouleaux Vanille - 154g","p":1.05,"u":"6,82 €/KG","img":"https://fd1-photos.leclercdrive.fr/image.ashx?id=3002282&use=l&cat=p&typeid=i","cat":284488},{"id":15525,"n":"Mini gâches briochettes NRT Chocolat noir x8 - 360g","p":2.79,"u":"7,75 €/KG","img":"https://fd1-photos.leclercdrive.fr/image.ashx?id=2670440&use=l&cat=p&typeid=i","cat":284478},{"id":15544,"n":"Crackers Tokapi  Fromage et graines - 65g","p":1.34,"u":"20,62 €/KG","img":"https://fd1-photos.leclercdrive.fr/image.ashx?id=2075247&use=l&cat=p&typeid=i","cat":297000},{"id":15564,"n":"Chips paysannes Pom'lisse Nature - 150g","p":0.99,"u":"6,60 €/KG","img":"https://fd1-photos.leclercdrive.fr/image.ashx?id=2652897&use=l&cat=p&typeid=i","cat":284447},{"id":15590,"n":"pain complet 3 céréales bio  bjorg 500g","p":2.2,"u":"4,40 €/KG","img":"https://fd1-photos.leclercdrive.fr/image.ashx?id=2752951&use=l&cat=p&typeid=i","cat":325069},{"id":15592,"n":"Fromage enfant Ficello Nature à effilocher x8 - 168g","p":3.25,"u":"19,35 €/KG","img":"https://fd1-photos.leclercdrive.fr/image.ashx?id=2375376&use=l&cat=p&typeid=i","cat":314030},{"id":15602,"n":"Bière La Goudale 7.2%vol. - 75cl","p":2.4,"u":"3,20 €/L","img":"https://fd1-photos.leclercdrive.fr/image.ashx?id=2830153&use=l&cat=p&typeid=i","cat":334852},{"id":15615,"n":"Multifruits Jafaden 100% Pur jus - 1,5L","p":1.99,"u":"1,33 €/L","img":"https://fd1-photos.leclercdrive.fr/image.ashx?id=2966650&use=l&cat=p&typeid=i","cat":284917},{"id":15701,"n":"Filets hareng sans peau Baltic à la crème - 400g","p":2.95,"u":"7,38 €/KG","img":"https://fd1-photos.leclercdrive.fr/image.ashx?id=2845889&use=l&cat=p&typeid=i","cat":285190},{"id":15741,"n":"Tampons Doulys Compact Super - x20","p":2.35,"u":"0,12 €/P","img":"https://fd1-photos.leclercdrive.fr/image.ashx?id=2965470&use=l&cat=p&typeid=i","cat":284626},{"id":15746,"n":"Soupe Liquide Liebig  Bisque de Homard - 300g","p":2.44,"u":"8,13 €/KG","img":"https://fd1-photos.leclercdrive.fr/image.ashx?id=2651390&use=l&cat=p&typeid=i","cat":287366},{"id":15801,"n":"IGP Pays d'Oc rosé Cinsault Syrah Ormes de Cambras 12% 75cl","p":2.76,"u":"3,68 €/L","img":"https://fd1-photos.leclercdrive.fr/image.ashx?id=2105158&use=l&cat=p&typeid=i","cat":289558},{"id":15807,"n":"Boisson aux fruits Oasis Goût Pomme Cassis Framboise 2L","p":2.62,"u":"1,31 €/L","img":"https://fd1-photos.leclercdrive.fr/image.ashx?id=3014452&use=l&cat=p&typeid=i","cat":295018},{"id":15821,"n":"Baume Soin lèvres Mixa Anti-dessèchement lot de 2","p":2.29,"u":"1,15 €/P","img":"https://fd1-photos.leclercdrive.fr/image.ashx?id=2425607&use=l&cat=p&typeid=i","cat":285485},{"id":15844,"n":"Coloration Casting crème gloss Chatain clair n°500","p":8.03,"img":"https://fd1-photos.leclercdrive.fr/image.ashx?id=2869083&use=l&cat=p&typeid=i","cat":288899},{"id":15875,"n":"Eau de Cologne Bien Etre Naturelle - 250ml","p":4.36,"u":"17,44 €/L","img":"https://fd1-photos.leclercdrive.fr/image.ashx?id=2353665&use=l&cat=p&typeid=i","cat":291525},{"id":15895,"n":"Soin cheveux nutrition Garnier Cheveu bouclé à frisé - 200ml","p":2.39,"u":"11,95 €/L","img":"https://fd1-photos.leclercdrive.fr/image.ashx?id=2985354&use=l&cat=p&typeid=i","cat":284608},{"id":15908,"n":"Shampooing Pétrol Hahn original Cheveux normaux 250ml","p":2.35,"u":"9,40 €/L","img":"https://fd1-photos.leclercdrive.fr/image.ashx?id=2480512&use=l&cat=p&typeid=i","cat":284621},{"id":15909,"n":"Shampooing Pétrol Hahn Anti-chûte 250ml","p":2.34,"u":"9,36 €/L","img":"https://fd1-photos.leclercdrive.fr/image.ashx?id=2450649&use=l&cat=p&typeid=i","cat":284606},{"id":15910,"n":"Lait de toilette Mixa Bébé  Très Doux - 400ml","p":3.44,"u":"8,60 €/L","img":"https://fd1-photos.leclercdrive.fr/image.ashx?id=2548672&use=l&cat=p&typeid=i","cat":284740},{"id":15912,"n":"Mousse à raser Williams Peau sensible 200ml","p":1.54,"u":"7,70 €/L","img":"https://fd1-photos.leclercdrive.fr/image.ashx?id=2785976&use=l&cat=p&typeid=i","cat":284617},{"id":15916,"n":"Baume après rasage Nivéa For Men Hydratant - 100ml","p":4.64,"u":"46,40 €/L","img":"https://fd1-photos.leclercdrive.fr/image.ashx?id=2981653&use=l&cat=p&typeid=i","cat":288147},{"id":15919,"n":"Soin hydratant L'Oréal Paris Men Expert Anti-fatigue - 50ml","p":5.49,"u":"109,80 €/L","img":"https://fd1-photos.leclercdrive.fr/image.ashx?id=2811278&use=l&cat=p&typeid=i","cat":284622},{"id":15937,"n":"Serviette Hygienique Vania  Maxi confort normal plus - x16","p":1.69,"u":"0,11 €/P","img":"https://fd1-photos.leclercdrive.fr/image.ashx?id=2908027&use=l&cat=p&typeid=i","cat":284624},{"id":16020,"n":"Gambas ASC Pêche Océan Géantes tigrées 8/12pièces 400g","p":10.39,"u":"25,98 €/KG","img":"https://fd1-photos.leclercdrive.fr/image.ashx?id=2202754&use=l&cat=p&typeid=i","cat":319787},{"id":16025,"n":"Yaourts Lait entier Bio Village Bio Fraise morceaux - 4x125g","p":1.5,"u":"3,00 €/KG","img":"https://fd1-photos.leclercdrive.fr/image.ashx?id=2841968&use=l&cat=p&typeid=i","cat":284410},{"id":16026,"n":"Yaourts brassé Bio Village Bio Pêche - 4x125g","p":1.5,"u":"3,00 €/KG","img":"https://fd1-photos.leclercdrive.fr/image.ashx?id=2841965&use=l&cat=p&typeid=i","cat":284410},{"id":16029,"n":"Carottes Bio Bio Village En rondelles - 600g","p":1.79,"u":"2,98 €/KG","img":"https://fd1-photos.leclercdrive.fr/image.ashx?id=2891809&use=l&cat=p&typeid=i","cat":319805},{"id":16033,"n":"Choux-fleurs Bio Bio Village En fleurettes - 600g","p":1.99,"u":"3,32 €/KG","img":"https://fd1-photos.leclercdrive.fr/image.ashx?id=2891797&use=l&cat=p&typeid=i","cat":319805},{"id":16034,"n":"Petits pois Bio Bio Village Très fins - 600g","p":2.39,"u":"3,98 €/KG","img":"https://fd1-photos.leclercdrive.fr/image.ashx?id=2996021&use=l&cat=p&typeid=i","cat":319805},{"id":16043,"n":"Crevettes cuites Pêche Océan Décortiquées - MSC - 200g","p":3.49,"u":"17,45 €/KG","img":"https://fd1-photos.leclercdrive.fr/image.ashx?id=2478766&use=l&cat=p&typeid=i","cat":319787},{"id":16046,"n":"Fromage de chèvre Les Croisés Frais rond - 200g","p":1.89,"u":"9,45 €/KG","img":"https://fd1-photos.leclercdrive.fr/image.ashx?id=2983796&use=l&cat=p&typeid=i","cat":314031},{"id":16061,"n":"Sauce Tomates Barilla Basilic - 400g","p":1.62,"u":"4,05 €/KG","img":"https://fd1-photos.leclercdrive.fr/image.ashx?id=2832518&use=l&cat=p&typeid=i","cat":287599},{"id":16062,"n":"Sauce Pesto Genovese Barilla Au basilic frais - 190g","p":1.94,"u":"10,21 €/KG","img":"https://fd1-photos.leclercdrive.fr/image.ashx?id=2737585&use=l&cat=p&typeid=i","cat":287599},{"id":16063,"n":"Sauce Pesto Barilla Rosso - 200g","p":1.9,"u":"9,50 €/KG","img":"https://fd1-photos.leclercdrive.fr/image.ashx?id=2308348&use=l&cat=p&typeid=i","cat":287599},{"id":16065,"n":"Bouillon de boeuf Maggi 8 tablettes 80g","p":0.88,"u":"11,00 €/KG","img":"https://fd1-photos.leclercdrive.fr/image.ashx?id=2729932&use=l&cat=p&typeid=i","cat":288379},{"id":16066,"n":"Bouillon pot-au-feu Maggi 8 tablettes 80g","p":0.9,"u":"11,25 €/KG","img":"https://fd1-photos.leclercdrive.fr/image.ashx?id=1551233&use=l&cat=p&typeid=i","cat":288379},{"id":16094,"n":"Pansements bain Mercurochrome Bain 3 tailles x16","p":3.4,"u":"0,21 €/P","img":"https://fd1-photos.leclercdrive.fr/image.ashx?id=2663965&use=l&cat=p&typeid=i","cat":284630},{"id":16142,"n":"Eau de source de Montagne 6x1L","p":1.55,"u":"0,26 €/L","img":"https://fd1-photos.leclercdrive.fr/image.ashx?id=2597621&use=l&cat=p&typeid=i","cat":284535},{"id":16159,"n":"Brume d'eau pure Inell 400ml","p":1.65,"u":"4,13 €/L","img":"https://fd1-photos.leclercdrive.fr/image.ashx?id=806289&use=l&cat=p&typeid=i","cat":290295},{"id":16170,"n":"Boulgour Bio Village Bio - 500g","p":1.83,"u":"3,66 €/KG","img":"https://fd1-photos.leclercdrive.fr/image.ashx?id=2518553&use=l&cat=p&typeid=i","cat":284429},{"id":16172,"n":"Mini Barres chocolatées Lion x18 barres - 350g","p":3.91,"u":"11,17 €/KG","img":"https://fd1-photos.leclercdrive.fr/image.ashx?id=2925553&use=l&cat=p&typeid=i","cat":284498},{"id":16233,"n":"AOC Banyuls Traditionnel Guillaume d'Arria - 75cl","p":6.41,"u":"8,55 €/L","img":"https://fd1-photos.leclercdrive.fr/image.ashx?id=2974750&use=l&cat=p&typeid=i","cat":289556},{"id":16254,"n":"Câpres surfines Rustica Au vinaigre - 60g","p":1.23,"u":"20,50 €/KG","img":"https://fd1-photos.leclercdrive.fr/image.ashx?id=2916686&use=l&cat=p&typeid=i","cat":284458},{"id":16271,"n":"Maïs Géant Vert extra croquant sans résidu pesticides - 285g","p":1.11,"u":"3,89 €/KG","img":"https://fd1-photos.leclercdrive.fr/image.ashx?id=2754267&use=l&cat=p&typeid=i","cat":312611},{"id":16272,"n":"Maïs Géant Vert extra tendre sans résidu pesticides - 285g","p":1.1,"u":"3,86 €/KG","img":"https://fd1-photos.leclercdrive.fr/image.ashx?id=2462448&use=l&cat=p&typeid=i","cat":312611},{"id":16303,"n":"Petits oignons Rustica Vinaigre doux - 190g","p":0.79,"u":"4,16 €/KG","img":"https://fd1-photos.leclercdrive.fr/image.ashx?id=2916683&use=l&cat=p&typeid=i","cat":284458},{"id":16322,"n":"AOP Pouilly Fumé blanc Les Chamilles - 75 Cl","p":12.95,"u":"17,27 €/L","img":"https://fd1-photos.leclercdrive.fr/image.ashx?id=2641479&use=l&cat=p&typeid=i","cat":289557},{"id":16429,"n":"Oeufs frais plein air Bio Bio village - x10","p":3.41,"u":"0,34 €/P","img":"https://fd1-photos.leclercdrive.fr/image.ashx?id=2854264&use=l&cat=p&typeid=i","cat":284378},{"id":16430,"n":"Lait de coco bio Jardin Bio Bio - 400ml","p":2.39,"u":"5,98 €/L","img":"https://fd1-photos.leclercdrive.fr/image.ashx?id=2790132&use=l&cat=p&typeid=i","cat":288992},{"id":16431,"n":"Raviolis bio boeuf Jardin Bio 72cl","p":3.93,"u":"5,46 €/L","img":"https://fd1-photos.leclercdrive.fr/image.ashx?id=2972469&use=l&cat=p&typeid=i","cat":284442},{"id":16432,"n":"Pâte brisée Bio  Bio village - 230g","p":1.99,"u":"8,65 €/KG","img":"https://fd1-photos.leclercdrive.fr/image.ashx?id=2969009&use=l&cat=p&typeid=i","cat":333681},{"id":16433,"n":"Pâte feuilletée Bio Bio village - 230g","p":1.65,"u":"7,17 €/KG","img":"https://fd1-photos.leclercdrive.fr/image.ashx?id=2969006&use=l&cat=p&typeid=i","cat":333681},{"id":16434,"n":"Raviolis aux 3 fromages Bio Bio village - 250g","p":2.9,"u":"11,60 €/KG","img":"https://fd1-photos.leclercdrive.fr/image.ashx?id=2843608&use=l&cat=p&typeid=i","cat":333682},{"id":16435,"n":"Tagliatelles fraîches Bio Bio village - 250g","p":1.39,"u":"5,56 €/KG","img":"https://fd1-photos.leclercdrive.fr/image.ashx?id=2875735&use=l&cat=p&typeid=i","cat":333682},{"id":16436,"n":"Pâtes torsades Bio Village Bio -  500g","p":0.85,"u":"1,70 €/KG","img":"https://fd1-photos.leclercdrive.fr/image.ashx?id=2625367&use=l&cat=p&typeid=i","cat":284427},{"id":16438,"n":"Riz long Bio Village Bio - 500g","p":1.94,"u":"3,88 €/KG","img":"https://fd1-photos.leclercdrive.fr/image.ashx?id=2582996&use=l&cat=p&typeid=i","cat":284428},{"id":16439,"n":"Riz Basmati Bio Village Bio - 500g","p":1.5,"u":"3,00 €/KG","img":"https://fd1-photos.leclercdrive.fr/image.ashx?id=2441507&use=l&cat=p&typeid=i","cat":284428},{"id":16443,"n":"Chocolat Alter Eco noir menthe Max Havelaar Bio - 100g","p":2.37,"u":"23,70 €/KG","img":"https://fd1-photos.leclercdrive.fr/image.ashx?id=2906538&use=l&cat=p&typeid=i","cat":284956},{"id":16490,"n":"Yaourt nature 0% MG Bio Bio village - 4x125g","p":1.34,"u":"2,68 €/KG","img":"https://fd1-photos.leclercdrive.fr/image.ashx?id=2077427&use=l&cat=p&typeid=i","cat":315000},{"id":16491,"n":"Yaourts Lait brebis Bio Village Bio Vanille - 2x125g","p":1.89,"u":"7,56 €/KG","img":"https://fd1-photos.leclercdrive.fr/image.ashx?id=2646994&use=l&cat=p&typeid=i","cat":314998},{"id":16492,"n":"Légumes pour couscous bio Jardin Bio - 660g","p":2.39,"u":"3,32 €/L","img":"https://fd1-photos.leclercdrive.fr/image.ashx?id=2534887&use=l&cat=p&typeid=i","cat":312612},{"id":16493,"n":"Pâte à tartiner bio Jardin Bio Cacao noisettes - 350g","p":3.22,"u":"9,20 €/KG","img":"https://fd1-photos.leclercdrive.fr/image.ashx?id=2918844&use=l&cat=p&typeid=i","cat":284481},{"id":16524,"n":"Pâtes Eco+ Spaghetti - 1kg","p":1.02,"u":"1,02 €/KG","img":"https://fd1-photos.leclercdrive.fr/image.ashx?id=2743771&use=l&cat=p&typeid=i","cat":284427},{"id":16536,"n":"Sucre Eco+ En morceaux - 1kg","p":1.33,"u":"1,33 €/KG","img":"https://fd1-photos.leclercdrive.fr/image.ashx?id=2702274&use=l&cat=p&typeid=i","cat":284502},{"id":16642,"n":"Génoises fourrées P'tit Déli Agrumes - 150g","p":1.09,"u":"7,27 €/KG","img":"https://fd1-photos.leclercdrive.fr/image.ashx?id=2482502&use=l&cat=p&typeid=i","cat":284489},{"id":16737,"n":"Viande hachée 15% MG Férial 500g","p":7.29,"u":"14,58 €/KG","img":"https://fd1-photos.leclercdrive.fr/image.ashx?id=2904013&use=l&cat=p&typeid=i","cat":284332},{"id":16741,"n":"Viande hachée 5% MG Férial 350g","p":5.71,"u":"16,31 €/KG","img":"https://fd1-photos.leclercdrive.fr/image.ashx?id=2904010&use=l&cat=p&typeid=i","cat":284332},{"id":16747,"n":"Viande hachée 15% MG Férial 350g","p":5.59,"u":"15,97 €/KG","img":"https://fd1-photos.leclercdrive.fr/image.ashx?id=2904007&use=l&cat=p&typeid=i","cat":284332},{"id":16765,"n":"Steak haché Férial pur boeuf 5%mg - 250g","p":4.74,"u":"18,96 €/KG","img":"https://fd1-photos.leclercdrive.fr/image.ashx?id=2903998&use=l&cat=p&typeid=i","cat":284332},{"id":16766,"n":"Viande hachée 20% MG Férial 700g","p":9.45,"u":"13,50 €/KG","img":"https://fd1-photos.leclercdrive.fr/image.ashx?id=2904016&use=l&cat=p&typeid=i","cat":284332},{"id":16782,"n":"Steak haché Férial 15%mg 250g","p":3.99,"u":"15,96 €/KG","img":"https://fd1-photos.leclercdrive.fr/image.ashx?id=2904001&use=l&cat=p&typeid=i","cat":284332},{"id":16783,"n":"AOP Saumur brut Les Caractères - 75cl","p":4.49,"u":"5,99 €/L","img":"https://fd1-photos.leclercdrive.fr/image.ashx?id=2895774&use=l&cat=p&typeid=i","cat":284544},{"id":16800,"n":"Eau minérale naturelle Contrex 6x1L","p":2.52,"u":"0,42 €/L","img":"https://fd1-photos.leclercdrive.fr/image.ashx?id=2731720&use=l&cat=p&typeid=i","cat":284535},{"id":16841,"n":"Génoises fourrées P'tit Déli Framboise cassis - 150g","p":1.06,"u":"7,07 €/KG","img":"https://fd1-photos.leclercdrive.fr/image.ashx?id=2473981&use=l&cat=p&typeid=i","cat":284489},{"id":16842,"n":"Spéculoos P'tit Déli 2x250g","p":1.47,"u":"2,94 €/KG","img":"https://fd1-photos.leclercdrive.fr/image.ashx?id=2046364&use=l&cat=p&typeid=i","cat":284487},{"id":16847,"n":"Chewing-gum Freedent white Menthe douce 70g","p":2.1,"u":"30,00 €/KG","img":"https://fd1-photos.leclercdrive.fr/image.ashx?id=2237289&use=l&cat=p&typeid=i","cat":304251},{"id":16848,"n":"Chewing gum Freedent white Menthe verte 70g","p":2.06,"u":"29,43 €/KG","img":"https://fd1-photos.leclercdrive.fr/image.ashx?id=2355899&use=l&cat=p&typeid=i","cat":304251},{"id":16849,"n":"Chewing-gum Freedent white Menthe forte 70g","p":2.06,"u":"29,43 €/KG","img":"https://fd1-photos.leclercdrive.fr/image.ashx?id=2237292&use=l&cat=p&typeid=i","cat":304251},{"id":16920,"n":"Coeurs d'artichaut Notre Jardin 240g","p":2.49,"u":"10,38 €/KG","img":"https://fd1-photos.leclercdrive.fr/image.ashx?id=2501994&use=l&cat=p&typeid=i","cat":312611},{"id":16947,"n":"Pâtes torti Panzani 1kg","p":1.55,"u":"1,55 €/KG","img":"https://fd1-photos.leclercdrive.fr/image.ashx?id=2873826&use=l&cat=p&typeid=i","cat":284427},{"id":16996,"n":"Liquide de rinçage Visior Lave-vaisselle - 750ml","p":0.89,"u":"1,19 €/L","img":"https://fd1-photos.leclercdrive.fr/image.ashx?id=2874377&use=l&cat=p&typeid=i","cat":284657},{"id":17014,"n":"Fromage apéritif Apéricube Sélection festive 48 cubes","p":4.17,"u":"16,68 €/KG","img":"https://fd1-photos.leclercdrive.fr/image.ashx?id=2882665&use=l&cat=p&typeid=i","cat":314027},{"id":17036,"n":"Mouchoirs blancs 3 plis Caresse Boîte mouchoirs papier x90","p":1.04,"u":"0,01 €/P","img":"https://fd1-photos.leclercdrive.fr/image.ashx?id=2777915&use=l&cat=p&typeid=i","cat":284638},{"id":17037,"n":"Rasoir Carré Homme 5 lames - x1","p":4.69,"img":"https://fd1-photos.leclercdrive.fr/image.ashx?id=2704657&use=l&cat=p&typeid=i","cat":284616},{"id":17104,"n":"Tuiles Tokapi  Nature - 170g","p":1.35,"u":"7,94 €/KG","img":"https://fd1-photos.leclercdrive.fr/image.ashx?id=2632849&use=l&cat=p&typeid=i","cat":287899},{"id":17105,"n":"Chips Tuiles Tokapi Crème oignon - 170g","p":1.35,"u":"7,94 €/KG","img":"https://fd1-photos.leclercdrive.fr/image.ashx?id=2643375&use=l&cat=p&typeid=i","cat":287899},{"id":17108,"n":"Brume d'eau pure Inell 150ml","p":1.25,"u":"8,33 €/L","img":"https://fd1-photos.leclercdrive.fr/image.ashx?id=2712980&use=l&cat=p&typeid=i","cat":290295},{"id":17112,"n":"Limonade Bio village Bio - 1L","p":0.96,"u":"0,96 €/L","img":"https://fd1-photos.leclercdrive.fr/image.ashx?id=2632900&use=l&cat=p&typeid=i","cat":284531},{"id":17113,"n":"Cidre bouché Bio village Bio 4% vol - 75cl","p":2.29,"u":"3,05 €/L","img":"https://fd1-photos.leclercdrive.fr/image.ashx?id=2907255&use=l&cat=p&typeid=i","cat":334880},{"id":17149,"n":"Flan pâtissier aux oeufs 6/8 parts","p":4.99,"img":"https://fd1-photos.leclercdrive.fr/image.ashx?id=734715&use=l&cat=p&typeid=i","cat":284360},{"id":17150,"n":"Déjeunettes x4   625g","p":1.3,"u":"2,08 €/KG","img":"https://fd1-photos.leclercdrive.fr/image.ashx?id=2062936&use=l&cat=p&typeid=i","cat":284359},{"id":17152,"n":"Pains aux céréales  300g","p":1.49,"u":"4,97 €/KG","img":"https://fd1-photos.leclercdrive.fr/image.ashx?id=2657163&use=l&cat=p&typeid=i","cat":284359},{"id":17158,"n":"Mozzarella Bio  Bio village - 125g","p":1.21,"u":"9,68 €/KG","img":"https://fd1-photos.leclercdrive.fr/image.ashx?id=2856350&use=l&cat=p&typeid=i","cat":314026},{"id":17189,"n":"Biscuit petit dej P'tit Déli Miel/pépites chocolat - 400g","p":2.15,"u":"5,38 €/KG","img":"https://fd1-photos.leclercdrive.fr/image.ashx?id=2999502&use=l&cat=p&typeid=i","cat":284491},{"id":17220,"n":"Nettoyant spray Clair Anti-calcaire 750ml","p":0.94,"u":"1,25 €/L","img":"https://fd1-photos.leclercdrive.fr/image.ashx?id=2882316&use=l&cat=p&typeid=i","cat":325362},{"id":17223,"n":"Mouchoirs blancs 3 plis Caresse Boîte déco décor aléatoire x70","p":1.52,"u":"0,02 €/P","img":"https://fd1-photos.leclercdrive.fr/image.ashx?id=2812548&use=l&cat=p&typeid=i","cat":284638},{"id":17290,"n":"Pâtes Alpina Avoine - 500g","p":1.29,"u":"2,58 €/KG","img":"https://fd1-photos.leclercdrive.fr/image.ashx?id=2789856&use=l&cat=p&typeid=i","cat":284427},{"id":17292,"n":"Polenta Alpina Semoule de maïs - 500g","p":1.21,"u":"2,42 €/KG","img":"https://fd1-photos.leclercdrive.fr/image.ashx?id=2834485&use=l&cat=p&typeid=i","cat":284431},{"id":17293,"n":"Génoise mix milk Balconi Pâtissier x10 280g","p":1.85,"u":"10,28 €/KG","img":"https://fd1-photos.leclercdrive.fr/image.ashx?id=2878411&use=l&cat=p&typeid=i","cat":284495},{"id":17294,"n":"Pâtes crozets nature Alpina 400g","p":2.42,"u":"6,05 €/KG","img":"https://fd1-photos.leclercdrive.fr/image.ashx?id=2795072&use=l&cat=p&typeid=i","cat":284427},{"id":17295,"n":"Pâtes crozets Alpina Savoie Au sarrasin - 400g","p":2.48,"u":"6,20 €/KG","img":"https://fd1-photos.leclercdrive.fr/image.ashx?id=2795075&use=l&cat=p&typeid=i","cat":284427},{"id":17297,"n":"Gâteau mix max Balconi Pâtissier 350g","p":2.19,"u":"6,26 €/KG","img":"https://fd1-photos.leclercdrive.fr/image.ashx?id=2878417&use=l&cat=p&typeid=i","cat":284495},{"id":17338,"n":"Feutres de coloriage Esquisse Lavable - Pointe moyenne x24","p":2.3,"img":"https://fd1-photos.leclercdrive.fr/image.ashx?id=2727659&use=l&cat=p&typeid=i","cat":284696},{"id":17340,"n":"Pizza Cuite sur pierre Turini  Poulet rôti poivrons - 400g","p":2.23,"u":"5,58 €/KG","img":"https://fd1-photos.leclercdrive.fr/image.ashx?id=2815235&use=l&cat=p&typeid=i","cat":284256},{"id":17348,"n":"Lanières poivrons Notre Jardin 600g","p":2.15,"u":"3,58 €/KG","img":"https://fd1-photos.leclercdrive.fr/image.ashx?id=2916680&use=l&cat=p&typeid=i","cat":319805},{"id":17389,"n":"Biscuits dorés extra P'tit Déli 2x150g","p":1.19,"u":"3,97 €/KG","img":"https://fd1-photos.leclercdrive.fr/image.ashx?id=2488359&use=l&cat=p&typeid=i","cat":284487},{"id":17390,"n":"Tampon à récurer Mamison x3","p":0.68,"u":"0,23 €/P","img":"https://fd1-photos.leclercdrive.fr/image.ashx?id=2216957&use=l&cat=p&typeid=i","cat":284667},{"id":17392,"n":"Mouchoirs blanc 4 plis Univert Etuis x15 - Ecolabel","p":1.95,"u":"0,13 €/P","img":"https://fd1-photos.leclercdrive.fr/image.ashx?id=2549951&use=l&cat=p&typeid=i","cat":284638},{"id":17409,"n":"Lotion capillaire Carré Homme Cheveux blancs et gris 400ml","p":1.99,"u":"4,98 €/L","img":"https://fd1-photos.leclercdrive.fr/image.ashx?id=1961961&use=l&cat=p&typeid=i","cat":284621},{"id":17410,"n":"Gel anticalcaire Texil 750ml","p":2.59,"u":"3,45 €/L","img":"https://fd1-photos.leclercdrive.fr/image.ashx?id=2958711&use=l&cat=p&typeid=i","cat":284653},{"id":17413,"n":"Sacs congélation zip Elembal Petit modèle x25","p":1.45,"u":"0,06 €/P","img":"https://fd1-photos.leclercdrive.fr/image.ashx?id=2751883&use=l&cat=p&typeid=i","cat":334134},{"id":17414,"n":"Activateur de lavage Textil Spécial blanc 10 tablettes","p":2.1,"u":"9,33 €/KG","img":"https://fd1-photos.leclercdrive.fr/image.ashx?id=2964565&use=l&cat=p&typeid=i","cat":284651},{"id":17417,"n":"AOC Rosé d'Anjou vin rosé Les Caractères - BIB 3L","p":12.49,"u":"4,16 €/L","img":"https://fd1-photos.leclercdrive.fr/image.ashx?id=2921405&use=l&cat=p&typeid=i","cat":289560},{"id":17422,"n":"IGP Pays d'Oc Syrah vin rouge Vieux Carion -75 cl","p":2.25,"u":"3,00 €/L","img":"https://fd1-photos.leclercdrive.fr/image.ashx?id=2934667&use=l&cat=p&typeid=i","cat":289556},{"id":17423,"n":"IGP Côtes de Gascogne vin blanc Terrasses d'Autan - 75cl","p":2.89,"u":"3,85 €/L","img":"https://fd1-photos.leclercdrive.fr/image.ashx?id=2886448&use=l&cat=p&typeid=i","cat":289557},{"id":17425,"n":"Fromage blanc Délisse Vanille 2,5%MG - 8x100g","p":2.82,"u":"3,53 €/KG","img":"https://fd1-photos.leclercdrive.fr/image.ashx?id=3012827&use=l&cat=p&typeid=i","cat":284409},{"id":17445,"n":"AOP Saumur demi-sec Les Caractères - 75cl","p":4.49,"u":"5,99 €/L","img":"https://fd1-photos.leclercdrive.fr/image.ashx?id=2895777&use=l&cat=p&typeid=i","cat":284544},{"id":17469,"n":"Biscuits P'tit Déli Bâtonnets Chocolat blanc 150g","p":1.7,"u":"11,33 €/KG","img":"https://fd1-photos.leclercdrive.fr/image.ashx?id=2470195&use=l&cat=p&typeid=i","cat":284488},{"id":17476,"n":"Boudins noirs aux oignons Tradilège x3 - 375g","p":2.65,"u":"7,07 €/KG","img":"https://fd1-photos.leclercdrive.fr/image.ashx?id=2930754&use=l&cat=p&typeid=i","cat":316012},{"id":17478,"n":"Boudins noirs Tradilège Aux pommes 3x125g","p":3.55,"u":"9,47 €/KG","img":"https://fd1-photos.leclercdrive.fr/image.ashx?id=2580412&use=l&cat=p&typeid=i","cat":316012},{"id":17571,"n":"Crème entière fluide UHT Délisse - Brique 30%mg - 1L","p":4.25,"u":"4,25 €/L","img":"https://fd1-photos.leclercdrive.fr/image.ashx?id=2509980&use=l&cat=p&typeid=i","cat":284381},{"id":17584,"n":"Dissolvant Maybelline New York Manucure Express - 125ml","p":2.49,"u":"19,92 €/L","img":"https://fd1-photos.leclercdrive.fr/image.ashx?id=2348367&use=l&cat=p&typeid=i","cat":325347},{"id":17625,"n":"Bûche glacée Eskiss Fruits rouges et biscuit - 564g","p":3.59,"u":"6,37 €/KG","img":"https://fd1-photos.leclercdrive.fr/image.ashx?id=2459156&use=l&cat=p&typeid=i","cat":284266},{"id":17627,"n":"Mini bûches glacées Eskiss Assortiment - 311g","p":2.29,"u":"7,36 €/KG","img":"https://fd1-photos.leclercdrive.fr/image.ashx?id=2791263&use=l&cat=p&typeid=i","cat":284266},{"id":17645,"n":"Whisky Jameson 40%vol - 1L","p":28.12,"u":"28,12 €/L","img":"https://fd1-photos.leclercdrive.fr/image.ashx?id=2880922&use=l&cat=p&typeid=i","cat":284547},{"id":17653,"n":"Fromage apéritif Apéricube Best of des saveurs 48 cubes","p":4.17,"u":"16,68 €/KG","img":"https://fd1-photos.leclercdrive.fr/image.ashx?id=2882662&use=l&cat=p&typeid=i","cat":314027},{"id":17694,"n":"Couches bébé Mots d'Enfants T4+ Ultra confort - 9/20kg - x144","p":20.5,"u":"0,14 €/P","img":"https://fd1-photos.leclercdrive.fr/image.ashx?id=2689426&use=l&cat=p&typeid=i","cat":284737},{"id":17703,"n":"Huile de tournesol Lesieur Coeur de Tournesol - 3L","p":7.77,"u":"2,59 €/L","img":"https://fd1-photos.leclercdrive.fr/image.ashx?id=2139073&use=l&cat=p&typeid=i","cat":284453},{"id":17709,"n":"Sauce au poivre Knorr A la crème fraiche - 30cl","p":1.37,"u":"4,57 €/L","img":"https://fd1-photos.leclercdrive.fr/image.ashx?id=2985096&use=l&cat=p&typeid=i","cat":288381},{"id":17710,"n":"Sauce Hollandaise Knorr Au jus de citron - 30cl","p":1.45,"u":"4,83 €/L","img":"https://fd1-photos.leclercdrive.fr/image.ashx?id=2985099&use=l&cat=p&typeid=i","cat":288381},{"id":17717,"n":"Blanc de poulet Tradilège x4 160g","p":1.36,"u":"8,50 €/KG","img":"https://fd1-photos.leclercdrive.fr/image.ashx?id=2925738&use=l&cat=p&typeid=i","cat":316010},{"id":17718,"n":"Blanc de dinde Tradilège 4 tranches 160g","p":1.65,"u":"10,31 €/KG","img":"https://fd1-photos.leclercdrive.fr/image.ashx?id=2989787&use=l&cat=p&typeid=i","cat":316010},{"id":17767,"n":"Gambas entières Pêche Océan ASC - 400g","p":8.99,"u":"22,48 €/KG","img":"https://fd1-photos.leclercdrive.fr/image.ashx?id=2147091&use=l&cat=p&typeid=i","cat":319787},{"id":17813,"n":"Détachant Texil avant lavage 500ml","p":1.75,"u":"3,50 €/L","img":"https://fd1-photos.leclercdrive.fr/image.ashx?id=2958708&use=l&cat=p&typeid=i","cat":284651},{"id":17845,"n":"Saumon crème fraîche Marie Fondue poireaux 400g","p":4.8,"u":"12,00 €/KG","img":"https://fd1-photos.leclercdrive.fr/image.ashx?id=2996785&use=l&cat=p&typeid=i","cat":319786},{"id":17899,"n":"Knacks pur porc Tradilège Fumées au bois x10 - 350g","p":1.52,"u":"4,34 €/KG","img":"https://fd1-photos.leclercdrive.fr/image.ashx?id=2448321&use=l&cat=p&typeid=i","cat":316012},{"id":17901,"n":"Macaroni d'Alsace NRT 250g","p":1.39,"u":"5,56 €/KG","img":"https://fd1-photos.leclercdrive.fr/image.ashx?id=2839989&use=l&cat=p&typeid=i","cat":284427},{"id":17917,"n":"Nettoyant canalisations Ouragan Fraîcheur mentholée - 1L","p":3.35,"u":"3,35 €/L","img":"https://fd1-photos.leclercdrive.fr/image.ashx?id=2367544&use=l&cat=p&typeid=i","cat":284662},{"id":17931,"n":"Soupe Crème de potiron Knorr Déshydratée - 1L","p":1.19,"u":"1,19 €/L","img":"https://fd1-photos.leclercdrive.fr/image.ashx?id=2790813&use=l&cat=p&typeid=i","cat":284463},{"id":17932,"n":"Soupe forestière Knorr Déshydratée - 750ml","p":1.05,"u":"1,40 €/L","img":"https://fd1-photos.leclercdrive.fr/image.ashx?id=2790810&use=l&cat=p&typeid=i","cat":284463},{"id":17937,"n":"IGP Pruneaux d'agen Bio Village Bio - 250g","p":2.96,"u":"11,84 €/KG","img":"https://fd1-photos.leclercdrive.fr/image.ashx?id=2049211&use=l&cat=p&typeid=i","cat":284357},{"id":17938,"n":"Flan nappé caramel Bio Bio Village - 4x125g","p":1.99,"u":"3,98 €/KG","img":"https://fd1-photos.leclercdrive.fr/image.ashx?id=2992627&use=l&cat=p&typeid=i","cat":284420},{"id":17969,"n":"Purée de fruit NATURNES Pomme pêche 4M+ - 4x130g","p":2.27,"u":"4,37 €/KG","img":"https://fd1-photos.leclercdrive.fr/image.ashx?id=2629644&use=l&cat=p&typeid=i","cat":312387},{"id":18000,"n":"Lait céréales Blédidej 12 mois Chocolat biscuité - 4x250ml","p":3.54,"u":"3,54 €/L","img":"https://fd1-photos.leclercdrive.fr/image.ashx?id=2921028&use=l&cat=p&typeid=i","cat":312226},{"id":18002,"n":"Lait céréales Blédidej 12 mois Biscuité vanille - 4x250ml","p":3.4,"u":"3,40 €/L","img":"https://fd1-photos.leclercdrive.fr/image.ashx?id=2921034&use=l&cat=p&typeid=i","cat":312226},{"id":18003,"n":"Lait céréales Blédidej 12 mois Vanille chocolat - 4x250ml","p":3.44,"u":"3,44 €/L","img":"https://fd1-photos.leclercdrive.fr/image.ashx?id=2921031&use=l&cat=p&typeid=i","cat":312226},{"id":18016,"n":"Choux de Bruxelles 1kg","p":2.79,"u":"2,79 €/KG","img":"https://fd1-photos.leclercdrive.fr/image.ashx?id=598741&use=l&cat=p&typeid=i","cat":284352},{"id":18066,"n":"Nouilles chinoises Suzi Wan En nid - 250g","p":1.57,"u":"6,28 €/KG","img":"https://fd1-photos.leclercdrive.fr/image.ashx?id=2886253&use=l&cat=p&typeid=i","cat":288992},{"id":18070,"n":"Fromage frais bio Bio Village Fruits panachés - 12x50g","p":2.76,"u":"4,60 €/KG","img":"https://fd1-photos.leclercdrive.fr/image.ashx?id=2992630&use=l&cat=p&typeid=i","cat":284409},{"id":18100,"n":"Lait céréales bébé Blédiner 12m Légumes soir - 2x250ml","p":1.82,"u":"3,64 €/L","img":"https://fd1-photos.leclercdrive.fr/image.ashx?id=2960144&use=l&cat=p&typeid=i","cat":312239},{"id":18102,"n":"Lait céréales bébé Blédiner 6m Légume soir - 4x250ml","p":3.56,"u":"3,56 €/L","img":"https://fd1-photos.leclercdrive.fr/image.ashx?id=2730061&use=l&cat=p&typeid=i","cat":312239},{"id":18123,"n":"Barres Copains Copines x16 - 200g","p":2.25,"u":"11,25 €/KG","img":"https://fd1-photos.leclercdrive.fr/image.ashx?id=2867335&use=l&cat=p&typeid=i","cat":284498},{"id":18124,"n":"Pêche poire cerise  Douceur du Verger - 4x70g","p":2.79,"u":"9,96 €/KG","img":"https://fd1-photos.leclercdrive.fr/image.ashx?id=2149378&use=l&cat=p&typeid=i","cat":284507},{"id":18125,"n":"Poire Comice 1kg","p":3.79,"u":"3,79 €/KG","img":"https://fd1-photos.leclercdrive.fr/image.ashx?id=1636419&use=l&cat=p&typeid=i","cat":284356},{"id":18207,"n":"Lingettes démaquillantes Inell x25","p":1.34,"u":"0,05 €/P","img":"https://fd1-photos.leclercdrive.fr/image.ashx?id=2769579&use=l&cat=p&typeid=i","cat":284603},{"id":18208,"n":"Lingettes démaquillantes Inell x25","p":1.34,"u":"0,05 €/P","img":"https://fd1-photos.leclercdrive.fr/image.ashx?id=2752622&use=l&cat=p&typeid=i","cat":284603},{"id":18218,"n":"Chipolatas Férial x6 - 330g","p":3.49,"u":"10,58 €/KG","img":"https://fd1-photos.leclercdrive.fr/image.ashx?id=2837096&use=l&cat=p&typeid=i","cat":284334},{"id":18219,"n":"Merguez Férial x6 - 330g","p":4.19,"u":"12,70 €/KG","img":"https://fd1-photos.leclercdrive.fr/image.ashx?id=2840019&use=l&cat=p&typeid=i","cat":284334},{"id":18221,"n":"Lardons supérieurs Tradilège Nature - 2x100g","p":1.85,"u":"9,25 €/KG","img":"https://fd1-photos.leclercdrive.fr/image.ashx?id=2933340&use=l&cat=p&typeid=i","cat":316011},{"id":18223,"n":"Lardons supérieurs Tradilège Fumés - 2x100g","p":1.85,"u":"9,25 €/KG","img":"https://fd1-photos.leclercdrive.fr/image.ashx?id=2933343&use=l&cat=p&typeid=i","cat":316011},{"id":18224,"n":"Allumettes Tradilège Nature - 2x100g","p":1.75,"u":"8,75 €/KG","img":"https://fd1-photos.leclercdrive.fr/image.ashx?id=2933349&use=l&cat=p&typeid=i","cat":316011},{"id":18225,"n":"Allumettes Tradilège Fumées - 2x100g","p":1.75,"u":"8,75 €/KG","img":"https://fd1-photos.leclercdrive.fr/image.ashx?id=2933346&use=l&cat=p&typeid=i","cat":316011},{"id":18227,"n":"Lardons supérieurs Tradilège Nature - 160g","p":1.5,"u":"9,38 €/KG","img":"https://fd1-photos.leclercdrive.fr/image.ashx?id=2751949&use=l&cat=p&typeid=i","cat":316011},{"id":18230,"n":"Lardons supérieurs Tradilège Fumés - 160g","p":1.5,"u":"9,38 €/KG","img":"https://fd1-photos.leclercdrive.fr/image.ashx?id=2816636&use=l&cat=p&typeid=i","cat":316011},{"id":18231,"n":"Poitrine fumée Tradilège 4 tranches 300 gr","p":4.65,"u":"15,50 €/KG","img":"https://fd1-photos.leclercdrive.fr/image.ashx?id=2852273&use=l&cat=p&typeid=i","cat":316011},{"id":18232,"n":"Poitrine nature Tradilège 1/2 sel 4 tranches 300g","p":4.65,"u":"15,50 €/KG","img":"https://fd1-photos.leclercdrive.fr/image.ashx?id=2854267&use=l&cat=p&typeid=i","cat":316011},{"id":18233,"n":"Poitrine Fumée Tradilège Tranches fines - 2x7T - 200g","p":2.48,"u":"12,40 €/KG","img":"https://fd1-photos.leclercdrive.fr/image.ashx?id=2852267&use=l&cat=p&typeid=i","cat":316011},{"id":18234,"n":"Jambon blanc Tradilège A l'italienne 4 tranches 120g","p":2.2,"u":"18,33 €/KG","img":"https://fd1-photos.leclercdrive.fr/image.ashx?id=2984182&use=l&cat=p&typeid=i","cat":316009},{"id":18235,"n":"Mousse de foie Tradilège Supérieure 180g","p":1.24,"u":"6,89 €/KG","img":"https://fd1-photos.leclercdrive.fr/image.ashx?id=2693147&use=l&cat=p&typeid=i","cat":316008},{"id":18236,"n":"Mousse de foie Tradilège 2x50g","p":0.99,"u":"9,90 €/KG","img":"https://fd1-photos.leclercdrive.fr/image.ashx?id=2999625&use=l&cat=p&typeid=i","cat":316008},{"id":18238,"n":"Mousse de canard Tradilège 180g","p":1.16,"u":"6,44 €/KG","img":"https://fd1-photos.leclercdrive.fr/image.ashx?id=2994360&use=l&cat=p&typeid=i","cat":316008},{"id":18240,"n":"Mousse de canard Tradilège 2x50g","p":1.09,"u":"10,90 €/KG","img":"https://fd1-photos.leclercdrive.fr/image.ashx?id=2998886&use=l&cat=p&typeid=i","cat":316008},{"id":18241,"n":"Pâté de campagne Tradilège Supérieur 180g","p":1.25,"u":"6,94 €/KG","img":"https://fd1-photos.leclercdrive.fr/image.ashx?id=2844848&use=l&cat=p&typeid=i","cat":316008},{"id":18245,"n":"Rillettes du Mans Tradilège 220g","p":1.45,"u":"6,59 €/KG","img":"https://fd1-photos.leclercdrive.fr/image.ashx?id=2548124&use=l&cat=p&typeid=i","cat":316008},{"id":18251,"n":"Knacks Tradilège Fumées au bois - x4 - 140g","p":1.05,"u":"7,50 €/KG","img":"https://fd1-photos.leclercdrive.fr/image.ashx?id=2930739&use=l&cat=p&typeid=i","cat":316012},{"id":18252,"n":"Knacks Tradilège Fumées au bois - x6 - 210g","p":1.38,"u":"6,57 €/KG","img":"https://fd1-photos.leclercdrive.fr/image.ashx?id=2448318&use=l&cat=p&typeid=i","cat":316012},{"id":18257,"n":"Saucisses Cocktail Tradilège 400g","p":2.82,"u":"7,05 €/KG","img":"https://fd1-photos.leclercdrive.fr/image.ashx?id=2659082&use=l&cat=p&typeid=i","cat":316012},{"id":18259,"n":"Saucisson à l'ail Tradilège Fumé - 300g","p":2.08,"u":"6,93 €/KG","img":"https://fd1-photos.leclercdrive.fr/image.ashx?id=2930742&use=l&cat=p&typeid=i","cat":316006},{"id":18262,"n":"Cervelas supérieur Tradilège 300g","p":2.1,"u":"7,00 €/KG","img":"https://fd1-photos.leclercdrive.fr/image.ashx?id=2421636&use=l&cat=p&typeid=i","cat":316012},{"id":18266,"n":"Dés de jambon Tradilège 2x75g","p":1.49,"u":"9,93 €/KG","img":"https://fd1-photos.leclercdrive.fr/image.ashx?id=2925732&use=l&cat=p&typeid=i","cat":316011},{"id":18267,"n":"Allumettes de jambon Tradilège 2x75g","p":1.05,"u":"7,00 €/KG","img":"https://fd1-photos.leclercdrive.fr/image.ashx?id=2925716&use=l&cat=p&typeid=i","cat":316011},{"id":18268,"n":"Rôti de porc Tradilège 4 tranches 160g","p":2.14,"u":"13,38 €/KG","img":"https://fd1-photos.leclercdrive.fr/image.ashx?id=2984173&use=l&cat=p&typeid=i","cat":316009},{"id":18272,"n":"Mini Boudins Noirs Antillais Tradilège x6 - 375g","p":4.0,"u":"10,67 €/KG","img":"https://fd1-photos.leclercdrive.fr/image.ashx?id=2852276&use=l&cat=p&typeid=i","cat":316012},{"id":18279,"n":"Dés de poulet Tradilège 2x75g","p":2.82,"u":"18,80 €/KG","img":"https://fd1-photos.leclercdrive.fr/image.ashx?id=2984185&use=l&cat=p&typeid=i","cat":316011},{"id":18287,"n":"Céréales Extra Kellogg's Chocolat au lait - 500g","p":3.24,"u":"6,48 €/KG","img":"https://fd1-photos.leclercdrive.fr/image.ashx?id=2692707&use=l&cat=p&typeid=i","cat":309512},{"id":18347,"n":"Porc : Paupiette Férial x6 780g","p":7.78,"u":"9,97 €/KG","img":"https://fd1-photos.leclercdrive.fr/image.ashx?id=2852291&use=l&cat=p&typeid=i","cat":284331},{"id":18351,"n":"Fromage à tartiner Les Croisés Nature - 25%mg - 150g","p":1.24,"u":"8,27 €/KG","img":"https://fd1-photos.leclercdrive.fr/image.ashx?id=1971010&use=l&cat=p&typeid=i","cat":314029},{"id":18362,"n":"Biscuit bébé Blédina 10 mois Boudoir - 120g","p":1.83,"u":"15,25 €/KG","img":"https://fd1-photos.leclercdrive.fr/image.ashx?id=2801114&use=l&cat=p&typeid=i","cat":312227},{"id":18363,"n":"Pots bébé bio Babybio Maïs poulet - 8 mois - 2x200g","p":2.69,"u":"6,73 €/KG","img":"https://fd1-photos.leclercdrive.fr/image.ashx?id=2827461&use=l&cat=p&typeid=i","cat":312236},{"id":18364,"n":"Haricots rouges D'aucy  250g","p":1.07,"u":"4,28 €/KG","img":"https://fd1-photos.leclercdrive.fr/image.ashx?id=2538434&use=l&cat=p&typeid=i","cat":312606},{"id":18381,"n":"Cannelle moulue Ducros 39g","p":1.16,"u":"29,74 €/KG","img":"https://fd1-photos.leclercdrive.fr/image.ashx?id=2983204&use=l&cat=p&typeid=i","cat":298297},{"id":18384,"n":"Fagot bouquet garni Ducros 17g","p":1.86,"u":"109,41 €/KG","img":"https://fd1-photos.leclercdrive.fr/image.ashx?id=2326667&use=l&cat=p&typeid=i","cat":298297},{"id":18387,"n":"Herbes de Provence Ducros Barbecue - 100g","p":1.29,"u":"12,90 €/KG","img":"https://fd1-photos.leclercdrive.fr/image.ashx?id=2414717&use=l&cat=p&typeid=i","cat":298297},{"id":18389,"n":"Poivre Ducros Spécial moulin - 100g","p":3.57,"u":"35,70 €/KG","img":"https://fd1-photos.leclercdrive.fr/image.ashx?id=2559439&use=l&cat=p&typeid=i","cat":284457},{"id":18392,"n":"Paprika doux moulu Ducros 40g","p":1.65,"u":"41,25 €/KG","img":"https://fd1-photos.leclercdrive.fr/image.ashx?id=2854414&use=l&cat=p&typeid=i","cat":298297},{"id":18394,"n":"Persil Ducros 30g","p":3.45,"u":"115,00 €/KG","img":"https://fd1-photos.leclercdrive.fr/image.ashx?id=2486554&use=l&cat=p&typeid=i","cat":298297},{"id":18398,"n":"Piment doux moulu Ducros 40g","p":2.02,"u":"50,50 €/KG","img":"https://fd1-photos.leclercdrive.fr/image.ashx?id=2490494&use=l&cat=p&typeid=i","cat":298297},{"id":18399,"n":"Poivre gris moulu Ducros 2x18g","p":2.48,"u":"68,89 €/KG","img":"https://fd1-photos.leclercdrive.fr/image.ashx?id=2759454&use=l&cat=p&typeid=i","cat":298297},{"id":18403,"n":"Poivre saveur et épices Ducros Moulin - 30g","p":2.58,"u":"86,00 €/KG","img":"https://fd1-photos.leclercdrive.fr/image.ashx?id=2353698&use=l&cat=p&typeid=i","cat":284457},{"id":18404,"n":"Safran moulu Ducros 4 doses - 0.4g","p":3.39,"img":"https://fd1-photos.leclercdrive.fr/image.ashx?id=2580490&use=l&cat=p&typeid=i","cat":298297},{"id":18408,"n":"Thon entier Pêche Océan Naturel - 140g","p":1.9,"u":"13,57 €/KG","img":"https://fd1-photos.leclercdrive.fr/image.ashx?id=2942187&use=l&cat=p&typeid=i","cat":303867},{"id":18409,"n":"Thon entier Pêche Océan Naturel - 93g","p":1.39,"u":"14,95 €/KG","img":"https://fd1-photos.leclercdrive.fr/image.ashx?id=2943635&use=l&cat=p&typeid=i","cat":303867},{"id":18410,"n":"Pâtées chat Gold Gourmet Les noisettes -  12x85g","p":5.7,"u":"5,59 €/KG","img":"https://fd1-photos.leclercdrive.fr/image.ashx?id=2908318&use=l&cat=p&typeid=i","cat":285286},{"id":18437,"n":"Allumettes Bacon Tradilège Fumées - 2x100g","p":1.74,"u":"8,70 €/KG","img":"https://fd1-photos.leclercdrive.fr/image.ashx?id=2905952&use=l&cat=p&typeid=i","cat":316011},{"id":18441,"n":"Pur jus de fruits Jafaden Mandarine - 1L","p":2.39,"u":"2,39 €/L","img":"https://fd1-photos.leclercdrive.fr/image.ashx?id=2956044&use=l&cat=p&typeid=i","cat":284915},{"id":18521,"n":"Papier toilette Mimosa Blanc double épaisseur - x12","p":2.85,"u":"0,24 €/P","img":"https://fd1-photos.leclercdrive.fr/image.ashx?id=2434230&use=l&cat=p&typeid=i","cat":284634},{"id":18562,"n":"Feuille papier calque Esquisse x12 21x29,7cm","p":1.19,"img":"https://fd1-photos.leclercdrive.fr/image.ashx?id=2943172&use=l&cat=p&typeid=i","cat":284697},{"id":18564,"n":"Papier millimétré Esquisse 21x29,7cm - x12","p":1.19,"img":"https://fd1-photos.leclercdrive.fr/image.ashx?id=2943175&use=l&cat=p&typeid=i","cat":284697},{"id":18568,"n":"Tubes de peinture Esquisse Gouache - 10x10ml","p":2.59,"u":"25,90 €/L","img":"https://fd1-photos.leclercdrive.fr/image.ashx?id=1700854&use=l&cat=p&typeid=i","cat":334133},{"id":18571,"n":"Surligneur Stabilo Boss Original - Jaune","p":1.85,"img":"https://fd1-photos.leclercdrive.fr/image.ashx?id=2736265&use=l&cat=p&typeid=i","cat":284696},{"id":18573,"n":"Surligneur Stabilo Boss Original - Rose","p":1.24,"img":"https://fd1-photos.leclercdrive.fr/image.ashx?id=2614645&use=l&cat=p&typeid=i","cat":284696},{"id":18577,"n":"Papier toilette Mimosa Blanc - Ultra doux - x24","p":4.33,"u":"0,18 €/P","img":"https://fd1-photos.leclercdrive.fr/image.ashx?id=2796488&use=l&cat=p&typeid=i","cat":284634},{"id":18598,"n":"Yaourts à la Grecque Délisse Mûre Framboise - 4x150g","p":1.99,"u":"3,32 €/KG","img":"https://fd1-photos.leclercdrive.fr/image.ashx?id=2699441&use=l&cat=p&typeid=i","cat":314999},{"id":18669,"n":"Snacks Tokapi 4 saveurs - 100g","p":0.87,"u":"8,70 €/KG","img":"https://fd1-photos.leclercdrive.fr/image.ashx?id=2884234&use=l&cat=p&typeid=i","cat":284449},{"id":18670,"n":"Tuiles Tokapi Bacon - 170g","p":1.39,"u":"8,18 €/KG","img":"https://fd1-photos.leclercdrive.fr/image.ashx?id=2657205&use=l&cat=p&typeid=i","cat":287899},{"id":18671,"n":"Tuiles Tokapi Paprika - 170g","p":1.35,"u":"7,94 €/KG","img":"https://fd1-photos.leclercdrive.fr/image.ashx?id=2632852&use=l&cat=p&typeid=i","cat":287899},{"id":18676,"n":"Allume-feu Silex cubes 18 sachets individuels","p":3.23,"img":"https://fd1-photos.leclercdrive.fr/image.ashx?id=2643584&use=l&cat=p&typeid=i","cat":300578},{"id":18695,"n":"IGP Ail blanc de Lomagne  Nos Régions ont du Talent 320g","p":3.99,"u":"12,47 €/KG","img":"https://fd1-photos.leclercdrive.fr/image.ashx?id=2039593&use=l&cat=p&typeid=i","cat":284352},{"id":18723,"n":"Boulettes provençale Férial x12 - 300g","p":4.09,"u":"13,63 €/KG","img":"https://fd1-photos.leclercdrive.fr/image.ashx?id=2816627&use=l&cat=p&typeid=i","cat":284332},{"id":18725,"n":"Crêpes au froment  Faites main - 350g","p":5.3,"u":"15,14 €/KG","img":"https://fd1-photos.leclercdrive.fr/image.ashx?id=2352723&use=l&cat=p&typeid=i","cat":284494},{"id":18754,"n":"Boulettes nature Férial x12 - 300g","p":4.09,"u":"13,63 €/KG","img":"https://fd1-photos.leclercdrive.fr/image.ashx?id=2816624&use=l&cat=p&typeid=i","cat":284332},{"id":18953,"n":"Thon entier Pêche Océan Naturel - 186g","p":2.5,"u":"13,44 €/KG","img":"https://fd1-photos.leclercdrive.fr/image.ashx?id=2942193&use=l&cat=p&typeid=i","cat":303867},{"id":18968,"n":"Gâteaux mini marbrés P'tit Déli Chocolat x7 - 189g","p":1.59,"u":"8,41 €/KG","img":"https://fd1-photos.leclercdrive.fr/image.ashx?id=1947360&use=l&cat=p&typeid=i","cat":284495},{"id":18983,"n":"Crème glacée Eskiss Noix de coco - 494g","p":2.75,"u":"5,57 €/KG","img":"https://fd1-photos.leclercdrive.fr/image.ashx?id=2982607&use=l&cat=p&typeid=i","cat":284263},{"id":18996,"n":"Confiture Bonne Maman 4 fruits rouges - 370g","p":2.35,"u":"6,35 €/KG","img":"https://fd1-photos.leclercdrive.fr/image.ashx?id=2547474&use=l&cat=p&typeid=i","cat":284480},{"id":19022,"n":"Sirop Frucci Orange - 1L","p":4.26,"u":"4,26 €/L","img":"https://fd1-photos.leclercdrive.fr/image.ashx?id=2954070&use=l&cat=p&typeid=i","cat":295020},{"id":19023,"n":"Sirop Frucci Citron - 1L","p":2.04,"u":"2,04 €/L","img":"https://fd1-photos.leclercdrive.fr/image.ashx?id=2955656&use=l&cat=p&typeid=i","cat":295020},{"id":19066,"n":"Vodka Poliakov 37,5%vol - 1L","p":15.82,"u":"15,82 €/L","img":"https://fd1-photos.leclercdrive.fr/image.ashx?id=2576916&use=l&cat=p&typeid=i","cat":284550},{"id":19098,"n":"Cookies gros éclats Granola Chocolat - 184g","p":1.77,"u":"9,62 €/KG","img":"https://fd1-photos.leclercdrive.fr/image.ashx?id=2996413&use=l&cat=p&typeid=i","cat":325066},{"id":19102,"n":"Croquettes chat Purina One Stérilisé-Saumon/Céréales-1,5kg","p":6.72,"u":"4,48 €/KG","img":"https://fd1-photos.leclercdrive.fr/image.ashx?id=2541268&use=l&cat=p&typeid=i","cat":284680},{"id":19110,"n":"Boeuf Bourguignon Côté Table 300g","p":2.05,"u":"6,83 €/KG","img":"https://fd1-photos.leclercdrive.fr/image.ashx?id=2517679&use=l&cat=p&typeid=i","cat":284953},{"id":19114,"n":"Sucre de canne Bio Ethiquable Complet en poudre - 500g","p":2.09,"u":"4,18 €/KG","img":"https://fd1-photos.leclercdrive.fr/image.ashx?id=2875483&use=l&cat=p&typeid=i","cat":284502},{"id":19117,"n":"Galettes Bjorg Bio Riz complet au sésame 130g","p":1.28,"u":"9,85 €/KG","img":"https://fd1-photos.leclercdrive.fr/image.ashx?id=2991975&use=l&cat=p&typeid=i","cat":318651},{"id":19119,"n":"Pains au lait La Boulangère Bio x8 - 280g","p":1.55,"u":"5,54 €/KG","img":"https://fd1-photos.leclercdrive.fr/image.ashx?id=2972460&use=l&cat=p&typeid=i","cat":293505},{"id":19138,"n":"Semoule Couscous Bio Village Semi complet Bio - 500g","p":1.95,"u":"3,90 €/KG","img":"https://fd1-photos.leclercdrive.fr/image.ashx?id=2814217&use=l&cat=p&typeid=i","cat":284429},{"id":19146,"n":"Cappelletti bio Céréal Bio tofu et Chèvre express-220g","p":1.85,"u":"8,41 €/KG","img":"https://fd1-photos.leclercdrive.fr/image.ashx?id=2642372&use=l&cat=p&typeid=i","cat":287600},{"id":19150,"n":"Compotes Andros Délice de rhubarbe - 4x100g","p":2.16,"u":"5,40 €/KG","img":"https://fd1-photos.leclercdrive.fr/image.ashx?id=2845461&use=l&cat=p&typeid=i","cat":284416},{"id":19155,"n":"Farine de blé Bio Francine 1kg","p":1.89,"u":"1,89 €/KG","img":"https://fd1-photos.leclercdrive.fr/image.ashx?id=2989117&use=l&cat=p&typeid=i","cat":284503},{"id":19199,"n":"Pain de mie La Boulangère à la  Farine complète Bio - 500g","p":1.97,"u":"3,94 €/KG","img":"https://fd1-photos.leclercdrive.fr/image.ashx?id=2912386&use=l&cat=p&typeid=i","cat":284477},{"id":19202,"n":"Galettes bio Bio Village 4 céréales x17 - 130g","p":0.99,"u":"7,62 €/KG","img":"https://fd1-photos.leclercdrive.fr/image.ashx?id=2816154&use=l&cat=p&typeid=i","cat":318651},{"id":19208,"n":"Biscuits nappés Bio Village Chocolat noir Bio 200g","p":2.62,"u":"13,10 €/KG","img":"https://fd1-photos.leclercdrive.fr/image.ashx?id=1937510&use=l&cat=p&typeid=i","cat":284488},{"id":19210,"n":"Flageolets Préparés Cassegrain Extra Fins 265g","p":1.61,"u":"6,08 €/KG","img":"https://fd1-photos.leclercdrive.fr/image.ashx?id=2983084&use=l&cat=p&typeid=i","cat":312606},{"id":19211,"n":"Lentilles Préparées Cassegrain Tendres et Fondants 265g","p":1.65,"u":"6,23 €/KG","img":"https://fd1-photos.leclercdrive.fr/image.ashx?id=2952460&use=l&cat=p&typeid=i","cat":312609},{"id":19231,"n":"Petit Pois Cassegrain Tendres et Fondants 140g","p":1.3,"u":"9,29 €/KG","img":"https://fd1-photos.leclercdrive.fr/image.ashx?id=2912974&use=l&cat=p&typeid=i","cat":312607},{"id":19232,"n":"Printanière Cassegrain Carotte, Petit Pois, Champignon - 265g","p":1.98,"u":"7,47 €/KG","img":"https://fd1-photos.leclercdrive.fr/image.ashx?id=2913001&use=l&cat=p&typeid=i","cat":312612},{"id":19239,"n":"Fruits au sirop St Mamet Pêches - 475g","p":2.94,"u":"6,19 €/KG","img":"https://fd1-photos.leclercdrive.fr/image.ashx?id=2630217&use=l&cat=p&typeid=i","cat":284507},{"id":19240,"n":"Fruits au sirop St Mamet Poires Williams - 465g","p":3.18,"u":"6,84 €/KG","img":"https://fd1-photos.leclercdrive.fr/image.ashx?id=2630223&use=l&cat=p&typeid=i","cat":284507},{"id":19255,"n":"Croquettes chat Purina One Light Adulte -Poulet/Blé -1,5kg","p":7.15,"u":"4,77 €/KG","img":"https://fd1-photos.leclercdrive.fr/image.ashx?id=2432010&use=l&cat=p&typeid=i","cat":284680},{"id":19256,"n":"Croquettes chat Purina One Adulte d'intérieur-Dinde -1,5kg","p":6.95,"u":"4,63 €/KG","img":"https://fd1-photos.leclercdrive.fr/image.ashx?id=2902271&use=l&cat=p&typeid=i","cat":284680},{"id":19257,"n":"Croquettes chat Purina One Sensible Adulte-Dinde/Riz-450g","p":2.62,"u":"5,82 €/KG","img":"https://fd1-photos.leclercdrive.fr/image.ashx?id=2459658&use=l&cat=p&typeid=i","cat":284680},{"id":19262,"n":"Thon Saupiquet Mayonnaise - 2x135g","p":2.09,"u":"7,74 €/KG","img":"https://fd1-photos.leclercdrive.fr/image.ashx?id=2681017&use=l&cat=p&typeid=i","cat":303867},{"id":19263,"n":"Filets de maquereaux Saupiquet A la moutarde - 169g","p":2.0,"u":"11,83 €/KG","img":"https://fd1-photos.leclercdrive.fr/image.ashx?id=2829961&use=l&cat=p&typeid=i","cat":303868},{"id":19279,"n":"Sucre de canne Daddy En morceaux - 1kg","p":2.09,"u":"2,09 €/KG","img":"https://fd1-photos.leclercdrive.fr/image.ashx?id=2908576&use=l&cat=p&typeid=i","cat":284502},{"id":19285,"n":"Sauce crudités Rustica Fines herbes - 50cl","p":0.88,"u":"1,76 €/L","img":"https://fd1-photos.leclercdrive.fr/image.ashx?id=1972916&use=l&cat=p&typeid=i","cat":284456},{"id":19293,"n":"Lait céréales bébé Blédiner 12m Carotte pois soir - 2x250ml","p":1.75,"u":"3,50 €/L","img":"https://fd1-photos.leclercdrive.fr/image.ashx?id=2949856&use=l&cat=p&typeid=i","cat":312239},{"id":19296,"n":"Gressins Tokapi Sésame - 125g","p":1.17,"u":"9,36 €/KG","img":"https://fd1-photos.leclercdrive.fr/image.ashx?id=1993574&use=l&cat=p&typeid=i","cat":297000},{"id":19297,"n":"Lait céréales bébé Blédiner 6m Potiron soir - 2x250ml","p":1.81,"u":"3,62 €/L","img":"https://fd1-photos.leclercdrive.fr/image.ashx?id=2960141&use=l&cat=p&typeid=i","cat":312239},{"id":19298,"n":"Gressins Tokapi  Huile d'olive romarin - 125g","p":1.41,"u":"11,28 €/KG","img":"https://fd1-photos.leclercdrive.fr/image.ashx?id=1993577&use=l&cat=p&typeid=i","cat":297000},{"id":19301,"n":"Céréales Tipiak Méditerranéennes 2x200g","p":1.75,"u":"4,38 €/KG","img":"https://fd1-photos.leclercdrive.fr/image.ashx?id=2766253&use=l&cat=p&typeid=i","cat":284429},{"id":19304,"n":"Mini farfalle Turini 500g","p":1.26,"u":"2,52 €/KG","img":"https://fd1-photos.leclercdrive.fr/image.ashx?id=2607494&use=l&cat=p&typeid=i","cat":284427},{"id":19305,"n":"Pâtes Spaghetti Panzani 3 Minutes - 500G","p":1.15,"u":"2,30 €/KG","img":"https://fd1-photos.leclercdrive.fr/image.ashx?id=3008035&use=l&cat=p&typeid=i","cat":284427},{"id":19308,"n":"Epices pour guacamole Old el paso - 20g","p":1.12,"u":"56,00 €/KG","img":"https://fd1-photos.leclercdrive.fr/image.ashx?id=2858168&use=l&cat=p&typeid=i","cat":288993},{"id":19313,"n":"Tartelettes Bonne Maman A la framboise étui 135g","p":1.37,"u":"10,15 €/KG","img":"https://fd1-photos.leclercdrive.fr/image.ashx?id=2984383&use=l&cat=p&typeid=i","cat":284489},{"id":19338,"n":"IGP Côtes de Gascogne blanc sec Florenbelle - 10,5% vol 75 cl","p":4.29,"pp":2.83,"u":"3,77 €/L","img":"https://fd1-photos.leclercdrive.fr/image.ashx?id=2848178&use=l&cat=p&typeid=i","cat":289557},{"id":19347,"n":"Allume-feu Silex liquide 1L","p":3.99,"u":"3,99 €/L","img":"https://fd1-photos.leclercdrive.fr/image.ashx?id=2779193&use=l&cat=p&typeid=i","cat":300578},{"id":19353,"n":"Mao Croqui Haribo Sachet bonbons - 250g","p":1.38,"u":"5,52 €/KG","img":"https://fd1-photos.leclercdrive.fr/image.ashx?id=2805192&use=l&cat=p&typeid=i","cat":304250},{"id":19356,"n":"Infusion bio Jardin Bio Thym Menthe - x20 sachets - 30g","p":1.79,"u":"59,67 €/KG","img":"https://fd1-photos.leclercdrive.fr/image.ashx?id=2792654&use=l&cat=p&typeid=i","cat":293234},{"id":19364,"n":"Madeleines extra Ker Cadélac Coquilles moelleuses x24 - 600g","p":3.12,"u":"5,20 €/KG","img":"https://fd1-photos.leclercdrive.fr/image.ashx?id=2939511&use=l&cat=p&typeid=i","cat":284492},{"id":19366,"n":"Barres céréales Grany Chocolat - 125g","p":1.77,"u":"14,16 €/KG","img":"https://fd1-photos.leclercdrive.fr/image.ashx?id=2773613&use=l&cat=p&typeid=i","cat":285869},{"id":19367,"n":"Chocolat au lait Alter Eco  fondant Bio - 100g","p":2.47,"u":"24,70 €/KG","img":"https://fd1-photos.leclercdrive.fr/image.ashx?id=2912353&use=l&cat=p&typeid=i","cat":284497},{"id":19386,"n":"Méli mélo céréales lég Tipiak 330g","p":2.03,"u":"6,15 €/KG","img":"https://fd1-photos.leclercdrive.fr/image.ashx?id=2563715&use=l&cat=p&typeid=i","cat":284429},{"id":19400,"n":"Chocolat au lait Lindt Création Irish Coffee - 150g","p":3.09,"u":"20,60 €/KG","img":"https://fd1-photos.leclercdrive.fr/image.ashx?id=2462921&use=l&cat=p&typeid=i","cat":284497},{"id":19407,"n":"Tablette chocolat Milka Chocolat lait/daim - 2x100g","p":3.06,"u":"15,30 €/KG","img":"https://fd1-photos.leclercdrive.fr/image.ashx?id=3009149&use=l&cat=p&typeid=i","cat":284497},{"id":19408,"n":"Soupe Velouté Bio Village Bio Légumes verts - 1L","p":2.42,"u":"2,42 €/L","img":"https://fd1-photos.leclercdrive.fr/image.ashx?id=2352237&use=l&cat=p&typeid=i","cat":284462},{"id":19416,"n":"Dessert fruitier Andros Pomme allégé 730g","p":1.26,"u":"1,73 €/KG","img":"https://fd1-photos.leclercdrive.fr/image.ashx?id=2369930&use=l&cat=p&typeid=i","cat":284508},{"id":19418,"n":"Pâtes serpentini Turini 500g","p":0.84,"u":"1,68 €/KG","img":"https://fd1-photos.leclercdrive.fr/image.ashx?id=2744231&use=l&cat=p&typeid=i","cat":284427},{"id":19420,"n":"Pâtes Torsades Turini Nature tomate épinard - 500g","p":1.1,"u":"2,20 €/KG","img":"https://fd1-photos.leclercdrive.fr/image.ashx?id=2607485&use=l&cat=p&typeid=i","cat":284427},{"id":19424,"n":"Spaghetti Turini Au blé complet - 500g","p":0.95,"u":"1,90 €/KG","img":"https://fd1-photos.leclercdrive.fr/image.ashx?id=2607497&use=l&cat=p&typeid=i","cat":284427},{"id":19426,"n":"Gâteaux L'Ourson Lulu LU Chocolat - 150g","p":1.3,"u":"8,67 €/KG","img":"https://fd1-photos.leclercdrive.fr/image.ashx?id=3014425&use=l&cat=p&typeid=i","cat":284495},{"id":19427,"n":"Pâtes penne Turini Blé complet - 500g","p":1.0,"u":"2,00 €/KG","img":"https://fd1-photos.leclercdrive.fr/image.ashx?id=2607500&use=l&cat=p&typeid=i","cat":284427},{"id":19435,"n":"Barres de céréales Special K Kellogg's Chocolat lait - 6x20g","p":2.11,"u":"17,58 €/KG","img":"https://fd1-photos.leclercdrive.fr/image.ashx?id=2306366&use=l&cat=p&typeid=i","cat":285869},{"id":19455,"n":"Confiture bio Jardin Bio Allégée framboises - 320g","p":2.94,"u":"9,19 €/KG","img":"https://fd1-photos.leclercdrive.fr/image.ashx?id=2537580&use=l&cat=p&typeid=i","cat":284480},{"id":19463,"n":"Sticks dentaires Lydog Moyen chien - x7 - 180g","p":1.39,"u":"7,72 €/KG","img":"https://fd1-photos.leclercdrive.fr/image.ashx?id=1878598&use=l&cat=p&typeid=i","cat":294527},{"id":19471,"n":"Mélange Le Sélect Vico Graines variées - 100g","p":2.09,"u":"20,90 €/KG","img":"https://fd1-photos.leclercdrive.fr/image.ashx?id=2569839&use=l&cat=p&typeid=i","cat":284448},{"id":19478,"n":"Gobelets Homeside Biodégradables 25cl x12","p":2.0,"u":"0,17 €/P","img":"https://fd1-photos.leclercdrive.fr/image.ashx?id=1659690&use=l&cat=p&typeid=i","cat":334134},{"id":19487,"n":"Cassoulet Toulousain   Raynal Et Roquelaure - 840g","p":3.96,"u":"4,71 €/KG","img":"https://fd1-photos.leclercdrive.fr/image.ashx?id=2928387&use=l&cat=p&typeid=i","cat":284440},{"id":19491,"n":"Couscous tunisien Côté Table Kefta merguez - 300g","p":2.19,"u":"7,30 €/KG","img":"https://fd1-photos.leclercdrive.fr/image.ashx?id=2900097&use=l&cat=p&typeid=i","cat":284953},{"id":19493,"n":"Colin d'alaska Côté Table Barquette micro-ondable 300g","p":1.99,"u":"6,63 €/KG","img":"https://fd1-photos.leclercdrive.fr/image.ashx?id=2770311&use=l&cat=p&typeid=i","cat":284953},{"id":19535,"n":"Stick lèvres Inell Nourrissant - 2 pièces","p":1.99,"u":"1,00 €/P","img":"https://fd1-photos.leclercdrive.fr/image.ashx?id=2841622&use=l&cat=p&typeid=i","cat":285485},{"id":19542,"n":"Filets de saumon rose Findus Pacifique - MSC - x4 - 400g","p":10.49,"u":"26,23 €/KG","img":"https://fd1-photos.leclercdrive.fr/image.ashx?id=2735326&use=l&cat=p&typeid=i","cat":319786},{"id":19575,"n":"Lait démaquillant Inell Douceur 250ml","p":1.59,"u":"6,36 €/L","img":"https://fd1-photos.leclercdrive.fr/image.ashx?id=2691622&use=l&cat=p&typeid=i","cat":284603},{"id":19585,"n":"Galettes Créperie Guerlédan Pur blé noir breton x6  - 400g","p":3.83,"u":"9,58 €/KG","img":"https://fd1-photos.leclercdrive.fr/image.ashx?id=2043999&use=l&cat=p&typeid=i","cat":333672},{"id":19601,"n":"Gâteaux marbrés P'tit Déli x14 378g","p":2.97,"u":"7,86 €/KG","img":"https://fd1-photos.leclercdrive.fr/image.ashx?id=1947363&use=l&cat=p&typeid=i","cat":284495},{"id":19604,"n":"Gâteaux P'tit Déli A base de yaourt x7 - 189g","p":1.88,"u":"9,95 €/KG","img":"https://fd1-photos.leclercdrive.fr/image.ashx?id=2059086&use=l&cat=p&typeid=i","cat":294776},{"id":19609,"n":"Tuiles Tokapi Fromage - 170g","p":1.39,"u":"8,18 €/KG","img":"https://fd1-photos.leclercdrive.fr/image.ashx?id=2647426&use=l&cat=p&typeid=i","cat":287899},{"id":19610,"n":"Brie 60%mg - 200g","p":2.15,"u":"10,75 €/KG","img":"https://fd1-photos.leclercdrive.fr/image.ashx?id=601027&use=l&cat=p&typeid=i","cat":314033},{"id":19611,"n":"Soupe Velouté Régal Soupe Tomates - 2x30cl","p":1.49,"u":"2,48 €/L","img":"https://fd1-photos.leclercdrive.fr/image.ashx?id=2819271&use=l&cat=p&typeid=i","cat":284462},{"id":19613,"n":"Fromage Cantal Jeune 200g","p":3.45,"u":"17,25 €/KG","img":"https://fd1-photos.leclercdrive.fr/image.ashx?id=601031&use=l&cat=p&typeid=i","cat":314034},{"id":19619,"n":"Fromage de chèvre bûche 150g","p":2.4,"u":"16,00 €/KG","img":"https://fd1-photos.leclercdrive.fr/image.ashx?id=601037&use=l&cat=p&typeid=i","cat":314031},{"id":19625,"n":"Mini goûters P'tit Déli Fraise 168g","p":1.13,"u":"6,73 €/KG","img":"https://fd1-photos.leclercdrive.fr/image.ashx?id=2310498&use=l&cat=p&typeid=i","cat":284489},{"id":19627,"n":"Morbier AOP 200g","p":4.45,"u":"22,25 €/KG","img":"https://fd1-photos.leclercdrive.fr/image.ashx?id=601047&use=l&cat=p&typeid=i","cat":329184},{"id":19634,"n":"Tomme de Savoie 200g","p":3.0,"u":"15,00 €/KG","img":"https://fd1-photos.leclercdrive.fr/image.ashx?id=601054&use=l&cat=p&typeid=i","cat":329184},{"id":19635,"n":"Soufflés Tornades Tokapi Bacon - 85g","p":0.68,"u":"8,00 €/KG","img":"https://fd1-photos.leclercdrive.fr/image.ashx?id=1855966&use=l&cat=p&typeid=i","cat":284449},{"id":19636,"n":"Fromage Tomme noire pyrennees 200g","p":2.3,"u":"11,50 €/KG","img":"https://fd1-photos.leclercdrive.fr/image.ashx?id=1966802&use=l&cat=p&typeid=i","cat":329184},{"id":19641,"n":"AOP Saint Nectaire fermier 200g","p":4.99,"u":"24,95 €/KG","img":"https://fd1-photos.leclercdrive.fr/image.ashx?id=1941629&use=l&cat=p&typeid=i","cat":329184},{"id":19645,"n":"Mini-crêpes fourrées Tokapi Cheddar - 65g","p":1.99,"u":"30,62 €/KG","img":"https://fd1-photos.leclercdrive.fr/image.ashx?id=2853889&use=l&cat=p&typeid=i","cat":297000},{"id":19660,"n":"Cordons bleus Pic'Express Au poulet 4x100g","p":3.47,"u":"8,68 €/KG","img":"https://fd1-photos.leclercdrive.fr/image.ashx?id=2852949&use=l&cat=p&typeid=i","cat":319780},{"id":19684,"n":"tofu nature bio bjorg  - 2x200g","p":2.52,"u":"6,30 €/KG","img":"https://fd1-photos.leclercdrive.fr/image.ashx?id=2907979&use=l&cat=p&typeid=i","cat":284953},{"id":19699,"n":"Sucre pure canne blond Beghin Say - 1kg","p":2.99,"u":"2,99 €/KG","img":"https://fd1-photos.leclercdrive.fr/image.ashx?id=2977321&use=l&cat=p&typeid=i","cat":284502},{"id":19701,"n":"Salade Piémontaise Petit Navire Au thon - 220g","p":1.97,"u":"8,95 €/KG","img":"https://fd1-photos.leclercdrive.fr/image.ashx?id=2829655&use=l&cat=p&typeid=i","cat":284437},{"id":19702,"n":"Sucre en poudre Béghin Say 750g","p":1.74,"u":"2,32 €/KG","img":"https://fd1-photos.leclercdrive.fr/image.ashx?id=2866352&use=l&cat=p&typeid=i","cat":284502},{"id":19719,"n":"Yaourts Lait entier Bio Village Bio Vanille - 4x125g","p":1.27,"u":"2,54 €/KG","img":"https://fd1-photos.leclercdrive.fr/image.ashx?id=2702336&use=l&cat=p&typeid=i","cat":286006},{"id":19723,"n":"Sacs congélation zip Elembal Grand x15","p":1.8,"u":"0,12 €/P","img":"https://fd1-photos.leclercdrive.fr/image.ashx?id=2751889&use=l&cat=p&typeid=i","cat":334134},{"id":19729,"n":"Biscuit P'tit Déli Palmiers Chocolat au lait 110g","p":1.25,"u":"11,36 €/KG","img":"https://fd1-photos.leclercdrive.fr/image.ashx?id=2573403&use=l&cat=p&typeid=i","cat":284488},{"id":19743,"n":"Déodorant atomiseur Carré Homme Musc 200ml","p":1.35,"u":"6,75 €/L","img":"https://fd1-photos.leclercdrive.fr/image.ashx?id=2375998&use=l&cat=p&typeid=i","cat":284618},{"id":19744,"n":"Déodorant atomiseur Carré Homme Marine 200ml","p":1.35,"u":"6,75 €/L","img":"https://fd1-photos.leclercdrive.fr/image.ashx?id=2390707&use=l&cat=p&typeid=i","cat":284618},{"id":19750,"n":"Cotons Duo Démaquillants Inell Duo carré - Disques x50","p":1.24,"u":"0,02 €/P","img":"https://fd1-photos.leclercdrive.fr/image.ashx?id=1709937&use=l&cat=p&typeid=i","cat":285593},{"id":19758,"n":"Essuie-tout Bobine Uni Vert Compact - 500 feuilles x1","p":4.5,"img":"https://fd1-photos.leclercdrive.fr/image.ashx?id=2684826&use=l&cat=p&typeid=i","cat":284635},{"id":19788,"n":"Stick lèvres Inell Hydratant - 2 pièces","p":1.5,"u":"0,75 €/P","img":"https://fd1-photos.leclercdrive.fr/image.ashx?id=2776042&use=l&cat=p&typeid=i","cat":285485},{"id":19796,"n":"Papier aluminium Elembal 30m","p":2.76,"img":"https://fd1-photos.leclercdrive.fr/image.ashx?id=2940905&use=l&cat=p&typeid=i","cat":334134},{"id":19798,"n":"Dissolvant doux Inell Sans acétone - 150ml","p":1.42,"u":"9,47 €/L","img":"https://fd1-photos.leclercdrive.fr/image.ashx?id=2691640&use=l&cat=p&typeid=i","cat":325347},{"id":19814,"n":"Piles alcalines Foxter AA/LR6 1,5V - x8","p":1.69,"u":"0,21 €/P","img":"https://fd1-photos.leclercdrive.fr/image.ashx?id=2162174&use=l&cat=p&typeid=i","cat":300572},{"id":19815,"n":"Piles alcalines Foxter AAA/LR3 1,5V - x8","p":1.69,"img":"https://fd1-photos.leclercdrive.fr/image.ashx?id=2162153&use=l&cat=p&typeid=i","cat":300572},{"id":19856,"n":"Pâtes Barilla Coquillettes - 1kg","p":1.8,"u":"1,80 €/KG","img":"https://fd1-photos.leclercdrive.fr/image.ashx?id=2392230&use=l&cat=p&typeid=i","cat":284427},{"id":19868,"n":"Gâteau de riz Délisse 500g","p":1.79,"u":"3,58 €/KG","img":"https://fd1-photos.leclercdrive.fr/image.ashx?id=2938415&use=l&cat=p&typeid=i","cat":284418},{"id":19877,"n":"Mozzarella Spécial Cuisine Les Croisés - 400g","p":2.94,"u":"7,35 €/KG","img":"https://fd1-photos.leclercdrive.fr/image.ashx?id=2992531&use=l&cat=p&typeid=i","cat":314026},{"id":19881,"n":"Dés Salakis herbes de Provence Fromage brebis - 300g","p":3.33,"u":"11,10 €/KG","img":"https://fd1-photos.leclercdrive.fr/image.ashx?id=2729686&use=l&cat=p&typeid=i","cat":314026},{"id":19906,"n":"Yaourts brassés aux fruits Bio Bio village - 12x125g","p":4.49,"u":"2,99 €/KG","img":"https://fd1-photos.leclercdrive.fr/image.ashx?id=2841971&use=l&cat=p&typeid=i","cat":284410},{"id":19909,"n":"Yaourts Lait entier Bio Village Bio Vanille - 12x125g","p":3.27,"u":"2,18 €/KG","img":"https://fd1-photos.leclercdrive.fr/image.ashx?id=2032376&use=l&cat=p&typeid=i","cat":286006},{"id":19913,"n":"Mousse liégeoise Viennois  Chocolat - 4x90g","p":1.64,"u":"4,56 €/KG","img":"https://fd1-photos.leclercdrive.fr/image.ashx?id=2785172&use=l&cat=p&typeid=i","cat":285042},{"id":19924,"n":"Dessert fruitier pomme Bio Bio village - 4x100g","p":1.73,"u":"4,33 €/KG","img":"https://fd1-photos.leclercdrive.fr/image.ashx?id=2462427&use=l&cat=p&typeid=i","cat":284416},{"id":19933,"n":"Pizza Crousti-moelleuse Marie Royale - 3x400g","p":6.89,"u":"5,74 €/KG","img":"https://fd1-photos.leclercdrive.fr/image.ashx?id=2996800&use=l&cat=p&typeid=i","cat":284256},{"id":19941,"n":"Pur jus d'orange Jafaden Avec pulpe - 1L","p":2.45,"u":"2,45 €/L","img":"https://fd1-photos.leclercdrive.fr/image.ashx?id=2916674&use=l&cat=p&typeid=i","cat":285435},{"id":19948,"n":"fromage blanc sous mousse gervita fraise melba - 4x100g","p":2.12,"u":"5,30 €/KG","img":"https://fd1-photos.leclercdrive.fr/image.ashx?id=2103400&use=l&cat=p&typeid=i","cat":284409},{"id":19960,"n":"Purée carottes Notre Jardin Nature 750g","p":2.43,"u":"3,24 €/KG","img":"https://fd1-photos.leclercdrive.fr/image.ashx?id=2856166&use=l&cat=p&typeid=i","cat":319805},{"id":19991,"n":"Fromage frais Délisse Fruits panachés - 6x100g","p":2.56,"u":"4,27 €/KG","img":"https://fd1-photos.leclercdrive.fr/image.ashx?id=2913669&use=l&cat=p&typeid=i","cat":284414},{"id":20008,"n":"Compote Andros Pomme nature - 12x100g","p":2.79,"u":"2,33 €/KG","img":"https://fd1-photos.leclercdrive.fr/image.ashx?id=2989114&use=l&cat=p&typeid=i","cat":284416},{"id":20010,"n":"Yaourts lait entier nature Bio  Bio village - 12x125g","p":2.46,"u":"1,64 €/KG","img":"https://fd1-photos.leclercdrive.fr/image.ashx?id=2841962&use=l&cat=p&typeid=i","cat":284409},{"id":20013,"n":"Compote Charles & Alice Pommes Abricots - 4x100g","p":1.37,"u":"3,43 €/KG","img":"https://fd1-photos.leclercdrive.fr/image.ashx?id=2757350&use=l&cat=p&typeid=i","cat":284416},{"id":20024,"n":"Camembert J.Gillot noir AOP 45%mg - 250g","p":3.83,"u":"15,32 €/KG","img":"https://fd1-photos.leclercdrive.fr/image.ashx?id=2914504&use=l&cat=p&typeid=i","cat":314033},{"id":20038,"n":"Crème aux œufs La Laitière lit de caramel - 4x100g","p":1.85,"u":"4,63 €/KG","img":"https://fd1-photos.leclercdrive.fr/image.ashx?id=2744593&use=l&cat=p&typeid=i","cat":284419},{"id":20050,"n":"Bière belge Duvel 8,5%vol. - 33cl","p":1.79,"u":"5,42 €/L","img":"https://fd1-photos.leclercdrive.fr/image.ashx?id=2389304&use=l&cat=p&typeid=i","cat":334872},{"id":20052,"n":"Spiritueux Kirsch Sylvain 18%vol sous blister 20cl","p":2.46,"u":"12,30 €/L","img":"https://fd1-photos.leclercdrive.fr/image.ashx?id=2962239&use=l&cat=p&typeid=i","cat":286032},{"id":20056,"n":"Calvados Busnel 40%vol - sous blister - 20cl","p":4.47,"u":"22,35 €/L","img":"https://fd1-photos.leclercdrive.fr/image.ashx?id=2955158&use=l&cat=p&typeid=i","cat":286032},{"id":20058,"n":"Madère Cruz 17%vol sous blister 20cl","p":2.96,"u":"14,80 €/L","img":"https://fd1-photos.leclercdrive.fr/image.ashx?id=2484044&use=l&cat=p&typeid=i","cat":284913},{"id":20060,"n":"Biscuits Gouda Delacre Canasta  Fourrés fromage - 75g","p":1.55,"u":"20,67 €/KG","img":"https://fd1-photos.leclercdrive.fr/image.ashx?id=2661841&use=l&cat=p&typeid=i","cat":297000},{"id":20075,"n":"Corned beef Hereford 340g","p":3.36,"u":"9,88 €/KG","img":"https://fd1-photos.leclercdrive.fr/image.ashx?id=2896946&use=l&cat=p&typeid=i","cat":305149},{"id":20085,"n":"Bière bleue Chimay Brune - 9%vol. - 33cl","p":1.69,"u":"5,12 €/L","img":"https://fd1-photos.leclercdrive.fr/image.ashx?id=1758849&use=l&cat=p&typeid=i","cat":334872},{"id":20086,"n":"Bière brune Chimay Rouge - 7%vol. - 33cl","p":1.55,"u":"4,70 €/L","img":"https://fd1-photos.leclercdrive.fr/image.ashx?id=1758843&use=l&cat=p&typeid=i","cat":334872},{"id":20099,"n":"Boules Démanquillantes Inell x100","p":1.4,"u":"0,01 €/P","img":"https://fd1-photos.leclercdrive.fr/image.ashx?id=2558802&use=l&cat=p&typeid=i","cat":285593},{"id":20109,"n":"Whisky Bourbon John Davon's 40%vol. - 70cl","p":13.15,"u":"18,79 €/L","img":"https://fd1-photos.leclercdrive.fr/image.ashx?id=2907177&use=l&cat=p&typeid=i","cat":284547},{"id":20110,"n":"Jus d'orange Jafaden A base de concentré  - 6x1L","p":10.56,"u":"1,76 €/L","img":"https://fd1-photos.leclercdrive.fr/image.ashx?id=2842486&use=l&cat=p&typeid=i","cat":284521},{"id":20138,"n":"Chips Pom'Lisse Nature - 200g","p":1.19,"u":"5,95 €/KG","img":"https://fd1-photos.leclercdrive.fr/image.ashx?id=2494148&use=l&cat=p&typeid=i","cat":284447},{"id":20172,"n":"Petits pots bébé P'TIT SOUPER Aubergine pâtes 8M+ - 2x200g","p":2.01,"u":"5,03 €/KG","img":"https://fd1-photos.leclercdrive.fr/image.ashx?id=2526511&use=l&cat=p&typeid=i","cat":312239},{"id":20175,"n":"Petits pots bébé P'TIT SOUPER  7 légumes 8M+ - 2x200g","p":1.68,"u":"4,20 €/KG","img":"https://fd1-photos.leclercdrive.fr/image.ashx?id=2526508&use=l&cat=p&typeid=i","cat":312239},{"id":20180,"n":"Crème Fraîche Elle&Vire Epaisse Légère - 12% MG - 33cl","p":1.66,"u":"5,03 €/L","img":"https://fd1-photos.leclercdrive.fr/image.ashx?id=2871949&use=l&cat=p&typeid=i","cat":284381},{"id":20183,"n":"Emmental français Entremont 45%mg - 250g","p":2.79,"u":"11,16 €/KG","img":"https://fd1-photos.leclercdrive.fr/image.ashx?id=2983138&use=l&cat=p&typeid=i","cat":314034},{"id":20218,"n":"Mozzarella vache Casa Azzurra Boule - 125g","p":0.99,"u":"7,92 €/KG","img":"https://fd1-photos.leclercdrive.fr/image.ashx?id=2904302&use=l&cat=p&typeid=i","cat":314026},{"id":20221,"n":"Mascarpone Casa Azzurra 250g","p":2.29,"u":"9,16 €/KG","img":"https://fd1-photos.leclercdrive.fr/image.ashx?id=2290266&use=l&cat=p&typeid=i","cat":314026},{"id":20222,"n":"Ricotta Casa Azzurra 250g","p":1.49,"u":"5,96 €/KG","img":"https://fd1-photos.leclercdrive.fr/image.ashx?id=1849630&use=l&cat=p&typeid=i","cat":314026},{"id":20228,"n":"Crème aux oeufs Délisse Lit caramel - 4x100g","p":1.59,"u":"3,98 €/KG","img":"https://fd1-photos.leclercdrive.fr/image.ashx?id=2970616&use=l&cat=p&typeid=i","cat":284419},{"id":20239,"n":"Gâteaux fourrés P'tit Déli Chocolat x7 - 189g","p":2.18,"u":"11,53 €/KG","img":"https://fd1-photos.leclercdrive.fr/image.ashx?id=2554517&use=l&cat=p&typeid=i","cat":284495},{"id":20244,"n":"Compotes Pom'Potes Gourdes BIO  Pomme Nature - 12x90g","p":5.77,"u":"5,34 €/KG","img":"https://fd1-photos.leclercdrive.fr/image.ashx?id=2901608&use=l&cat=p&typeid=i","cat":284508},{"id":20252,"n":"Persil plat Florette 11g","p":1.69,"u":"153,64 €/KG","img":"https://fd1-photos.leclercdrive.fr/image.ashx?id=2645831&use=l&cat=p&typeid=i","cat":293607},{"id":20258,"n":"Biscuit bio Céréal Bio  Chocolat Noir intense - 132g","p":1.47,"u":"11,14 €/KG","img":"https://fd1-photos.leclercdrive.fr/image.ashx?id=2574278&use=l&cat=p&typeid=i","cat":284487},{"id":20267,"n":"Compote bio Bio Village Coupelle pomme poire - 4x100g","p":2.29,"u":"5,73 €/KG","img":"https://fd1-photos.leclercdrive.fr/image.ashx?id=2442710&use=l&cat=p&typeid=i","cat":284508},{"id":20288,"n":"Soufflés Snack's Tokapi Cacahuète - 55g","p":0.39,"u":"7,09 €/KG","img":"https://fd1-photos.leclercdrive.fr/image.ashx?id=2844517&use=l&cat=p&typeid=i","cat":284449},{"id":20291,"n":"Déodorant bille Manava Vanille 50ml","p":1.29,"u":"25,80 €/L","img":"https://fd1-photos.leclercdrive.fr/image.ashx?id=2481213&use=l&cat=p&typeid=i","cat":284595},{"id":20292,"n":"Déodorant bille Manava Anti traces 50ml","p":0.69,"u":"13,80 €/L","img":"https://fd1-photos.leclercdrive.fr/image.ashx?id=2481216&use=l&cat=p&typeid=i","cat":284595},{"id":20299,"n":"AOC Saint Mont rouge  Marquis de Seillan - 75cl","p":4.99,"pp":3.29,"u":"4,39 €/L","img":"https://fd1-photos.leclercdrive.fr/image.ashx?id=2753982&use=l&cat=p&typeid=i","cat":289556},{"id":20300,"n":"Tarte Tomates Chèvre Courgette Côté Table - 400g","p":2.83,"u":"7,08 €/KG","img":"https://fd1-photos.leclercdrive.fr/image.ashx?id=2791767&use=l&cat=p&typeid=i","cat":284257},{"id":20307,"n":"Crème glacée Bio Bio Village Vanille - Bac 450g","p":2.85,"u":"6,33 €/KG","img":"https://fd1-photos.leclercdrive.fr/image.ashx?id=2902570&use=l&cat=p&typeid=i","cat":284263},{"id":20309,"n":"Jambon supérieur Tradilège -25% de sel - Découenné x4-160g","p":1.95,"u":"12,19 €/KG","img":"https://fd1-photos.leclercdrive.fr/image.ashx?id=2991518&use=l&cat=p&typeid=i","cat":316009},{"id":20375,"n":"Saucisson Justin Bridou Bâton de Berger Noisette - 250g","p":3.59,"u":"14,36 €/KG","img":"https://fd1-photos.leclercdrive.fr/image.ashx?id=2948054&use=l&cat=p&typeid=i","cat":316006},{"id":20376,"n":"Colin d'Alaska Marie Beurre citron thym - 400g","p":4.21,"u":"10,53 €/KG","img":"https://fd1-photos.leclercdrive.fr/image.ashx?id=2996809&use=l&cat=p&typeid=i","cat":319786},{"id":20380,"n":"Jambon cru 6 tranches Aoste sans conservateur - 165g","p":4.26,"u":"25,82 €/KG","img":"https://fd1-photos.leclercdrive.fr/image.ashx?id=2950285&use=l&cat=p&typeid=i","cat":316007},{"id":20397,"n":"Tagliatelles Weight Watchers Poulet champignons 300g","p":2.73,"u":"9,10 €/KG","img":"https://fd1-photos.leclercdrive.fr/image.ashx?id=2960759&use=l&cat=p&typeid=i","cat":333665},{"id":20408,"n":"Déodorant bille Carré homme Anti traces et transpirant 50ml","p":0.69,"u":"13,80 €/L","img":"https://fd1-photos.leclercdrive.fr/image.ashx?id=2596772&use=l&cat=p&typeid=i","cat":284618},{"id":20413,"n":"Petites gambas fettucine Marie Au pesto tomates confites 280g","p":2.61,"u":"9,32 €/KG","img":"https://fd1-photos.leclercdrive.fr/image.ashx?id=2921537&use=l&cat=p&typeid=i","cat":333665},{"id":20414,"n":"Essuie-tout blanc Mimosa Super absorbant - x2","p":2.75,"u":"1,38 €/P","img":"https://fd1-photos.leclercdrive.fr/image.ashx?id=2752619&use=l&cat=p&typeid=i","cat":284635},{"id":20447,"n":"Chips Pom'lisse Nature - 350g","p":1.89,"u":"5,40 €/KG","img":"https://fd1-photos.leclercdrive.fr/image.ashx?id=2498596&use=l&cat=p&typeid=i","cat":284447},{"id":20452,"n":"Paëlla Valenciana Fleury Michon 400g","p":2.9,"u":"7,25 €/KG","img":"https://fd1-photos.leclercdrive.fr/image.ashx?id=2656739&use=l&cat=p&typeid=i","cat":333665},{"id":20455,"n":"Taboulé à la menthe Bonduelle 300g","p":1.44,"u":"4,80 €/KG","img":"https://fd1-photos.leclercdrive.fr/image.ashx?id=2907893&use=l&cat=p&typeid=i","cat":333657},{"id":20465,"n":"Poulet et purée Fleury Michon courgettes et tomates - 300g","p":2.03,"u":"6,77 €/KG","img":"https://fd1-photos.leclercdrive.fr/image.ashx?id=3003284&use=l&cat=p&typeid=i","cat":333665},{"id":20468,"n":"Blanc de poulet Fleury Michon -25% de sel - x2 - 80g","p":1.29,"u":"16,13 €/KG","img":"https://fd1-photos.leclercdrive.fr/image.ashx?id=2885971&use=l&cat=p&typeid=i","cat":316010},{"id":20484,"n":"AOP Cabernet d'Anjou rosé Plessis-Duval - 75cl","p":4.56,"u":"6,08 €/L","img":"https://fd1-photos.leclercdrive.fr/image.ashx?id=2941035&use=l&cat=p&typeid=i","cat":289558},{"id":20493,"n":"Poêlée maraîchère Paysan Breton 1kg","p":3.21,"u":"3,21 €/KG","img":"https://fd1-photos.leclercdrive.fr/image.ashx?id=2882385&use=l&cat=p&typeid=i","cat":319823},{"id":20495,"n":"Boisson Jafaden Cranberry Light - 1L","p":1.59,"u":"1,59 €/L","img":"https://fd1-photos.leclercdrive.fr/image.ashx?id=2584014&use=l&cat=p&typeid=i","cat":284915},{"id":20501,"n":"Yaourts aux fruits Délisse Fruits Jaunes - 8x125g","p":2.29,"u":"2,29 €/KG","img":"https://fd1-photos.leclercdrive.fr/image.ashx?id=2533319&use=l&cat=p&typeid=i","cat":284410},{"id":20545,"n":"Haricots verts Bio Bio Village 600g","p":1.46,"u":"2,43 €/KG","img":"https://fd1-photos.leclercdrive.fr/image.ashx?id=2891812&use=l&cat=p&typeid=i","cat":319805},{"id":20605,"n":"Compote bio Bio Village Coupelle pomme - 4x100g","p":1.67,"u":"4,18 €/KG","img":"https://fd1-photos.leclercdrive.fr/image.ashx?id=2085275&use=l&cat=p&typeid=i","cat":284508},{"id":20612,"n":"Thon Pêche Océan A la catalane - 2x135g","p":1.87,"u":"6,93 €/KG","img":"https://fd1-photos.leclercdrive.fr/image.ashx?id=2941432&use=l&cat=p&typeid=i","cat":303867},{"id":20634,"n":"Lait céréales Blédidej 6 mois Vanille - 4x250ml","p":3.4,"u":"3,40 €/L","img":"https://fd1-photos.leclercdrive.fr/image.ashx?id=2921046&use=l&cat=p&typeid=i","cat":312226},{"id":20642,"n":"Gants de ménage Mamison Taille L - x1 paire","p":1.01,"img":"https://fd1-photos.leclercdrive.fr/image.ashx?id=2635682&use=l&cat=p&typeid=i","cat":284668},{"id":20648,"n":"Maquereaux Pêche Océan Moutarde à l'ancienne - 169g","p":1.66,"u":"9,82 €/KG","img":"https://fd1-photos.leclercdrive.fr/image.ashx?id=2515676&use=l&cat=p&typeid=i","cat":303868},{"id":20653,"n":"Lait démaquillant Inell Peaux normales et mixtes 250ml","p":1.89,"u":"7,56 €/L","img":"https://fd1-photos.leclercdrive.fr/image.ashx?id=2691619&use=l&cat=p&typeid=i","cat":284603},{"id":20665,"n":"Saucisson sec Bio Village bio 200g","p":4.55,"u":"22,75 €/KG","img":"https://fd1-photos.leclercdrive.fr/image.ashx?id=2330511&use=l&cat=p&typeid=i","cat":316006},{"id":20685,"n":"Purée 4 légumes Notre Jardin 750g","p":2.24,"u":"2,99 €/KG","img":"https://fd1-photos.leclercdrive.fr/image.ashx?id=2856160&use=l&cat=p&typeid=i","cat":319805},{"id":20686,"n":"Haricots plats Notre Jardin 1kg","p":1.79,"u":"1,79 €/KG","img":"https://fd1-photos.leclercdrive.fr/image.ashx?id=2431122&use=l&cat=p&typeid=i","cat":319805},{"id":20688,"n":"Tagliatelles carbonara Marie 330g","p":2.43,"u":"7,36 €/KG","img":"https://fd1-photos.leclercdrive.fr/image.ashx?id=2980920&use=l&cat=p&typeid=i","cat":333665},{"id":20692,"n":"Filet de saumon Fleury Michon purée de brocolis - 300g","p":3.16,"u":"10,53 €/KG","img":"https://fd1-photos.leclercdrive.fr/image.ashx?id=3003278&use=l&cat=p&typeid=i","cat":333665},{"id":20697,"n":"Sandwich Suédois Sodebo Jambon Cheddar 135g","p":1.64,"u":"12,15 €/KG","img":"https://fd1-photos.leclercdrive.fr/image.ashx?id=2912095&use=l&cat=p&typeid=i","cat":333658},{"id":20700,"n":"Macaroni sauce tomate Marie Boulettes de viande 280g","p":2.27,"u":"8,11 €/KG","img":"https://fd1-photos.leclercdrive.fr/image.ashx?id=2980968&use=l&cat=p&typeid=i","cat":333665},{"id":20705,"n":"Salade Notre Jardin Coeurs de laitue - 70g","p":0.89,"u":"12,71 €/KG","img":"https://fd1-photos.leclercdrive.fr/image.ashx?id=2720166&use=l&cat=p&typeid=i","cat":284353},{"id":20715,"n":"Betterave rouge Bio  Bio Village - 500g","p":1.25,"u":"2,50 €/KG","img":"https://fd1-photos.leclercdrive.fr/image.ashx?id=2888434&use=l&cat=p&typeid=i","cat":284352},{"id":20721,"n":"Epinards Bonduelle Feuilles préservées - 750g","p":1.85,"u":"2,47 €/KG","img":"https://fd1-photos.leclercdrive.fr/image.ashx?id=2910028&use=l&cat=p&typeid=i","cat":319805},{"id":20724,"n":"Cheeseburger Charal 6x140g - 840g","p":9.13,"u":"10,87 €/KG","img":"https://fd1-photos.leclercdrive.fr/image.ashx?id=2741952&use=l&cat=p&typeid=i","cat":319822},{"id":20726,"n":"Yaourts Malo Nature Bio - 4x125g","p":1.47,"u":"2,94 €/KG","img":"https://fd1-photos.leclercdrive.fr/image.ashx?id=2908630&use=l&cat=p&typeid=i","cat":284409},{"id":20727,"n":"Yaourts Malo Vanille Bio - 4x125g","p":1.77,"u":"3,54 €/KG","img":"https://fd1-photos.leclercdrive.fr/image.ashx?id=2908633&use=l&cat=p&typeid=i","cat":286006},{"id":20729,"n":"Yaourt sucré Malo 16x125g","p":3.5,"u":"1,75 €/KG","img":"https://fd1-photos.leclercdrive.fr/image.ashx?id=2684704&use=l&cat=p&typeid=i","cat":284409},{"id":20744,"n":"Philadelphia Nature - 150g","p":1.68,"u":"11,20 €/KG","img":"https://fd1-photos.leclercdrive.fr/image.ashx?id=1586142&use=l&cat=p&typeid=i","cat":314029},{"id":20753,"n":"Mouchoirs The Original Kleenex® Etuis mini x24","p":2.78,"u":"0,12 €/P","img":"https://fd1-photos.leclercdrive.fr/image.ashx?id=2840301&use=l&cat=p&typeid=i","cat":284638},{"id":20758,"n":"Riz cantonais Tables du Monde 900g","p":3.99,"u":"4,43 €/KG","img":"https://fd1-photos.leclercdrive.fr/image.ashx?id=2903953&use=l&cat=p&typeid=i","cat":284254},{"id":20773,"n":"Anneaux d'encornets Pêche Océan 500g","p":6.39,"u":"12,78 €/KG","img":"https://fd1-photos.leclercdrive.fr/image.ashx?id=3012391&use=l&cat=p&typeid=i","cat":319787},{"id":20786,"n":"Lait Bio demi-écrémé Grandlait Candia Bouteille - 4x50cl","p":4.53,"u":"2,27 €/L","img":"https://fd1-photos.leclercdrive.fr/image.ashx?id=2947039&use=l&cat=p&typeid=i","cat":284377},{"id":20792,"n":"Cire Institut Siliss Professionnelle - 400g","p":5.6,"u":"14,00 €/KG","img":"https://fd1-photos.leclercdrive.fr/image.ashx?id=2699684&use=l&cat=p&typeid=i","cat":325351},{"id":20818,"n":"Tomate cocktail en grappe Panier du Primeur - 500g","p":2.49,"u":"4,98 €/KG","img":"https://fd1-photos.leclercdrive.fr/image.ashx?id=2649897&use=l&cat=p&typeid=i","cat":284352},{"id":20819,"n":"Café moulu Coïc Matin breton - 250g","p":4.45,"pp":4.05,"u":"16,20 €/KG","img":"https://fd1-photos.leclercdrive.fr/image.ashx?id=2768198&use=l&cat=p&typeid=i","cat":284750},{"id":20820,"n":"Café Coïc Couleurs de Bretagne moulu 250g","p":4.45,"pp":4.05,"u":"16,20 €/KG","img":"https://fd1-photos.leclercdrive.fr/image.ashx?id=2471226&use=l&cat=p&typeid=i","cat":284750},{"id":20821,"n":"Café moulu Coïc Escale bretonne - 250g","p":4.45,"pp":4.05,"u":"16,20 €/KG","img":"https://fd1-photos.leclercdrive.fr/image.ashx?id=2471229&use=l&cat=p&typeid=i","cat":284750},{"id":20824,"n":"Soda Breizh Cola sans sucre Bouteille - 6x33cl","p":3.0,"u":"1,52 €/L","img":"https://fd1-photos.leclercdrive.fr/image.ashx?id=1971659&use=l&cat=p&typeid=i","cat":284530},{"id":20826,"n":"Jus multivitaminé Plein Fruit 1L","p":1.99,"u":"1,99 €/L","img":"https://fd1-photos.leclercdrive.fr/image.ashx?id=2896237&use=l&cat=p&typeid=i","cat":284917},{"id":20828,"n":"AOP Côtes de Bourg rouge Château du Bousquet - 75cl","p":8.09,"u":"10,79 €/L","img":"https://fd1-photos.leclercdrive.fr/image.ashx?id=2313942&use=l&cat=p&typeid=i","cat":289556},{"id":20829,"n":"AOP Cabernet d'Anjou rosé Domaine des Forges - 75cl","p":4.75,"u":"6,33 €/L","img":"https://fd1-photos.leclercdrive.fr/image.ashx?id=2180115&use=l&cat=p&typeid=i","cat":289558},{"id":20832,"n":"AOP Faugères rouge Anne-Sophie Sauveplaine - 75cl","p":4.6,"u":"6,13 €/L","img":"https://fd1-photos.leclercdrive.fr/image.ashx?id=2432740&use=l&cat=p&typeid=i","cat":289556},{"id":20834,"n":"AOP Saumur Champigny rouge Charles de Villeneuve - 75cl","p":5.95,"pp":4.46,"u":"5,95 €/L","img":"https://fd1-photos.leclercdrive.fr/image.ashx?id=2859275&use=l&cat=p&typeid=i","cat":289556},{"id":20835,"n":"AOP Saumur blanc Charles de Villeneuve - 75cl","p":4.4,"pp":3.3,"u":"4,40 €/L","img":"https://fd1-photos.leclercdrive.fr/image.ashx?id=1612707&use=l&cat=p&typeid=i","cat":289557},{"id":20838,"n":"Fromage frais Malo Panaché de fruits - 8x100g","p":2.95,"pp":2.06,"u":"2,58 €/KG","img":"https://fd1-photos.leclercdrive.fr/image.ashx?id=2459270&use=l&cat=p&typeid=i","cat":284410},{"id":20840,"n":"Yaourts Mamie Nova Panaché de fruits - 6x150g","p":3.39,"u":"3,77 €/KG","img":"https://fd1-photos.leclercdrive.fr/image.ashx?id=2886954&use=l&cat=p&typeid=i","cat":284410},{"id":20842,"n":"Beurre La Motte d'Antan Le Gall Demi-sel - 80% MG - 250g","p":3.1,"u":"12,40 €/KG","img":"https://fd1-photos.leclercdrive.fr/image.ashx?id=2504488&use=l&cat=p&typeid=i","cat":284379},{"id":20858,"n":"Saucisses de Toulouse Férial x4 - 500g","p":4.16,"u":"8,32 €/KG","img":"https://fd1-photos.leclercdrive.fr/image.ashx?id=3004669&use=l&cat=p&typeid=i","cat":284334},{"id":20862,"n":"Sauce Provençale Turini 190g","p":0.59,"u":"3,11 €/KG","img":"https://fd1-photos.leclercdrive.fr/image.ashx?id=2386152&use=l&cat=p&typeid=i","cat":287599},{"id":20863,"n":"Allumettes de bacon Herta Fumées 200g","p":2.03,"u":"10,15 €/KG","img":"https://fd1-photos.leclercdrive.fr/image.ashx?id=2876242&use=l&cat=p&typeid=i","cat":316011},{"id":20880,"n":"Le Parmentier de saumon Maison Briau - 750g","p":6.99,"u":"9,32 €/KG","img":"https://fd1-photos.leclercdrive.fr/image.ashx?id=2850605&use=l&cat=p&typeid=i","cat":333666},{"id":20888,"n":"Sauce beurre citron La Sablaise 170g","p":1.99,"u":"11,71 €/KG","img":"https://fd1-photos.leclercdrive.fr/image.ashx?id=2622657&use=l&cat=p&typeid=i","cat":284382},{"id":20890,"n":"Sauce à l'oseille 170g","p":1.99,"u":"11,71 €/KG","img":"https://fd1-photos.leclercdrive.fr/image.ashx?id=2617948&use=l&cat=p&typeid=i","cat":284382},{"id":20986,"n":"Sauce Napolitaine Turini 190g","p":0.85,"u":"4,47 €/KG","img":"https://fd1-photos.leclercdrive.fr/image.ashx?id=2552430&use=l&cat=p&typeid=i","cat":287599},{"id":20987,"n":"Liqueur Litchi Soho 15%vol. - 70cl","p":8.5,"u":"12,14 €/L","img":"https://fd1-photos.leclercdrive.fr/image.ashx?id=2971927&use=l&cat=p&typeid=i","cat":286032},{"id":21017,"n":"Poisson Pané Findus  Colin d'Alaska - x10 - 510g","p":3.99,"u":"7,82 €/KG","img":"https://fd1-photos.leclercdrive.fr/image.ashx?id=2735332&use=l&cat=p&typeid=i","cat":319788},{"id":21027,"n":"Sauce bolognaise Turini 190g","p":0.85,"u":"4,47 €/KG","img":"https://fd1-photos.leclercdrive.fr/image.ashx?id=2634869&use=l&cat=p&typeid=i","cat":287599},{"id":21040,"n":"Whisky Monkey Shoulder 40%vol - 70cl","p":25.31,"u":"36,16 €/L","img":"https://fd1-photos.leclercdrive.fr/image.ashx?id=2917528&use=l&cat=p&typeid=i","cat":284547},{"id":21076,"n":"Bière coffret Excellence Britt 6.07%vol. - 6x33cl","p":8.49,"u":"4,29 €/L","img":"https://fd1-photos.leclercdrive.fr/image.ashx?id=2678044&use=l&cat=p&typeid=i","cat":334872},{"id":21077,"n":"Bière blonde La Goudale 7.2%vol. - 6x25cl","p":4.12,"u":"2,75 €/L","img":"https://fd1-photos.leclercdrive.fr/image.ashx?id=2789865&use=l&cat=p&typeid=i","cat":334852},{"id":21081,"n":"Bière blonde Rince Cochon 50cl","p":1.85,"u":"3,70 €/L","img":"https://fd1-photos.leclercdrive.fr/image.ashx?id=2021232&use=l&cat=p&typeid=i","cat":334853},{"id":21115,"n":"Lambrusco Rosato Vilaveroni 75cl","p":4.16,"u":"5,55 €/L","img":"https://fd1-photos.leclercdrive.fr/image.ashx?id=2333030&use=l&cat=p&typeid=i","cat":289558},{"id":21244,"n":"Pièges anti-fourmis Insectivor x2","p":3.34,"u":"1,67 €/P","img":"https://fd1-photos.leclercdrive.fr/image.ashx?id=2302725&use=l&cat=p&typeid=i","cat":298368},{"id":21337,"n":"IGP Comté Tolosan rosé Terreo 11.5% - 75cl","p":3.95,"u":"5,27 €/L","img":"https://fd1-photos.leclercdrive.fr/image.ashx?id=2602215&use=l&cat=p&typeid=i","cat":289558},{"id":21370,"n":"Emincés pour chat Tous mes amis Viande 4x390g","p":4.21,"u":"2,70 €/KG","img":"https://fd1-photos.leclercdrive.fr/image.ashx?id=2050669&use=l&cat=p&typeid=i","cat":285601},{"id":21427,"n":"AOP Lubéron rouge Domaine d'Aigues - 75cl","p":5.2,"u":"6,93 €/L","img":"https://fd1-photos.leclercdrive.fr/image.ashx?id=1758364&use=l&cat=p&typeid=i","cat":289556},{"id":21463,"n":"AOP vin rouge M.Chapoutier Côtes du Rhône - 75cl","p":7.25,"u":"9,67 €/L","img":"https://fd1-photos.leclercdrive.fr/image.ashx?id=2432496&use=l&cat=p&typeid=i","cat":289556},{"id":21489,"n":"AOP Bordeaux Baron de Lestac  Vin blanc - 75cl","p":3.99,"u":"5,32 €/L","img":"https://fd1-photos.leclercdrive.fr/image.ashx?id=2324909&use=l&cat=p&typeid=i","cat":289557},{"id":21490,"n":"Vin mousseux Charles Volner Rosé 12%vol. 75cl","p":4.35,"u":"5,80 €/L","img":"https://fd1-photos.leclercdrive.fr/image.ashx?id=1592043&use=l&cat=p&typeid=i","cat":284544},{"id":21572,"n":"Baguette La Boulangère Viennoise fendue 340g","p":1.42,"u":"4,18 €/KG","img":"https://fd1-photos.leclercdrive.fr/image.ashx?id=2912392&use=l&cat=p&typeid=i","cat":284985},{"id":21573,"n":"Bonbons LUTTI Arlequin Original 250g","p":1.42,"u":"5,68 €/KG","img":"https://fd1-photos.leclercdrive.fr/image.ashx?id=2817422&use=l&cat=p&typeid=i","cat":304252},{"id":21592,"n":"Filets de cabillaud Findus MSC - x10 - 510g","p":7.25,"u":"14,22 €/KG","img":"https://fd1-photos.leclercdrive.fr/image.ashx?id=2735329&use=l&cat=p&typeid=i","cat":319788},{"id":21606,"n":"Cornichons Maille extra fins 380g","p":3.17,"u":"8,34 €/KG","img":"https://fd1-photos.leclercdrive.fr/image.ashx?id=2945826&use=l&cat=p&typeid=i","cat":284458},{"id":21609,"n":"Cornichons Extra-Fins MAILLE 220g","p":2.24,"u":"10,18 €/KG","img":"https://fd1-photos.leclercdrive.fr/image.ashx?id=2945823&use=l&cat=p&typeid=i","cat":284458},{"id":21610,"n":"Lotion fraîcheur Inell Tonique - 250ml","p":1.53,"u":"6,12 €/L","img":"https://fd1-photos.leclercdrive.fr/image.ashx?id=2694172&use=l&cat=p&typeid=i","cat":284603},{"id":21611,"n":"Lotion douceur Inell Tonique - 250ml","p":1.52,"u":"6,08 €/L","img":"https://fd1-photos.leclercdrive.fr/image.ashx?id=2707561&use=l&cat=p&typeid=i","cat":284603},{"id":21642,"n":"Brioche tressée La Boulangère 800g","p":4.09,"u":"5,11 €/KG","img":"https://fd1-photos.leclercdrive.fr/image.ashx?id=2926401&use=l&cat=p&typeid=i","cat":284478},{"id":21652,"n":"Biscuits P'tit Déli Galettes Suédoise chocolat 150g","p":2.38,"u":"15,87 €/KG","img":"https://fd1-photos.leclercdrive.fr/image.ashx?id=2968982&use=l&cat=p&typeid=i","cat":284490},{"id":21655,"n":"Boîtes chiens Lydog Mitonnées Agneau poulet veau - 3x410g","p":3.9,"u":"3,17 €/KG","img":"https://fd1-photos.leclercdrive.fr/image.ashx?id=2710488&use=l&cat=p&typeid=i","cat":288578},{"id":21656,"n":"Boîte chiens Lydog Bouchées Boeuf carottes - 1,25kg","p":2.65,"u":"2,12 €/KG","img":"https://fd1-photos.leclercdrive.fr/image.ashx?id=2710491&use=l&cat=p&typeid=i","cat":288578},{"id":21662,"n":"Boîte chiens Lydog Bouchées Poulet légumes - 1,2kg","p":1.98,"u":"1,65 €/KG","img":"https://fd1-photos.leclercdrive.fr/image.ashx?id=2548100&use=l&cat=p&typeid=i","cat":288578},{"id":21663,"n":"Bouchées au poulet foie et  aux carottes Lydog - 1.23kg","p":2.39,"u":"1,94 €/KG","img":"https://fd1-photos.leclercdrive.fr/image.ashx?id=2691225&use=l&cat=p&typeid=i","cat":288578},{"id":21676,"n":"Bûche de chèvre Ste Maure Sélection Soignon - 200g","p":2.74,"u":"13,70 €/KG","img":"https://fd1-photos.leclercdrive.fr/image.ashx?id=2799925&use=l&cat=p&typeid=i","cat":314031},{"id":21678,"n":"AOP Munster Ermitage 50%mg - 200g","p":2.91,"u":"14,55 €/KG","img":"https://fd1-photos.leclercdrive.fr/image.ashx?id=2311279&use=l&cat=p&typeid=i","cat":329558},{"id":21685,"n":"Nuggets de poulet Côté Croc x20 - 400g","p":3.0,"u":"7,50 €/KG","img":"https://fd1-photos.leclercdrive.fr/image.ashx?id=2837045&use=l&cat=p&typeid=i","cat":333684},{"id":21686,"n":"Saucisson sec Saint Azay Spécialité 200g","p":2.99,"u":"14,95 €/KG","img":"https://fd1-photos.leclercdrive.fr/image.ashx?id=2970613&use=l&cat=p&typeid=i","cat":316006},{"id":21687,"n":"Fromage Cheddar Burger Les Croisés 10 Tranches - 200g","p":1.25,"u":"6,25 €/KG","img":"https://fd1-photos.leclercdrive.fr/image.ashx?id=2946835&use=l&cat=p&typeid=i","cat":314028},{"id":21688,"n":"Fromage Emmental Croque Les Croisés 10 Tranches - 200g","p":1.19,"u":"5,95 €/KG","img":"https://fd1-photos.leclercdrive.fr/image.ashx?id=2893316&use=l&cat=p&typeid=i","cat":314028},{"id":21693,"n":"Picodon NRT AOP  Fromage de chèvre - 2x60g","p":3.56,"u":"29,67 €/KG","img":"https://fd1-photos.leclercdrive.fr/image.ashx?id=2590931&use=l&cat=p&typeid=i","cat":314031},{"id":21696,"n":"Fromage Gruyère NRT IGP 250g","p":3.99,"u":"15,96 €/KG","img":"https://fd1-photos.leclercdrive.fr/image.ashx?id=2466229&use=l&cat=p&typeid=i","cat":314034},{"id":21711,"n":"Brandade de morue Pêcheries Basques parmentière - 900g","p":6.36,"u":"7,07 €/KG","img":"https://fd1-photos.leclercdrive.fr/image.ashx?id=2608259&use=l&cat=p&typeid=i","cat":285094},{"id":21737,"n":"Mangue         2x1p","p":3.4,"u":"1,70 €/P","img":"https://fd1-photos.leclercdrive.fr/image.ashx?id=1636428&use=l&cat=p&typeid=i","cat":284356},{"id":21877,"n":"Purée surgelée Pom'lisse Pommes de terre 750g","p":2.04,"u":"2,72 €/KG","img":"https://fd1-photos.leclercdrive.fr/image.ashx?id=2759777&use=l&cat=p&typeid=i","cat":319793},{"id":21888,"n":"Fromage enfant Ficello Emmental à effilocher x8 - 168g","p":3.39,"u":"20,18 €/KG","img":"https://fd1-photos.leclercdrive.fr/image.ashx?id=2375379&use=l&cat=p&typeid=i","cat":314030},{"id":21911,"n":"Tomato Ketchup Heinz - 342g","p":1.39,"u":"4,06 €/KG","img":"https://fd1-photos.leclercdrive.fr/image.ashx?id=2955288&use=l&cat=p&typeid=i","cat":284455},{"id":22033,"n":"Gin Brighton's London Dry 37.5%vol - 70cl","p":9.99,"u":"14,27 €/L","img":"https://fd1-photos.leclercdrive.fr/image.ashx?id=2907183&use=l&cat=p&typeid=i","cat":284550},{"id":22040,"n":"Mini bûches glacées Eskiss Assortiment chocolat x6 - 310g","p":2.29,"u":"7,39 €/KG","img":"https://fd1-photos.leclercdrive.fr/image.ashx?id=2790955&use=l&cat=p&typeid=i","cat":284266},{"id":22065,"n":"Filets de maquereaux Saupiquet A la moutarde - 3x169g","p":5.99,"u":"11,81 €/KG","img":"https://fd1-photos.leclercdrive.fr/image.ashx?id=2826972&use=l&cat=p&typeid=i","cat":303868},{"id":22066,"n":"Filets de maquereaux Saupiquet Tomate basilic - 3x169g","p":5.99,"u":"11,81 €/KG","img":"https://fd1-photos.leclercdrive.fr/image.ashx?id=2826975&use=l&cat=p&typeid=i","cat":303868},{"id":22087,"n":"Sucettes Chupa Chups Mini Assortiment x30 180g","p":2.02,"u":"11,22 €/KG","img":"https://fd1-photos.leclercdrive.fr/image.ashx?id=2647606&use=l&cat=p&typeid=i","cat":304250},{"id":22112,"n":"Vodka Sobieski 37.5%vol - 70cl","p":11.12,"u":"15,89 €/L","img":"https://fd1-photos.leclercdrive.fr/image.ashx?id=2948474&use=l&cat=p&typeid=i","cat":284550},{"id":22115,"n":"Cidre brut Les Goelleries Bretagne 4.5%vol. - 1,5L","p":1.87,"u":"1,25 €/L","img":"https://fd1-photos.leclercdrive.fr/image.ashx?id=2842277&use=l&cat=p&typeid=i","cat":334880},{"id":22116,"n":"Pain de mie complet Epi d'Or Grandes tranches - 550g","p":1.22,"u":"2,22 €/KG","img":"https://fd1-photos.leclercdrive.fr/image.ashx?id=2861292&use=l&cat=p&typeid=i","cat":284477},{"id":22140,"n":"Crème anglaise Délisse 3x20cl","p":2.65,"u":"4,42 €/L","img":"https://fd1-photos.leclercdrive.fr/image.ashx?id=3002590&use=l&cat=p&typeid=i","cat":284382},{"id":22141,"n":"Riz Basmati Comptoir du grain Sélection Riz long - 5x90g","p":1.81,"u":"4,02 €/KG","img":"https://fd1-photos.leclercdrive.fr/image.ashx?id=2076685&use=l&cat=p&typeid=i","cat":284428},{"id":22142,"n":"Terrines chats Tous mes amis Spécial chaton - 4x400g","p":4.86,"u":"3,04 €/KG","img":"https://fd1-photos.leclercdrive.fr/image.ashx?id=2865194&use=l&cat=p&typeid=i","cat":285601},{"id":22207,"n":"Blanc de Poulet Tradilège -25% de sel - 4 Tranches - 160g","p":1.92,"u":"12,00 €/KG","img":"https://fd1-photos.leclercdrive.fr/image.ashx?id=2974969&use=l&cat=p&typeid=i","cat":316010},{"id":22208,"n":"Lait écrémé Bio Bio Village UHT - Bouteille : 6x1L","p":6.6,"u":"1,10 €/L","img":"https://fd1-photos.leclercdrive.fr/image.ashx?id=2970012&use=l&cat=p&typeid=i","cat":284949},{"id":22209,"n":"Lait entier UHT Bio Bio village Bouteille - 6x1L","p":8.94,"u":"1,49 €/L","img":"https://fd1-photos.leclercdrive.fr/image.ashx?id=2970021&use=l&cat=p&typeid=i","cat":285610},{"id":22212,"n":"Vin de l'Union Européenne rouge Vieux Papes - BIB 5L","p":14.89,"u":"2,98 €/L","img":"https://fd1-photos.leclercdrive.fr/image.ashx?id=2136139&use=l&cat=p&typeid=i","cat":289556},{"id":22229,"n":"Terrines chats Tous mes ami Foie volaille - 800g","p":2.01,"u":"2,51 €/KG","img":"https://fd1-photos.leclercdrive.fr/image.ashx?id=2869793&use=l&cat=p&typeid=i","cat":285601},{"id":22234,"n":"Crêpes Crêperie de Guerledan x6 Fraîches au lait de ferme 300g","p":3.77,"u":"12,57 €/KG","img":"https://fd1-photos.leclercdrive.fr/image.ashx?id=2044687&use=l&cat=p&typeid=i","cat":284494},{"id":22249,"n":"Sandwich Baguette Mega Viennois  Sodebo Thon Oeuf - 270g","p":1.81,"u":"6,70 €/KG","img":"https://fd1-photos.leclercdrive.fr/image.ashx?id=2694596&use=l&cat=p&typeid=i","cat":333658},{"id":22348,"n":"Moule à cake Homeside Revêtement antiadhésif - 27cm","p":5.93,"img":"https://fd1-photos.leclercdrive.fr/image.ashx?id=2832634&use=l&cat=p&typeid=i","cat":298490},{"id":22349,"n":"Moule à manqué Homeside Revêtement antiadhésif - 26cm","p":5.99,"img":"https://fd1-photos.leclercdrive.fr/image.ashx?id=2856724&use=l&cat=p&typeid=i","cat":298490},{"id":22373,"n":"Carré pour la vaisselle Mamison x5","p":1.35,"img":"https://fd1-photos.leclercdrive.fr/image.ashx?id=2622010&use=l&cat=p&typeid=i","cat":284667},{"id":22374,"n":"Chiffons secs Clair Dépouissiérants x20","p":1.97,"img":"https://fd1-photos.leclercdrive.fr/image.ashx?id=2819926&use=l&cat=p&typeid=i","cat":325364},{"id":22377,"n":"AOC Rosé de Loire vin rosé Les Caractères - BIB 3L","p":11.89,"u":"3,96 €/L","img":"https://fd1-photos.leclercdrive.fr/image.ashx?id=2905898&use=l&cat=p&typeid=i","cat":289560},{"id":22388,"n":"IGP Ile de Beauté vin rosé Terres Ocrées 11.5%vol - BIB 3L","p":12.99,"u":"4,33 €/L","img":"https://fd1-photos.leclercdrive.fr/image.ashx?id=2863036&use=l&cat=p&typeid=i","cat":289560},{"id":22389,"n":"AOC Touraine Sauvignon vin  blanc Les Caractères - BIB 3L","p":14.99,"u":"5,00 €/L","img":"https://fd1-photos.leclercdrive.fr/image.ashx?id=2927851&use=l&cat=p&typeid=i","cat":289560},{"id":22477,"n":"Pignons de pin Couleurs Vives 125g","p":5.99,"u":"47,92 €/KG","img":"https://fd1-photos.leclercdrive.fr/image.ashx?id=2617201&use=l&cat=p&typeid=i","cat":284357},{"id":22487,"n":"IGP Pays d'Oc rosé Roche Mazet Grenache Cinsault - BIB 3L","p":10.59,"u":"3,53 €/L","img":"https://fd1-photos.leclercdrive.fr/image.ashx?id=2597118&use=l&cat=p&typeid=i","cat":289560},{"id":22488,"n":"IGP Pays d'Oc rouge Roche Mazet Cabernet Sauvignon 12.5% BIB 3L","p":10.56,"u":"3,52 €/L","img":"https://fd1-photos.leclercdrive.fr/image.ashx?id=2597121&use=l&cat=p&typeid=i","cat":289560},{"id":22489,"n":"IGP Pays d'oc blancRoche Mazet Sauvignon - BIB 3L","p":10.6,"u":"3,53 €/L","img":"https://fd1-photos.leclercdrive.fr/image.ashx?id=2597124&use=l&cat=p&typeid=i","cat":289557},{"id":22506,"n":"Yaourts aromatisés Délisse 4 saveurs - 8x125g","p":2.79,"u":"2,79 €/KG","img":"https://fd1-photos.leclercdrive.fr/image.ashx?id=2758713&use=l&cat=p&typeid=i","cat":286006},{"id":22512,"n":"Compote Douceur du Verger  Pomme Abricot - 4x100g","p":1.09,"u":"2,73 €/KG","img":"https://fd1-photos.leclercdrive.fr/image.ashx?id=3012400&use=l&cat=p&typeid=i","cat":284416},{"id":22515,"n":"Boisson énergisante X-tense Canette - 6x25cl","p":2.34,"u":"1,56 €/L","img":"https://fd1-photos.leclercdrive.fr/image.ashx?id=2956062&use=l&cat=p&typeid=i","cat":284533},{"id":22516,"n":"Rhum blanc Charrette 49%vol. - 1.5L","p":22.5,"u":"15,00 €/L","img":"https://fd1-photos.leclercdrive.fr/image.ashx?id=1946420&use=l&cat=p&typeid=i","cat":284550},{"id":22517,"n":"Vodka Poliakov Flask 37.5%vol - 20cl","p":3.77,"u":"18,85 €/L","img":"https://fd1-photos.leclercdrive.fr/image.ashx?id=2484029&use=l&cat=p&typeid=i","cat":284550},{"id":22564,"n":"Yaourt sucré Malo 4x125g","p":1.33,"u":"10,64 €/KG","img":"https://fd1-photos.leclercdrive.fr/image.ashx?id=2908024&use=l&cat=p&typeid=i","cat":284409},{"id":22565,"n":"Yaourt Malo Vanille lait entier 4x125g","p":1.77,"u":"3,54 €/KG","img":"https://fd1-photos.leclercdrive.fr/image.ashx?id=2908021&use=l&cat=p&typeid=i","cat":286006},{"id":22566,"n":"Yaourts Malo Nature - 4x125g","p":1.36,"u":"2,72 €/KG","img":"https://fd1-photos.leclercdrive.fr/image.ashx?id=2908018&use=l&cat=p&typeid=i","cat":284409},{"id":22572,"n":"Fromage frais Malo 7%MG Aux Fruits - 4x100g","p":1.37,"u":"3,43 €/KG","img":"https://fd1-photos.leclercdrive.fr/image.ashx?id=2504755&use=l&cat=p&typeid=i","cat":284410},{"id":22574,"n":"Fromage frais Malo Nature - 500g","p":1.18,"u":"2,36 €/KG","img":"https://fd1-photos.leclercdrive.fr/image.ashx?id=1745606&use=l&cat=p&typeid=i","cat":284409},{"id":22577,"n":"Yaourt aux fruits Malo Fraise Framboise - 4x125g","p":1.96,"u":"3,92 €/KG","img":"https://fd1-photos.leclercdrive.fr/image.ashx?id=2892652&use=l&cat=p&typeid=i","cat":284410},{"id":22587,"n":"IGP Côtés de Gascogne vin blanc Terrasses d'Autan 11.5% BIB 3L","p":8.49,"u":"2,83 €/L","img":"https://fd1-photos.leclercdrive.fr/image.ashx?id=2872700&use=l&cat=p&typeid=i","cat":289560},{"id":22588,"n":"IGP Pays d'Oc Chardonnay Blanc Vieux Carion 12% vol BIB 3L","p":9.75,"u":"3,25 €/L","img":"https://fd1-photos.leclercdrive.fr/image.ashx?id=2591397&use=l&cat=p&typeid=i","cat":289560},{"id":22596,"n":"IGP Pays d'Oc Merlot vin rouge Vieux Carion - 4x25 cl","p":4.4,"u":"4,40 €/L","img":"https://fd1-photos.leclercdrive.fr/image.ashx?id=2896889&use=l&cat=p&typeid=i","cat":289556},{"id":22625,"n":"IGP Pays d'Oc Sauvignon Blanc Vieux Carion 12% vol - 4x25 cl","p":5.33,"u":"5,33 €/L","img":"https://fd1-photos.leclercdrive.fr/image.ashx?id=2896892&use=l&cat=p&typeid=i","cat":289557},{"id":22653,"n":"Crème entière fluide UHT Bio Bio Village 30% MG - 25cl","p":1.85,"u":"7,40 €/L","img":"https://fd1-photos.leclercdrive.fr/image.ashx?id=2801795&use=l&cat=p&typeid=i","cat":284381},{"id":22659,"n":"Cancoillotte nature NRT IGP 250g","p":1.97,"u":"7,88 €/KG","img":"https://fd1-photos.leclercdrive.fr/image.ashx?id=2663845&use=l&cat=p&typeid=i","cat":314037},{"id":22660,"n":"Cancoillotte à l'ail NRT IGP 250g","p":1.97,"u":"7,88 €/KG","img":"https://fd1-photos.leclercdrive.fr/image.ashx?id=2663848&use=l&cat=p&typeid=i","cat":314037},{"id":22663,"n":"Taboulé Bonduelle A la menthe - 500g","p":2.19,"u":"4,38 €/KG","img":"https://fd1-photos.leclercdrive.fr/image.ashx?id=2902657&use=l&cat=p&typeid=i","cat":333657},{"id":22689,"n":"Confiture extra bio Bio Village Fraises - 370g","p":1.79,"u":"4,84 €/KG","img":"https://fd1-photos.leclercdrive.fr/image.ashx?id=2965626&use=l&cat=p&typeid=i","cat":284480},{"id":22690,"n":"Confiture extra bio Bio Village Abricots - 370g","p":1.79,"u":"4,84 €/KG","img":"https://fd1-photos.leclercdrive.fr/image.ashx?id=2965629&use=l&cat=p&typeid=i","cat":284480},{"id":22704,"n":"Chocolat au lait Bio Ethiquable  Nature tendre fondant - 100g","p":2.22,"u":"22,20 €/KG","img":"https://fd1-photos.leclercdrive.fr/image.ashx?id=2870920&use=l&cat=p&typeid=i","cat":284497},{"id":22754,"n":"Bière blonde Leffe 6,6% - format promo 24x25cl","p":13.99,"u":"2,33 €/L","img":"https://fd1-photos.leclercdrive.fr/image.ashx?id=2111076&use=l&cat=p&typeid=i","cat":334852},{"id":22776,"n":"Plateau charcuterie Petitgas 4 saisons, assortiment - 300g","p":4.41,"u":"14,70 €/KG","img":"https://fd1-photos.leclercdrive.fr/image.ashx?id=2589338&use=l&cat=p&typeid=i","cat":316007},{"id":22787,"n":"Saumon Ronde des Mers Petites tranches - 100g","p":3.69,"u":"36,90 €/KG","img":"https://fd1-photos.leclercdrive.fr/image.ashx?id=2966243&use=l&cat=p&typeid=i","cat":285188},{"id":22794,"n":"Chocolat Daim Milka Chocolat au lait daim - 145g","p":2.01,"u":"13,86 €/KG","img":"https://fd1-photos.leclercdrive.fr/image.ashx?id=3002288&use=l&cat=p&typeid=i","cat":304238},{"id":22799,"n":"Mayonnaise Lesieur 710g","p":3.06,"u":"4,31 €/KG","img":"https://fd1-photos.leclercdrive.fr/image.ashx?id=2917693&use=l&cat=p&typeid=i","cat":298295},{"id":22803,"n":"Brioche tranchée Epi d'Or Nature - 700g","p":2.22,"u":"3,17 €/KG","img":"https://fd1-photos.leclercdrive.fr/image.ashx?id=2860733&use=l&cat=p&typeid=i","cat":284478},{"id":22804,"n":"Boisson végétale Bio Village Soja nature bio - 1l","p":0.88,"u":"0,88 €/L","img":"https://fd1-photos.leclercdrive.fr/image.ashx?id=2372350&use=l&cat=p&typeid=i","cat":316067},{"id":22805,"n":"Boisson végétale Bio Village Soja vanille bio - 1l","p":1.42,"u":"1,42 €/L","img":"https://fd1-photos.leclercdrive.fr/image.ashx?id=2357707&use=l&cat=p&typeid=i","cat":316067},{"id":22835,"n":"Whisky single malt The Deveron 10 ans d'âge 40° - 70cl","p":24.99,"pp":21.99,"u":"31,41 €/L","img":"https://fd1-photos.leclercdrive.fr/image.ashx?id=2793710&use=l&cat=p&typeid=i","cat":284547},{"id":22845,"n":"Nems Marie Tradition d'Asie Porc sauce nuoc x4 - 280g","p":2.16,"u":"7,71 €/KG","img":"https://fd1-photos.leclercdrive.fr/image.ashx?id=2985216&use=l&cat=p&typeid=i","cat":333673},{"id":22891,"n":"Eponges magiques Mamison x3","p":1.35,"u":"0,45 €/P","img":"https://fd1-photos.leclercdrive.fr/image.ashx?id=2978522&use=l&cat=p&typeid=i","cat":284667},{"id":22893,"n":"Cidre doux Les Goelleries 2%vol. - 1,5L","p":2.09,"u":"1,39 €/L","img":"https://fd1-photos.leclercdrive.fr/image.ashx?id=2842280&use=l&cat=p&typeid=i","cat":334880},{"id":22894,"n":"Nettoyant spray Clair Ultra dégraissant - 750ml","p":1.18,"u":"1,57 €/L","img":"https://fd1-photos.leclercdrive.fr/image.ashx?id=2840386&use=l&cat=p&typeid=i","cat":325357},{"id":22895,"n":"Nettoyant spray Clair javel Salle de bains 750ml","p":1.46,"u":"1,95 €/L","img":"https://fd1-photos.leclercdrive.fr/image.ashx?id=2840473&use=l&cat=p&typeid=i","cat":325357},{"id":22898,"n":"Nettoyant Silex vitres d'insert Barbecue ultra décapante 750ml","p":3.99,"u":"5,32 €/L","img":"https://fd1-photos.leclercdrive.fr/image.ashx?id=2657087&use=l&cat=p&typeid=i","cat":325363},{"id":22900,"n":"Eau de Cologne Belles Saisons Lavande 250ml","p":1.69,"u":"6,76 €/L","img":"https://fd1-photos.leclercdrive.fr/image.ashx?id=2851655&use=l&cat=p&typeid=i","cat":291525},{"id":22902,"n":"Savon de Marseille Epsil Textiles délicats 400g","p":1.72,"u":"4,30 €/KG","img":"https://fd1-photos.leclercdrive.fr/image.ashx?id=2034938&use=l&cat=p&typeid=i","cat":284651},{"id":22907,"n":"Bière blonde Abbaye Alveringem Canette - 6.2%vol. - 50cl","p":1.39,"u":"2,78 €/L","img":"https://fd1-photos.leclercdrive.fr/image.ashx?id=2637898&use=l&cat=p&typeid=i","cat":334852},{"id":22911,"n":"Gants de ménage Mamison Taille S 1 paire","p":1.01,"img":"https://fd1-photos.leclercdrive.fr/image.ashx?id=2635676&use=l&cat=p&typeid=i","cat":284668},{"id":22913,"n":"Gel désinfectant mains Primoplast - 75ml","p":0.96,"u":"12,80 €/L","img":"https://fd1-photos.leclercdrive.fr/image.ashx?id=2856489&use=l&cat=p&typeid=i","cat":284630},{"id":22960,"n":"Gants de ménage Mamison Taille M 1 paire","p":1.01,"img":"https://fd1-photos.leclercdrive.fr/image.ashx?id=2635679&use=l&cat=p&typeid=i","cat":284668},{"id":22963,"n":"Gants Mamison ultra résistant Taille M 1 paire","p":1.64,"img":"https://fd1-photos.leclercdrive.fr/image.ashx?id=676218&use=l&cat=p&typeid=i","cat":284668},{"id":22964,"n":"Gants Mamison ultra résistant Taille L 1 paire","p":1.64,"img":"https://fd1-photos.leclercdrive.fr/image.ashx?id=606116&use=l&cat=p&typeid=i","cat":284668},{"id":22965,"n":"Gants Mamison ultra résistant Taille S 1 paire","p":1.64,"img":"https://fd1-photos.leclercdrive.fr/image.ashx?id=676222&use=l&cat=p&typeid=i","cat":284668},{"id":22967,"n":"Tampon à récurer Mamison Surfaces fragiles xs","p":1.32,"u":"0,66 €/P","img":"https://fd1-photos.leclercdrive.fr/image.ashx?id=2669699&use=l&cat=p&typeid=i","cat":284667},{"id":22968,"n":"Eponges grattantes Mamison Surfaces délicates x2","p":1.49,"u":"0,75 €/P","img":"https://fd1-photos.leclercdrive.fr/image.ashx?id=2202392&use=l&cat=p&typeid=i","cat":284667},{"id":22969,"n":"Lavette Mamison multi-usages Microfibre plusieurs coloris x2","p":0.84,"u":"0,42 €/P","img":"https://fd1-photos.leclercdrive.fr/image.ashx?id=2595095&use=l&cat=p&typeid=i","cat":284667},{"id":22975,"n":"Crème visage hydrante  Inell Peau normale - 50ml","p":1.96,"u":"39,20 €/L","img":"https://fd1-photos.leclercdrive.fr/image.ashx?id=2691634&use=l&cat=p&typeid=i","cat":325345},{"id":22976,"n":"Crème visage nourrissante Inell Peau sèche - 50ml","p":1.96,"u":"39,20 €/L","img":"https://fd1-photos.leclercdrive.fr/image.ashx?id=2771124&use=l&cat=p&typeid=i","cat":325345},{"id":22979,"n":"Gel nettoyant Inell visage Purifiant px norm. mixtes 150ml","p":2.58,"u":"17,20 €/L","img":"https://fd1-photos.leclercdrive.fr/image.ashx?id=1961443&use=l&cat=p&typeid=i","cat":284603},{"id":22981,"n":"Eau de Cologne Belles Saisons Fraîcheur 250ml","p":1.69,"u":"6,76 €/L","img":"https://fd1-photos.leclercdrive.fr/image.ashx?id=2949179&use=l&cat=p&typeid=i","cat":291525},{"id":22996,"n":"Nettoyant détachant Clair Tapis moquettes 600ml","p":2.16,"u":"3,60 €/L","img":"https://fd1-photos.leclercdrive.fr/image.ashx?id=2242721&use=l&cat=p&typeid=i","cat":284907},{"id":23012,"n":"Huile d'Argan Floressance Pure Argan Bio - 50ml","p":7.26,"u":"145,20 €/L","img":"https://fd1-photos.leclercdrive.fr/image.ashx?id=2990688&use=l&cat=p&typeid=i","cat":325349},{"id":23028,"n":"Biscuits St Michel Cocottes Chocolat -  140g","p":1.76,"u":"12,57 €/KG","img":"https://fd1-photos.leclercdrive.fr/image.ashx?id=2949943&use=l&cat=p&typeid=i","cat":284487},{"id":23031,"n":"Biscottes Heudebert  Céréales complètes - 280g","p":1.71,"u":"6,11 €/KG","img":"https://fd1-photos.leclercdrive.fr/image.ashx?id=2498371&use=l&cat=p&typeid=i","cat":284479},{"id":23040,"n":"Café moulu Méo L'original Bio - 500g","p":8.73,"u":"17,46 €/KG","img":"https://fd1-photos.leclercdrive.fr/image.ashx?id=2571287&use=l&cat=p&typeid=i","cat":284750},{"id":23046,"n":"infusion bio alter eco  rooibos - 40g","p":2.35,"u":"58,75 €/KG","img":"https://fd1-photos.leclercdrive.fr/image.ashx?id=2968361&use=l&cat=p&typeid=i","cat":293233},{"id":23132,"n":"Pâte feuilletée Tablier Blanc Epaisse - 280g","p":1.55,"u":"5,54 €/KG","img":"https://fd1-photos.leclercdrive.fr/image.ashx?id=2635910&use=l&cat=p&typeid=i","cat":333681},{"id":23133,"n":"Pâte brisée Tablier Blanc Epaisse - 280g","p":1.65,"u":"5,89 €/KG","img":"https://fd1-photos.leclercdrive.fr/image.ashx?id=2635913&use=l&cat=p&typeid=i","cat":333681},{"id":23147,"n":"AOP Crémant de Loire  Ackerman Vin blanc brut - 75cl","p":4.99,"u":"6,65 €/L","img":"https://fd1-photos.leclercdrive.fr/image.ashx?id=2928426&use=l&cat=p&typeid=i","cat":284545},{"id":23149,"n":"Bière Grimbergen Brassin De Noël 6.5%vol. - 12x25cl","p":9.49,"pp":7.12,"u":"2,37 €/L","img":"https://fd1-photos.leclercdrive.fr/image.ashx?id=2877715&use=l&cat=p&typeid=i","cat":334852},{"id":23157,"n":"AOP Champagne Brut Nicolas Feuillatte - 75cl","p":26.5,"pp":22.52,"u":"30,03 €/L","img":"https://fd1-photos.leclercdrive.fr/image.ashx?id=2962791&use=l&cat=p&typeid=i","cat":284542},{"id":23158,"n":"AOC Crémant de Bourgogne  Veuve Ambal Brut - 75cl","p":7.99,"pp":5.99,"u":"7,99 €/L","img":"https://fd1-photos.leclercdrive.fr/image.ashx?id=1737205&use=l&cat=p&typeid=i","cat":284545},{"id":23169,"n":"Papier toilette Mimosa Blanc - Ultra Moelleux - x6","p":3.29,"u":"0,55 €/P","img":"https://fd1-photos.leclercdrive.fr/image.ashx?id=2780674&use=l&cat=p&typeid=i","cat":284634},{"id":23176,"n":"Pur jus de tomate Bio Village Bio - 1L","p":2.77,"u":"2,77 €/L","img":"https://fd1-photos.leclercdrive.fr/image.ashx?id=2954115&use=l&cat=p&typeid=i","cat":284523},{"id":23177,"n":"Pur jus Bio Village Bio Carotte - 1L","p":2.87,"u":"2,87 €/L","img":"https://fd1-photos.leclercdrive.fr/image.ashx?id=2901533&use=l&cat=p&typeid=i","cat":284523},{"id":23179,"n":"Pur jus 7 fruits Bio Village Bio - 1L","p":2.78,"u":"2,78 €/L","img":"https://fd1-photos.leclercdrive.fr/image.ashx?id=2901530&use=l&cat=p&typeid=i","cat":284917},{"id":23181,"n":"Lames de rasoir Carré Homme 5 lames - x4","p":4.94,"img":"https://fd1-photos.leclercdrive.fr/image.ashx?id=2704663&use=l&cat=p&typeid=i","cat":284616},{"id":23188,"n":"Tomato Ketchup Heinz - 250g","p":1.07,"u":"4,28 €/KG","img":"https://fd1-photos.leclercdrive.fr/image.ashx?id=2943801&use=l&cat=p&typeid=i","cat":284455},{"id":23190,"n":"Mayonnaise AMORA Recette Fouettée - 398g","p":2.49,"u":"6,26 €/KG","img":"https://fd1-photos.leclercdrive.fr/image.ashx?id=2598684&use=l&cat=p&typeid=i","cat":298295},{"id":23212,"n":"Compote Douceur du Verger Coupelle pomme framboise-4x100g","p":1.63,"u":"4,08 €/KG","img":"https://fd1-photos.leclercdrive.fr/image.ashx?id=2663494&use=l&cat=p&typeid=i","cat":284508},{"id":23215,"n":"Biscuits Cookies P'tit Déli Chocolat raisin cranberrie 200g","p":1.44,"u":"7,20 €/KG","img":"https://fd1-photos.leclercdrive.fr/image.ashx?id=2529593&use=l&cat=p&typeid=i","cat":325066},{"id":23216,"n":"Sauce Hollandaise Rustica 32g","p":0.64,"u":"20,00 €/KG","img":"https://fd1-photos.leclercdrive.fr/image.ashx?id=2965491&use=l&cat=p&typeid=i","cat":288381},{"id":23219,"n":"Sauce Pesto Turini Basilic - 185g","p":1.3,"u":"7,03 €/KG","img":"https://fd1-photos.leclercdrive.fr/image.ashx?id=2546248&use=l&cat=p&typeid=i","cat":287599},{"id":23220,"n":"Chips Pom'Lisse Légumes - 100g","p":1.99,"u":"19,90 €/KG","img":"https://fd1-photos.leclercdrive.fr/image.ashx?id=2919610&use=l&cat=p&typeid=i","cat":284447},{"id":23221,"n":"Sauce Tomates Turini Basilic - 420g","p":1.15,"u":"2,74 €/KG","img":"https://fd1-photos.leclercdrive.fr/image.ashx?id=2487458&use=l&cat=p&typeid=i","cat":287599},{"id":23225,"n":"Compote bio Bio Village Coupelle pomme fraise - 4x100g","p":2.22,"u":"5,55 €/KG","img":"https://fd1-photos.leclercdrive.fr/image.ashx?id=2475179&use=l&cat=p&typeid=i","cat":284508},{"id":23227,"n":"Chips Bio Village Bio - Nature - 125g","p":1.99,"u":"15,92 €/KG","img":"https://fd1-photos.leclercdrive.fr/image.ashx?id=2743834&use=l&cat=p&typeid=i","cat":284447},{"id":23235,"n":"Papillotes Préparation Maggi Côtes de porc au barbecue - 18g","p":0.66,"u":"36,67 €/KG","img":"https://fd1-photos.leclercdrive.fr/image.ashx?id=2953971&use=l&cat=p&typeid=i","cat":288380},{"id":23244,"n":"Désodorisant frigo Bien Air Sans parfum 40g","p":1.83,"u":"45,75 €/KG","img":"https://fd1-photos.leclercdrive.fr/image.ashx?id=2287737&use=l&cat=p&typeid=i","cat":311628},{"id":23249,"n":"Savon de Marseille Epsil Textiles délicats 4x200g","p":1.86,"u":"2,33 €/KG","img":"https://fd1-photos.leclercdrive.fr/image.ashx?id=2379591&use=l&cat=p&typeid=i","cat":284651},{"id":23251,"n":"Bâtonnets allume-feu Silex Sans odeur x24","p":2.05,"u":"0,09 €/P","img":"https://fd1-photos.leclercdrive.fr/image.ashx?id=2999721&use=l&cat=p&typeid=i","cat":300578},{"id":23252,"n":"Cubes allume-feu Silex Sans odeur 100% naturel x40","p":1.57,"u":"0,04 €/P","img":"https://fd1-photos.leclercdrive.fr/image.ashx?id=2669735&use=l&cat=p&typeid=i","cat":300578},{"id":23253,"n":"Nettoyant spray Clair Surpuissant - 750ml","p":1.86,"u":"2,48 €/L","img":"https://fd1-photos.leclercdrive.fr/image.ashx?id=2520831&use=l&cat=p&typeid=i","cat":325357},{"id":23254,"n":"Baume après-rasage Carré Homme Apaisant px sensibles 100ml","p":2.69,"u":"26,90 €/L","img":"https://fd1-photos.leclercdrive.fr/image.ashx?id=2854237&use=l&cat=p&typeid=i","cat":288147},{"id":23255,"n":"Déodorant Carré Homme Vétiver longue durée 200ml","p":1.35,"u":"6,75 €/L","img":"https://fd1-photos.leclercdrive.fr/image.ashx?id=2375992&use=l&cat=p&typeid=i","cat":284618},{"id":23256,"n":"Ramequins aluminium Elembal x12","p":2.05,"u":"0,17 €/P","img":"https://fd1-photos.leclercdrive.fr/image.ashx?id=2582522&use=l&cat=p&typeid=i","cat":334134},{"id":23268,"n":"Vin mousseux de France rosé  Muscador Doux 11.5%vol. - 75cl","p":2.67,"u":"3,56 €/L","img":"https://fd1-photos.leclercdrive.fr/image.ashx?id=2157055&use=l&cat=p&typeid=i","cat":284544},{"id":23271,"n":"Vin mousseux de France blanc Muscador doux 11.5% Vol 75cl","p":2.6,"u":"3,47 €/L","img":"https://fd1-photos.leclercdrive.fr/image.ashx?id=2157052&use=l&cat=p&typeid=i","cat":284544},{"id":23304,"n":"Feuilletés paniers Côté Table Saumon - 4x100g","p":4.45,"u":"11,13 €/KG","img":"https://fd1-photos.leclercdrive.fr/image.ashx?id=2549400&use=l&cat=p&typeid=i","cat":319776},{"id":23336,"n":"Soufflés Grignot' Tokapi Bacon - 90g","p":0.89,"u":"9,89 €/KG","img":"https://fd1-photos.leclercdrive.fr/image.ashx?id=2059480&use=l&cat=p&typeid=i","cat":284449},{"id":23363,"n":"Lait bébé poudre Nidal Nestlé 1er âge - 0-6 mois - 800g","p":12.98,"u":"16,23 €/KG","img":"https://fd1-photos.leclercdrive.fr/image.ashx?id=2811638&use=l&cat=p&typeid=i","cat":284726},{"id":23371,"n":"Mozzarella Maxi Les Croisés - 250g","p":1.86,"u":"7,44 €/KG","img":"https://fd1-photos.leclercdrive.fr/image.ashx?id=2992534&use=l&cat=p&typeid=i","cat":314026},{"id":23372,"n":"Ricotta Les Croisés - 250g","p":1.29,"u":"5,16 €/KG","img":"https://fd1-photos.leclercdrive.fr/image.ashx?id=2133294&use=l&cat=p&typeid=i","cat":314026},{"id":23387,"n":"Gâteaux St Michel Savaroises Chocolat 8 sachets 220g","p":1.82,"u":"8,27 €/KG","img":"https://fd1-photos.leclercdrive.fr/image.ashx?id=2935693&use=l&cat=p&typeid=i","cat":284495},{"id":23411,"n":"Petits pains grillés Epi d'Or Froment - 400g","p":1.39,"u":"3,48 €/KG","img":"https://fd1-photos.leclercdrive.fr/image.ashx?id=2496413&use=l&cat=p&typeid=i","cat":284479},{"id":23419,"n":"Chocolat noir Equador Fourré mousse 160g","p":2.49,"u":"15,56 €/KG","img":"https://fd1-photos.leclercdrive.fr/image.ashx?id=2834299&use=l&cat=p&typeid=i","cat":284956},{"id":23429,"n":"Croquettes chat Tous mes amis Chatons - 2kg","p":4.07,"u":"2,04 €/KG","img":"https://fd1-photos.leclercdrive.fr/image.ashx?id=2710485&use=l&cat=p&typeid=i","cat":284680},{"id":23430,"n":"Croquettes chat Tous mes amis Lapin/volailles - 2kg","p":3.99,"u":"2,00 €/KG","img":"https://fd1-photos.leclercdrive.fr/image.ashx?id=2301605&use=l&cat=p&typeid=i","cat":284680},{"id":23432,"n":"Croquettes Lydog Petits chiens - Vollaile - 2kg","p":4.12,"u":"2,06 €/KG","img":"https://fd1-photos.leclercdrive.fr/image.ashx?id=2191126&use=l&cat=p&typeid=i","cat":294526},{"id":23433,"n":"Croquettes chiens Lydog Allégées - Volaille - 4kg","p":6.99,"u":"1,75 €/KG","img":"https://fd1-photos.leclercdrive.fr/image.ashx?id=1923562&use=l&cat=p&typeid=i","cat":284672},{"id":23434,"n":"Cacahuètes Tokapi Sans sel ajouté - 200g","p":0.76,"u":"3,80 €/KG","img":"https://fd1-photos.leclercdrive.fr/image.ashx?id=2858833&use=l&cat=p&typeid=i","cat":284448},{"id":23437,"n":"Maïs Notre Jardin Croquant - 285g","p":0.85,"u":"2,98 €/KG","img":"https://fd1-photos.leclercdrive.fr/image.ashx?id=2988048&use=l&cat=p&typeid=i","cat":312611},{"id":23438,"n":"Soufflés RingsTokapi Oignon - 60g","p":0.77,"u":"12,83 €/KG","img":"https://fd1-photos.leclercdrive.fr/image.ashx?id=2898838&use=l&cat=p&typeid=i","cat":284449},{"id":23439,"n":"Crème dessert Délisse Choco Billes bicompartiment 4x117g","p":1.99,"u":"4,25 €/KG","img":"https://fd1-photos.leclercdrive.fr/image.ashx?id=2965482&use=l&cat=p&typeid=i","cat":285041},{"id":23444,"n":"Quenelles Côté Table volaille Au naturel 255g","p":1.37,"u":"5,37 €/KG","img":"https://fd1-photos.leclercdrive.fr/image.ashx?id=2977870&use=l&cat=p&typeid=i","cat":284441},{"id":23450,"n":"Yaourts aux fruits Délisse Fruits rouges - 8x125g","p":2.29,"u":"2,29 €/KG","img":"https://fd1-photos.leclercdrive.fr/image.ashx?id=2616736&use=l&cat=p&typeid=i","cat":284410},{"id":23452,"n":"Terrines chats Tous mes amis Viandes variées - 4x400g","p":3.74,"u":"2,34 €/KG","img":"https://fd1-photos.leclercdrive.fr/image.ashx?id=2865191&use=l&cat=p&typeid=i","cat":285601},{"id":23485,"n":"Terrines de st Jacques Guyader 120g","p":3.09,"u":"25,75 €/KG","img":"https://fd1-photos.leclercdrive.fr/image.ashx?id=2504725&use=l&cat=p&typeid=i","cat":285191},{"id":23486,"n":"Terrines saumon Guyader 120g","p":2.29,"u":"19,08 €/KG","img":"https://fd1-photos.leclercdrive.fr/image.ashx?id=2504722&use=l&cat=p&typeid=i","cat":285191},{"id":23489,"n":"Rillettes de St Jacques Guyader 120g","p":2.6,"pp":1.82,"u":"15,17 €/KG","img":"https://fd1-photos.leclercdrive.fr/image.ashx?id=2750465&use=l&cat=p&typeid=i","cat":285191},{"id":23493,"n":"Bonbons sans sucres Confiséo Goût café - 120g","p":2.6,"u":"21,67 €/KG","img":"https://fd1-photos.leclercdrive.fr/image.ashx?id=2934673&use=l&cat=p&typeid=i","cat":304252},{"id":23499,"n":"Huile Bio Village mélange 4 huiles biologiques - 75 cl","p":3.99,"u":"5,32 €/L","img":"https://fd1-photos.leclercdrive.fr/image.ashx?id=2882349&use=l&cat=p&typeid=i","cat":284453},{"id":23500,"n":"Bouillon de légumes Bio Village Bio - 8x10g","p":1.69,"u":"21,13 €/KG","img":"https://fd1-photos.leclercdrive.fr/image.ashx?id=1943409&use=l&cat=p&typeid=i","cat":288379},{"id":23520,"n":"Bloc de fromage Leerdammer L'Original - 500g","p":5.45,"u":"10,90 €/KG","img":"https://fd1-photos.leclercdrive.fr/image.ashx?id=2699035&use=l&cat=p&typeid=i","cat":314034},{"id":23522,"n":"Bûche de chèvre Les Croisés Format famililal 25%mg 300g","p":2.95,"u":"9,83 €/KG","img":"https://fd1-photos.leclercdrive.fr/image.ashx?id=2949415&use=l&cat=p&typeid=i","cat":314031},{"id":23543,"n":"Bière blonde Leffe 6,6% - 12x33cl","p":12.67,"u":"3,20 €/L","img":"https://fd1-photos.leclercdrive.fr/image.ashx?id=2811578&use=l&cat=p&typeid=i","cat":334852},{"id":23545,"n":"Rösti McCain 800g","p":1.99,"u":"2,49 €/KG","img":"https://fd1-photos.leclercdrive.fr/image.ashx?id=2988728&use=l&cat=p&typeid=i","cat":319792},{"id":23546,"n":"Poêlée savoyarde Marie Aux lardons fumés - 900g","p":4.39,"u":"4,88 €/KG","img":"https://fd1-photos.leclercdrive.fr/image.ashx?id=2996782&use=l&cat=p&typeid=i","cat":319823},{"id":23553,"n":"Lait bébé 1A NIDAL GEST  0-6 mois - 800g","p":15.12,"u":"18,90 €/KG","img":"https://fd1-photos.leclercdrive.fr/image.ashx?id=2890796&use=l&cat=p&typeid=i","cat":284726},{"id":23583,"n":"Crème Fraîche Elle&Vire Epaisse Entière - 30% MG - 33cl","p":1.85,"u":"5,61 €/L","img":"https://fd1-photos.leclercdrive.fr/image.ashx?id=3003333&use=l&cat=p&typeid=i","cat":284381},{"id":23594,"n":"Fromage raclette Les Croisés Saveur vin blanc - 26%mg - 250g","p":2.99,"u":"11,96 €/KG","img":"https://fd1-photos.leclercdrive.fr/image.ashx?id=2969755&use=l&cat=p&typeid=i","cat":314037},{"id":23595,"n":"Fromage raclette Les Croisés 3 poivres 26%mg 250g","p":2.99,"u":"11,96 €/KG","img":"https://fd1-photos.leclercdrive.fr/image.ashx?id=2791782&use=l&cat=p&typeid=i","cat":314037},{"id":23598,"n":"Fromage raclette Les Croisés Sans croûte - 28%mg - 400g","p":3.95,"u":"9,88 €/KG","img":"https://fd1-photos.leclercdrive.fr/image.ashx?id=2969752&use=l&cat=p&typeid=i","cat":314037},{"id":23618,"n":"Couscous Weight Watchers Oriental 300g","p":2.74,"u":"9,13 €/KG","img":"https://fd1-photos.leclercdrive.fr/image.ashx?id=2610915&use=l&cat=p&typeid=i","cat":333665},{"id":23628,"n":"Fond de volaille Rustica 110g","p":2.21,"u":"20,09 €/KG","img":"https://fd1-photos.leclercdrive.fr/image.ashx?id=2140914&use=l&cat=p&typeid=i","cat":288379},{"id":23631,"n":"Chocolat noir Equador Mini carrés 72% cacao 200g","p":4.35,"u":"21,75 €/KG","img":"https://fd1-photos.leclercdrive.fr/image.ashx?id=2856483&use=l&cat=p&typeid=i","cat":284956},{"id":23636,"n":"Bouillon de volaille Rustica Dégraissé - Tablettes 12x10g","p":0.79,"u":"6,58 €/KG","img":"https://fd1-photos.leclercdrive.fr/image.ashx?id=1880033&use=l&cat=p&typeid=i","cat":288379},{"id":23715,"n":"Samoussa Tables du Monde Au boeuf - x4 - 220g","p":3.29,"u":"14,95 €/KG","img":"https://fd1-photos.leclercdrive.fr/image.ashx?id=2807190&use=l&cat=p&typeid=i","cat":333673},{"id":23717,"n":"Nem au poulet Traditions d'Asie Sauce nuoc mam - x4 - 280g","p":2.11,"u":"7,54 €/KG","img":"https://fd1-photos.leclercdrive.fr/image.ashx?id=2985222&use=l&cat=p&typeid=i","cat":333673},{"id":23726,"n":"Aluminium Eco+ 30m","p":1.89,"u":"0,06 €/MT","img":"https://fd1-photos.leclercdrive.fr/image.ashx?id=2880216&use=l&cat=p&typeid=i","cat":334134},{"id":23727,"n":"Sacs poubelle 100L Eco+ x10","p":0.76,"u":"0,08 €/P","img":"https://fd1-photos.leclercdrive.fr/image.ashx?id=2793137&use=l&cat=p&typeid=i","cat":285168},{"id":23753,"n":"Alcool modifié Primoplast 70° 250ml","p":2.2,"u":"8,80 €/L","img":"https://fd1-photos.leclercdrive.fr/image.ashx?id=2856498&use=l&cat=p&typeid=i","cat":284630},{"id":23754,"n":"Eau oxygénée Primoplast 250ml","p":1.86,"u":"7,44 €/L","img":"https://fd1-photos.leclercdrive.fr/image.ashx?id=2832936&use=l&cat=p&typeid=i","cat":284630},{"id":23779,"n":"Camembert 21% MG Bio Bio Village - 250g","p":2.57,"u":"10,28 €/KG","img":"https://fd1-photos.leclercdrive.fr/image.ashx?id=2970750&use=l&cat=p&typeid=i","cat":314033},{"id":23788,"n":"Pizza Bio Bio Village 3 fromages - 380g","p":3.24,"u":"8,53 €/KG","img":"https://fd1-photos.leclercdrive.fr/image.ashx?id=2946202&use=l&cat=p&typeid=i","cat":284256},{"id":23791,"n":"Tartines craquantes Epi d'Or Au blé complet - 250g","p":1.29,"u":"5,16 €/KG","img":"https://fd1-photos.leclercdrive.fr/image.ashx?id=2843788&use=l&cat=p&typeid=i","cat":284479},{"id":23794,"n":"Pain grillé Epi d'Or Blé complet x24 - 500g","p":1.72,"u":"3,44 €/KG","img":"https://fd1-photos.leclercdrive.fr/image.ashx?id=2680545&use=l&cat=p&typeid=i","cat":284479},{"id":23798,"n":"Riz Risotto Comptoir du Grain 500g","p":1.42,"u":"2,84 €/KG","img":"https://fd1-photos.leclercdrive.fr/image.ashx?id=2363283&use=l&cat=p&typeid=i","cat":284428},{"id":23799,"n":"Riz rond Comptoir du Grain Dessert - 1kg","p":1.94,"u":"1,94 €/KG","img":"https://fd1-photos.leclercdrive.fr/image.ashx?id=1957084&use=l&cat=p&typeid=i","cat":284428},{"id":23936,"n":"Fromage blanc jockey Stracciatella - 4x120g","p":2.07,"u":"4,31 €/KG","img":"https://fd1-photos.leclercdrive.fr/image.ashx?id=2280011&use=l&cat=p&typeid=i","cat":314999},{"id":23963,"n":"Beurre Tendre Les Croisés Demi-sel Allegé - 40% MG - 250g","p":2.25,"u":"9,00 €/KG","img":"https://fd1-photos.leclercdrive.fr/image.ashx?id=2839912&use=l&cat=p&typeid=i","cat":284379},{"id":23967,"n":"Lait demi-écrémé Grandlait Candia Bouteille - 6x50cl","p":4.74,"u":"1,58 €/L","img":"https://fd1-photos.leclercdrive.fr/image.ashx?id=2916195&use=l&cat=p&typeid=i","cat":284377},{"id":23968,"n":"Roquefort AOP Les Croisés Tranché 150g","p":2.29,"u":"15,27 €/KG","img":"https://fd1-photos.leclercdrive.fr/image.ashx?id=2676537&use=l&cat=p&typeid=i","cat":314032},{"id":24009,"n":"Crackers Tuc Fromage - 100g","p":0.77,"u":"7,70 €/KG","img":"https://fd1-photos.leclercdrive.fr/image.ashx?id=3002291&use=l&cat=p&typeid=i","cat":297000},{"id":24043,"n":"Thé vert Britley Menthe x25 sachets - 40g","p":0.79,"u":"19,75 €/KG","img":"https://fd1-photos.leclercdrive.fr/image.ashx?id=2672930&use=l&cat=p&typeid=i","cat":293233},{"id":24081,"n":"Mayonnaise Fins Gourmets MAILLE Bocal - 320g","p":2.48,"u":"7,75 €/KG","img":"https://fd1-photos.leclercdrive.fr/image.ashx?id=2812750&use=l&cat=p&typeid=i","cat":298295},{"id":24082,"n":"Mayonnaise Fine MAILLE Qualité Traiteur Bocal - 320g","p":2.35,"u":"7,34 €/KG","img":"https://fd1-photos.leclercdrive.fr/image.ashx?id=2908369&use=l&cat=p&typeid=i","cat":298295},{"id":24095,"n":"Jus de clémentines préssées Andros - 1,5L","p":3.85,"u":"2,57 €/L","img":"https://fd1-photos.leclercdrive.fr/image.ashx?id=2902984&use=l&cat=p&typeid=i","cat":285435},{"id":24162,"n":"Vinaigre balsamique Bio Village Bio 50cl","p":3.49,"u":"6,98 €/L","img":"https://fd1-photos.leclercdrive.fr/image.ashx?id=2865206&use=l&cat=p&typeid=i","cat":298543},{"id":24163,"n":"Infusion Tiséa Tilleul Citron 25 sachets 34g","p":1.69,"u":"48,29 €/KG","img":"https://fd1-photos.leclercdrive.fr/image.ashx?id=2854240&use=l&cat=p&typeid=i","cat":293234},{"id":24164,"n":"Thé vert Briley 32.5g","p":0.79,"u":"24,69 €/KG","img":"https://fd1-photos.leclercdrive.fr/image.ashx?id=2645939&use=l&cat=p&typeid=i","cat":293233},{"id":24186,"n":"Bandes à découper Mercurochrome 5 bandes - 10x6cm","p":1.99,"img":"https://fd1-photos.leclercdrive.fr/image.ashx?id=2862152&use=l&cat=p&typeid=i","cat":284630},{"id":24187,"n":"AOP Champagne Nicolas Feuillatte Brut Rosé - 75cl","p":23.38,"pp":21.04,"u":"28,05 €/L","img":"https://fd1-photos.leclercdrive.fr/image.ashx?id=2486338&use=l&cat=p&typeid=i","cat":284542},{"id":24258,"n":"Philadelphia Nature - 300g","p":2.79,"u":"9,30 €/KG","img":"https://fd1-photos.leclercdrive.fr/image.ashx?id=2787863&use=l&cat=p&typeid=i","cat":314029},{"id":24293,"n":"Céréales Extra Kellogg's Chocolat Noir Noisettes - 500g","p":3.24,"u":"6,48 €/KG","img":"https://fd1-photos.leclercdrive.fr/image.ashx?id=2692284&use=l&cat=p&typeid=i","cat":309512},{"id":24294,"n":"Filets de maquereaux Saupiquet Escabèche - 3x169g","p":5.99,"u":"11,81 €/KG","img":"https://fd1-photos.leclercdrive.fr/image.ashx?id=2826978&use=l&cat=p&typeid=i","cat":303868},{"id":24296,"n":"Sauce apéritif Old El Paso Salsa doux - 312g","p":2.34,"u":"7,50 €/KG","img":"https://fd1-photos.leclercdrive.fr/image.ashx?id=2859944&use=l&cat=p&typeid=i","cat":288993},{"id":24326,"n":"Pizza Turini Chorizo - 200g","p":1.65,"u":"8,25 €/KG","img":"https://fd1-photos.leclercdrive.fr/image.ashx?id=3010572&use=l&cat=p&typeid=i","cat":333679},{"id":24350,"n":"Lingettes rince doigt Clair x24","p":1.96,"u":"0,08 €/P","img":"https://fd1-photos.leclercdrive.fr/image.ashx?id=2949418&use=l&cat=p&typeid=i","cat":325358},{"id":24363,"n":"Boisson lactée Délisse Chocolat - 6x20cl","p":2.17,"u":"1,81 €/L","img":"https://fd1-photos.leclercdrive.fr/image.ashx?id=3015245&use=l&cat=p&typeid=i","cat":295246},{"id":24395,"n":"AOC Rasteau rouge Ortas Cave de Rasteau -75cl","p":8.3,"u":"11,07 €/L","img":"https://fd1-photos.leclercdrive.fr/image.ashx?id=1883876&use=l&cat=p&typeid=i","cat":289556},{"id":24403,"n":"Vodka Novotna Pure grain 37.5%vol - 1L","p":14.99,"u":"14,99 €/L","img":"https://fd1-photos.leclercdrive.fr/image.ashx?id=784848&use=l&cat=p&typeid=i","cat":284550},{"id":24418,"n":"Sauces gourmandes Rustica Pour viande 4 saveurs - 4x90g","p":2.41,"u":"6,69 €/KG","img":"https://fd1-photos.leclercdrive.fr/image.ashx?id=2275513&use=l&cat=p&typeid=i","cat":318430},{"id":24419,"n":"Caramels durs Confiséo A la crème fraîche - 175g","p":1.62,"u":"9,26 €/KG","img":"https://fd1-photos.leclercdrive.fr/image.ashx?id=2934691&use=l&cat=p&typeid=i","cat":304252},{"id":24420,"n":"Galettes Bretonnes NRT 100g","p":1.68,"u":"16,80 €/KG","img":"https://fd1-photos.leclercdrive.fr/image.ashx?id=2909419&use=l&cat=p&typeid=i","cat":284487},{"id":24474,"n":"Petites crevettes roses Pêche Océan - 125g","p":2.49,"u":"19,92 €/KG","img":"https://fd1-photos.leclercdrive.fr/image.ashx?id=2953635&use=l&cat=p&typeid=i","cat":284343},{"id":24492,"n":"Blanc de poulet Tradilège Doré à la broche - 120g","p":1.39,"u":"11,58 €/KG","img":"https://fd1-photos.leclercdrive.fr/image.ashx?id=2974864&use=l&cat=p&typeid=i","cat":316010},{"id":24495,"n":"Capsules Nescafé Dolce Gusto  Nesquik - x16","p":4.48,"u":"17,50 €/KG","img":"https://fd1-photos.leclercdrive.fr/image.ashx?id=2946634&use=l&cat=p&typeid=i","cat":293239},{"id":24500,"n":"Pain de mie nature Epi d'Or Sans croute - 500g","p":1.39,"u":"2,78 €/KG","img":"https://fd1-photos.leclercdrive.fr/image.ashx?id=2984658&use=l&cat=p&typeid=i","cat":284477},{"id":24642,"n":"Déodorant Rexona Confidence Stick anti-transpirant - 45ml","p":4.23,"u":"94,00 €/L","img":"https://fd1-photos.leclercdrive.fr/image.ashx?id=2738194&use=l&cat=p&typeid=i","cat":284595},{"id":24652,"n":"Déodorant Stick Rexona Anti- Transpirant CleanScent 96H 45ml","p":3.56,"u":"79,11 €/L","img":"https://fd1-photos.leclercdrive.fr/image.ashx?id=2895101&use=l&cat=p&typeid=i","cat":284595},{"id":24659,"n":"Secret de mousse la Laitière Chocolat au lait - 8x59g","p":2.46,"u":"5,21 €/KG","img":"https://fd1-photos.leclercdrive.fr/image.ashx?id=3007984&use=l&cat=p&typeid=i","cat":284417},{"id":24666,"n":"Roquefort AOP Société Fromage de brebis - 100g","p":2.65,"u":"26,50 €/KG","img":"https://fd1-photos.leclercdrive.fr/image.ashx?id=2729683&use=l&cat=p&typeid=i","cat":314032},{"id":24671,"n":"Crème Chantilly Bridelice Légère fouettée 20%mg - 250g","p":2.67,"u":"10,68 €/KG","img":"https://fd1-photos.leclercdrive.fr/image.ashx?id=2939313&use=l&cat=p&typeid=i","cat":284382},{"id":24672,"n":"Lait Matin Léger Lactel Sans lactose écrémé - 6x1l","p":11.1,"u":"1,85 €/L","img":"https://fd1-photos.leclercdrive.fr/image.ashx?id=2883546&use=l&cat=p&typeid=i","cat":317169},{"id":24694,"n":"Brosses à dent souple Dentamyl x4","p":0.99,"u":"0,25 €/P","img":"https://fd1-photos.leclercdrive.fr/image.ashx?id=2790946&use=l&cat=p&typeid=i","cat":284614},{"id":24729,"n":"Shampooing Pétrole Hahn Stop pellicules - 250ml","p":2.42,"u":"9,68 €/L","img":"https://fd1-photos.leclercdrive.fr/image.ashx?id=2293946&use=l&cat=p&typeid=i","cat":284606},{"id":24738,"n":"Sacs poubelle Alfapac 10L Salle de bain végétal x25","p":1.22,"u":"0,05 €/P","img":"https://fd1-photos.leclercdrive.fr/image.ashx?id=2526860&use=l&cat=p&typeid=i","cat":284707},{"id":24759,"n":"Mini nems Tables du Monde porc x5/poulet x5 +sauce - 220g","p":2.99,"u":"13,59 €/KG","img":"https://fd1-photos.leclercdrive.fr/image.ashx?id=2613276&use=l&cat=p&typeid=i","cat":333673},{"id":24843,"n":"Magret de canard Montfort Sous vide - 360g","p":7.09,"u":"19,69 €/KG","img":"https://fd1-photos.leclercdrive.fr/image.ashx?id=2730973&use=l&cat=p&typeid=i","cat":284339},{"id":24847,"n":"Gâche tranchée ovale NRT Beurre - 450g","p":2.48,"u":"5,51 €/KG","img":"https://fd1-photos.leclercdrive.fr/image.ashx?id=2670443&use=l&cat=p&typeid=i","cat":284478},{"id":24896,"n":"Pain de campagne tranché   300g","p":1.5,"u":"5,00 €/KG","img":"https://fd1-photos.leclercdrive.fr/image.ashx?id=2062960&use=l&cat=p&typeid=i","cat":284359},{"id":24906,"n":"Mozzarella mini billes  Les Croisés - 150g","p":1.7,"u":"11,33 €/KG","img":"https://fd1-photos.leclercdrive.fr/image.ashx?id=2463468&use=l&cat=p&typeid=i","cat":314026},{"id":24952,"n":"Savon Le Petit Olivier Huile d'olive 250g","p":1.81,"u":"7,24 €/KG","img":"https://fd1-photos.leclercdrive.fr/image.ashx?id=2144845&use=l&cat=p&typeid=i","cat":284597},{"id":24961,"n":"Soin de jour L'Oréal Paris Age Perfect anti-âge - 50ml","p":11.97,"pp":7.9,"u":"158,00 €/L","img":"https://fd1-photos.leclercdrive.fr/image.ashx?id=2868047&use=l&cat=p&typeid=i","cat":325345},{"id":24967,"n":"Fondue Savoyarde RichesMonts  3 fromages - 450g","p":5.17,"u":"11,49 €/KG","img":"https://fd1-photos.leclercdrive.fr/image.ashx?id=2986239&use=l&cat=p&typeid=i","cat":314037},{"id":24968,"n":"Fromage de chèvre Petit Billy 45%mg - 200g","p":2.61,"u":"13,05 €/KG","img":"https://fd1-photos.leclercdrive.fr/image.ashx?id=2543136&use=l&cat=p&typeid=i","cat":314031},{"id":24969,"n":"Bûche chèvre Soignon -25%sel - 180g","p":2.53,"u":"14,06 €/KG","img":"https://fd1-photos.leclercdrive.fr/image.ashx?id=2836484&use=l&cat=p&typeid=i","cat":314031},{"id":24970,"n":"Crottin de chèvre Rians 23%mg - 2x60g","p":2.63,"u":"21,92 €/KG","img":"https://fd1-photos.leclercdrive.fr/image.ashx?id=2762094&use=l&cat=p&typeid=i","cat":314031},{"id":24971,"n":"Fromage Le Chèvre Soignon Boîte - 180g","p":2.78,"u":"15,44 €/KG","img":"https://fd1-photos.leclercdrive.fr/image.ashx?id=2676723&use=l&cat=p&typeid=i","cat":314031},{"id":24972,"n":"Chèvre à dorer Les Croisés x4 - 100g","p":1.77,"u":"17,70 €/KG","img":"https://fd1-photos.leclercdrive.fr/image.ashx?id=2978528&use=l&cat=p&typeid=i","cat":314027},{"id":24977,"n":"Pain hot dog Jacquet x4 -  240g","p":1.67,"u":"6,96 €/KG","img":"https://fd1-photos.leclercdrive.fr/image.ashx?id=2799293&use=l&cat=p&typeid=i","cat":284985},{"id":25006,"n":"Sauce béchamel Maggi Saveur à l'ancienne sachet -60g","p":0.56,"u":"9,33 €/KG","img":"https://fd1-photos.leclercdrive.fr/image.ashx?id=2697297&use=l&cat=p&typeid=i","cat":288381},{"id":25010,"n":"Barres Chocolatées KINDER Maxi Chocolat au Lait x10 - 210g","p":3.03,"u":"14,43 €/KG","img":"https://fd1-photos.leclercdrive.fr/image.ashx?id=2679609&use=l&cat=p&typeid=i","cat":284498},{"id":25027,"n":"Pots soir bébé bio Babybio Légumes riz - 6 mois - 2x200g","p":2.64,"u":"6,60 €/KG","img":"https://fd1-photos.leclercdrive.fr/image.ashx?id=2833474&use=l&cat=p&typeid=i","cat":312239},{"id":25028,"n":"Assiette Babybio Bio 12 mois Panais carotte polenta - 230g","p":1.64,"u":"7,13 €/KG","img":"https://fd1-photos.leclercdrive.fr/image.ashx?id=2875390&use=l&cat=p&typeid=i","cat":312239},{"id":25029,"n":"Assiette bébé bio Babybio Légumes agneau - 12 mois - 230g","p":1.99,"u":"8,65 €/KG","img":"https://fd1-photos.leclercdrive.fr/image.ashx?id=2855909&use=l&cat=p&typeid=i","cat":312237},{"id":25030,"n":"Petits pots Babynat Petits pois Cabillaud - 8mois 2x200g","p":2.69,"u":"6,73 €/KG","img":"https://fd1-photos.leclercdrive.fr/image.ashx?id=2825742&use=l&cat=p&typeid=i","cat":312236},{"id":25034,"n":"Mousse Coiffante Franck Provost A l'Huile d'Argan - 300ml","p":4.53,"u":"15,10 €/L","img":"https://fd1-photos.leclercdrive.fr/image.ashx?id=2575615&use=l&cat=p&typeid=i","cat":284609},{"id":25035,"n":"Salade Menu Fraîcheur Concombre au fromage blanc 300g","p":1.64,"u":"5,47 €/KG","img":"https://fd1-photos.leclercdrive.fr/image.ashx?id=3005679&use=l&cat=p&typeid=i","cat":333657},{"id":25049,"n":"Lames de rasoir Carré Homme 3 lames - x4","p":3.45,"u":"0,86 €/P","img":"https://fd1-photos.leclercdrive.fr/image.ashx?id=2704624&use=l&cat=p&typeid=i","cat":284616},{"id":25051,"n":"Boulettes de boeuf Férial x30 - 900g","p":7.38,"u":"8,20 €/KG","img":"https://fd1-photos.leclercdrive.fr/image.ashx?id=2966520&use=l&cat=p&typeid=i","cat":319779},{"id":25061,"n":"Cornichons Rustica Vinaigre - 360g","p":1.65,"u":"4,58 €/KG","img":"https://fd1-photos.leclercdrive.fr/image.ashx?id=2799763&use=l&cat=p&typeid=i","cat":284458},{"id":25064,"n":"Film étirable Alfapac Extensible auto-adhérent 50m","p":2.1,"img":"https://fd1-photos.leclercdrive.fr/image.ashx?id=2918271&use=l&cat=p&typeid=i","cat":334134},{"id":25067,"n":"Oeufs frais De Nos Régions Plein Air - Label Rouge - x12","p":3.58,"u":"0,30 €/P","img":"https://fd1-photos.leclercdrive.fr/image.ashx?id=2969743&use=l&cat=p&typeid=i","cat":284378},{"id":25068,"n":"Oeufs frais De Nos Régions Plein Air - Label rouge - x6","p":1.79,"u":"0,30 €/P","img":"https://fd1-photos.leclercdrive.fr/image.ashx?id=2969725&use=l&cat=p&typeid=i","cat":284378},{"id":25079,"n":"Mozzarella bufala Casa Azzurra Boule - 125g","p":1.86,"u":"14,88 €/KG","img":"https://fd1-photos.leclercdrive.fr/image.ashx?id=2899533&use=l&cat=p&typeid=i","cat":314026},{"id":25080,"n":"Parmigiano Reggiano AOP Les Croisés - 200G","p":4.99,"u":"24,95 €/KG","img":"https://fd1-photos.leclercdrive.fr/image.ashx?id=2903959&use=l&cat=p&typeid=i","cat":314034},{"id":25085,"n":"Lait bio Bio Village Bouteille  Demi-écrémé UHT -  6x50cl","p":5.22,"u":"1,74 €/L","img":"https://fd1-photos.leclercdrive.fr/image.ashx?id=2970003&use=l&cat=p&typeid=i","cat":284377},{"id":25093,"n":"Yaourts brassés Délisse Fruits jaunes - 8x125 g","p":2.28,"u":"2,28 €/KG","img":"https://fd1-photos.leclercdrive.fr/image.ashx?id=2495536&use=l&cat=p&typeid=i","cat":284410},{"id":25095,"n":"Yaourts brassés Délisse Fruits rouges - 8X125g","p":2.27,"u":"2,27 €/KG","img":"https://fd1-photos.leclercdrive.fr/image.ashx?id=2494217&use=l&cat=p&typeid=i","cat":284410},{"id":25124,"n":"Pur jus Multifruits Bio Village Bio - 6x20cl","p":3.11,"u":"2,59 €/L","img":"https://fd1-photos.leclercdrive.fr/image.ashx?id=2843626&use=l&cat=p&typeid=i","cat":284524},{"id":25125,"n":"Pur jus d'orange Bio Village Bio - 6x20cl","p":2.99,"u":"2,49 €/L","img":"https://fd1-photos.leclercdrive.fr/image.ashx?id=2671016&use=l&cat=p&typeid=i","cat":284521},{"id":25151,"n":"Confiture Bonne Maman Abricots et Framboises - 370g","p":2.65,"u":"7,16 €/KG","img":"https://fd1-photos.leclercdrive.fr/image.ashx?id=2474990&use=l&cat=p&typeid=i","cat":284480},{"id":25164,"n":"Crème dessert Délisse Chocolat noir 4x125g","p":1.05,"u":"2,10 €/KG","img":"https://fd1-photos.leclercdrive.fr/image.ashx?id=2694283&use=l&cat=p&typeid=i","cat":285041},{"id":25171,"n":"Lardons fumés Tradilège Moins 25% de sel 2x75g","p":1.65,"u":"11,00 €/KG","img":"https://fd1-photos.leclercdrive.fr/image.ashx?id=2955267&use=l&cat=p&typeid=i","cat":316011},{"id":25172,"n":"Sacs poubelle 30L Alfapac Ultra résistant Coulissac - x20","p":3.32,"u":"0,17 €/P","img":"https://fd1-photos.leclercdrive.fr/image.ashx?id=2732359&use=l&cat=p&typeid=i","cat":285168},{"id":25178,"n":"Confiture Bonne Maman Prunes bocal - 370g","p":1.89,"u":"5,11 €/KG","img":"https://fd1-photos.leclercdrive.fr/image.ashx?id=2574008&use=l&cat=p&typeid=i","cat":284480},{"id":25179,"n":"Confiture aux myrtilles Andros Allégée - 350g","p":2.54,"u":"7,26 €/KG","img":"https://fd1-photos.leclercdrive.fr/image.ashx?id=2915700&use=l&cat=p&typeid=i","cat":284480},{"id":25183,"n":"Confiture à l'orange Andros Allégée - 350g","p":1.19,"u":"3,40 €/KG","img":"https://fd1-photos.leclercdrive.fr/image.ashx?id=2398418&use=l&cat=p&typeid=i","cat":284480},{"id":25203,"n":"Queues de crevettes Pêche Océan Décortiquées cuites 300g","p":6.58,"u":"21,93 €/KG","img":"https://fd1-photos.leclercdrive.fr/image.ashx?id=1976859&use=l&cat=p&typeid=i","cat":319787},{"id":25205,"n":"Pois carottes D'aucy  Tendres et fondants -530g","p":1.75,"u":"3,30 €/KG","img":"https://fd1-photos.leclercdrive.fr/image.ashx?id=2426367&use=l&cat=p&typeid=i","cat":312607},{"id":25207,"n":"Cornichons Rustica Extra fins - 185g","p":1.28,"u":"6,92 €/KG","img":"https://fd1-photos.leclercdrive.fr/image.ashx?id=2799760&use=l&cat=p&typeid=i","cat":284458},{"id":25283,"n":"Barres céréales Grany Pommes - 125g","p":1.79,"u":"14,32 €/KG","img":"https://fd1-photos.leclercdrive.fr/image.ashx?id=3002093&use=l&cat=p&typeid=i","cat":285869},{"id":25323,"n":"Protège pieds opaque Tissaia  T35/37 beige - x2","p":3.5,"u":"1,75 €/P","img":"https://fd1-photos.leclercdrive.fr/image.ashx?id=2193374&use=l&cat=p&typeid=i","cat":334130},{"id":25342,"n":"Céréales Trésor Kellogg's Chocolat au lait - 1kg","p":6.49,"u":"6,49 €/KG","img":"https://fd1-photos.leclercdrive.fr/image.ashx?id=2598319&use=l&cat=p&typeid=i","cat":309513},{"id":25343,"n":"Céréales Trésor de Kellogg's Chocolat Noisettes - 1kg","p":6.33,"u":"6,33 €/KG","img":"https://fd1-photos.leclercdrive.fr/image.ashx?id=2598316&use=l&cat=p&typeid=i","cat":309513},{"id":25359,"n":"Tablette chocolat blanc Lindt Vanille - 100g","p":2.39,"u":"23,90 €/KG","img":"https://fd1-photos.leclercdrive.fr/image.ashx?id=2755318&use=l&cat=p&typeid=i","cat":284957},{"id":25361,"n":"Chocolat Pâtissier Nestlé Dessert : Caramel - 170g","p":3.04,"u":"17,88 €/KG","img":"https://fd1-photos.leclercdrive.fr/image.ashx?id=2902346&use=l&cat=p&typeid=i","cat":285562},{"id":25366,"n":"Tablette de chocolat noir Lindt 90% cacao - 100g","p":2.29,"u":"22,90 €/KG","img":"https://fd1-photos.leclercdrive.fr/image.ashx?id=2689502&use=l&cat=p&typeid=i","cat":284956},{"id":25370,"n":"Tablette chocolat Côte d'Or Chocolat lait/Noisettes - 200g","p":4.17,"u":"20,85 €/KG","img":"https://fd1-photos.leclercdrive.fr/image.ashx?id=2961218&use=l&cat=p&typeid=i","cat":284497},{"id":25372,"n":"Tablette chocolat Milka Au lait du pays Alpin - 200g","p":2.63,"u":"13,15 €/KG","img":"https://fd1-photos.leclercdrive.fr/image.ashx?id=2994455&use=l&cat=p&typeid=i","cat":284497},{"id":25375,"n":"Tablette chocolat Milka Chocolat lait/Noisettes - 200g","p":3.51,"u":"17,55 €/KG","img":"https://fd1-photos.leclercdrive.fr/image.ashx?id=2381748&use=l&cat=p&typeid=i","cat":284497},{"id":25385,"n":"Tablette chocolat Côte d'Or Chocolat lait/praliné - 200g","p":3.48,"u":"17,40 €/KG","img":"https://fd1-photos.leclercdrive.fr/image.ashx?id=2938076&use=l&cat=p&typeid=i","cat":284497},{"id":25393,"n":"Pâte à pizza Bio Bio village - 260g","p":1.82,"u":"7,00 €/KG","img":"https://fd1-photos.leclercdrive.fr/image.ashx?id=2879955&use=l&cat=p&typeid=i","cat":333681},{"id":25407,"n":"Bonbons LUTTI Luttimint Menthe - 250g","p":1.76,"u":"7,04 €/KG","img":"https://fd1-photos.leclercdrive.fr/image.ashx?id=2815019&use=l&cat=p&typeid=i","cat":304252},{"id":25408,"n":"Dragolo Haribo Sachet bonbons - 300g","p":1.49,"u":"4,97 €/KG","img":"https://fd1-photos.leclercdrive.fr/image.ashx?id=2803574&use=l&cat=p&typeid=i","cat":304250},{"id":25424,"n":"Pâtes Farfalle Panzani 1kg","p":2.05,"u":"2,05 €/KG","img":"https://fd1-photos.leclercdrive.fr/image.ashx?id=2876047&use=l&cat=p&typeid=i","cat":284427},{"id":25425,"n":"Biscuits apéritif Lay's 3D's Goût Cacahuetes - 85g","p":0.8,"u":"9,41 €/KG","img":"https://fd1-photos.leclercdrive.fr/image.ashx?id=2916824&use=l&cat=p&typeid=i","cat":284449},{"id":25432,"n":"Herbes de provence Ducros Boîte ménagère 40g","p":1.67,"u":"41,75 €/KG","img":"https://fd1-photos.leclercdrive.fr/image.ashx?id=2486548&use=l&cat=p&typeid=i","cat":298297},{"id":25445,"n":"Lait poudre Croissance Modilac  De 12 mois à 36 mois - 800g","p":13.07,"u":"16,34 €/KG","img":"https://fd1-photos.leclercdrive.fr/image.ashx?id=2873390&use=l&cat=p&typeid=i","cat":290219},{"id":25446,"n":"Lait croissance Nidal Nestlé Dès 12 mois - 800g","p":9.02,"u":"11,28 €/KG","img":"https://fd1-photos.leclercdrive.fr/image.ashx?id=2806405&use=l&cat=p&typeid=i","cat":290219},{"id":25452,"n":"Sucettes au lait Chupa Chups Sachet - 192g","p":2.44,"u":"12,71 €/KG","img":"https://fd1-photos.leclercdrive.fr/image.ashx?id=2647648&use=l&cat=p&typeid=i","cat":304252},{"id":25482,"n":"Soupe liquide Liebig  Cèpes et Bolets - 1L","p":2.43,"u":"2,43 €/L","img":"https://fd1-photos.leclercdrive.fr/image.ashx?id=2766728&use=l&cat=p&typeid=i","cat":284462},{"id":25485,"n":"Miel de fleurs Lune de Miel Spécialités 500g","p":4.19,"u":"8,38 €/KG","img":"https://fd1-photos.leclercdrive.fr/image.ashx?id=2972409&use=l&cat=p&typeid=i","cat":287643},{"id":25491,"n":"Confiture Bonne Maman 4 fruits rouges 750g","p":4.65,"u":"6,20 €/KG","img":"https://fd1-photos.leclercdrive.fr/image.ashx?id=2663896&use=l&cat=p&typeid=i","cat":284480},{"id":25493,"n":"Bouillon Cube Maggi Pot au feu - 180g","p":1.49,"u":"8,28 €/KG","img":"https://fd1-photos.leclercdrive.fr/image.ashx?id=2212315&use=l&cat=p&typeid=i","cat":288379},{"id":25494,"n":"Allume feu cubes bois Harris 100% naturel - x40","p":2.2,"u":"0,06 €/P","img":"https://fd1-photos.leclercdrive.fr/image.ashx?id=1754539&use=l&cat=p&typeid=i","cat":300578},{"id":25499,"n":"Brosse à dents pro Dentamyl Blancheur x1","p":1.32,"img":"https://fd1-photos.leclercdrive.fr/image.ashx?id=2790916&use=l&cat=p&typeid=i","cat":284614},{"id":25516,"n":"Eau de source Cristaline 12x50cl","p":1.8,"u":"0,30 €/L","img":"https://fd1-photos.leclercdrive.fr/image.ashx?id=2872874&use=l&cat=p&typeid=i","cat":284535},{"id":25525,"n":"Boisson aux fruits Oasis Tropical - 4x50cl","p":4.4,"u":"2,20 €/L","img":"https://fd1-photos.leclercdrive.fr/image.ashx?id=3014446&use=l&cat=p&typeid=i","cat":295018},{"id":25530,"n":"Sucre Béghin Say pure canne petits morceaux - 1kg","p":2.58,"u":"2,58 €/KG","img":"https://fd1-photos.leclercdrive.fr/image.ashx?id=2949919&use=l&cat=p&typeid=i","cat":284502},{"id":25540,"n":"Soda à l'orange Orangina 4x50cl","p":4.44,"u":"2,22 €/L","img":"https://fd1-photos.leclercdrive.fr/image.ashx?id=2574952&use=l&cat=p&typeid=i","cat":284532},{"id":25541,"n":"Soda à l'orange Orangina 6x25cl","p":4.1,"u":"2,73 €/L","img":"https://fd1-photos.leclercdrive.fr/image.ashx?id=2495653&use=l&cat=p&typeid=i","cat":284532},{"id":25550,"n":"Soda Schweppes Indian Tonic Zero - 1,5L","p":1.72,"u":"1,15 €/L","img":"https://fd1-photos.leclercdrive.fr/image.ashx?id=2852393&use=l&cat=p&typeid=i","cat":284531},{"id":25553,"n":"Soda Schweppes Saveur Agrumes - 4x50cl","p":3.95,"u":"1,98 €/L","img":"https://fd1-photos.leclercdrive.fr/image.ashx?id=2852402&use=l&cat=p&typeid=i","cat":284532},{"id":25554,"n":"Soda Schweppes Saveur Citron Zero - 1,5L","p":1.69,"u":"1,13 €/L","img":"https://fd1-photos.leclercdrive.fr/image.ashx?id=2852396&use=l&cat=p&typeid=i","cat":284532},{"id":25557,"n":"Soda Schweppes Saveur Pomme - 1,5L","p":2.05,"u":"1,37 €/L","img":"https://fd1-photos.leclercdrive.fr/image.ashx?id=2852411&use=l&cat=p&typeid=i","cat":284532},{"id":25561,"n":"Jus de fruits Tropicana Multivitaminés Essentiels - 1L","p":2.37,"u":"2,37 €/L","img":"https://fd1-photos.leclercdrive.fr/image.ashx?id=2605641&use=l&cat=p&typeid=i","cat":284917},{"id":25567,"n":"Jus d'orange Jafaden A base de concentré  - 2L","p":3.51,"u":"1,76 €/L","img":"https://fd1-photos.leclercdrive.fr/image.ashx?id=2751892&use=l&cat=p&typeid=i","cat":284521},{"id":25576,"n":"Limonade Cristal Lorina 1,25L","p":2.3,"u":"1,84 €/L","img":"https://fd1-photos.leclercdrive.fr/image.ashx?id=2575555&use=l&cat=p&typeid=i","cat":284531},{"id":25587,"n":"Vin mousseux de France Kriter Blanc Brut - 75cl","p":4.85,"u":"6,47 €/L","img":"https://fd1-photos.leclercdrive.fr/image.ashx?id=2840868&use=l&cat=p&typeid=i","cat":284544},{"id":25589,"n":"Nectar Bio Pressade Orange pêche abricot - 1,5L","p":2.57,"u":"1,71 €/L","img":"https://fd1-photos.leclercdrive.fr/image.ashx?id=2732503&use=l&cat=p&typeid=i","cat":284521},{"id":25593,"n":"Boisson aux fruits Capri Sun Multivitaminé - 10x20cl","p":3.43,"u":"1,72 €/L","img":"https://fd1-photos.leclercdrive.fr/image.ashx?id=2447067&use=l&cat=p&typeid=i","cat":295018},{"id":25596,"n":"Nectar Bio Pressade Multifruits - 6x20cl","p":2.59,"u":"2,16 €/L","img":"https://fd1-photos.leclercdrive.fr/image.ashx?id=2732518&use=l&cat=p&typeid=i","cat":284524},{"id":25607,"n":"Eau minérale gazeuse Perrier  Naturelle  - 6x50cl","p":3.48,"u":"1,16 €/L","img":"https://fd1-photos.leclercdrive.fr/image.ashx?id=2493916&use=l&cat=p&typeid=i","cat":284536},{"id":25609,"n":"Saucisses aux lentilles  William Saurin- 840g","p":3.2,"u":"3,81 €/KG","img":"https://fd1-photos.leclercdrive.fr/image.ashx?id=2890070&use=l&cat=p&typeid=i","cat":284441},{"id":25613,"n":"Boisson énergétique Powerade Cerise - 50cl","p":1.14,"u":"2,28 €/L","img":"https://fd1-photos.leclercdrive.fr/image.ashx?id=2774220&use=l&cat=p&typeid=i","cat":284533},{"id":25614,"n":"Boisson Citronnade Pulco Citron - 1,5L","p":2.09,"u":"1,39 €/L","img":"https://fd1-photos.leclercdrive.fr/image.ashx?id=2941526&use=l&cat=p&typeid=i","cat":295018},{"id":25615,"n":"Concentré à diluer Pulco Agrumes - 70cl","p":2.82,"u":"4,03 €/L","img":"https://fd1-photos.leclercdrive.fr/image.ashx?id=2687851&use=l&cat=p&typeid=i","cat":295020},{"id":25619,"n":"Pastis Ricard Anisé 45% vol - 1,5L","p":29.69,"u":"19,79 €/L","img":"https://fd1-photos.leclercdrive.fr/image.ashx?id=2839115&use=l&cat=p&typeid=i","cat":284548},{"id":25623,"n":"Sirop Moulin de Valdonne  Kiwi banane - 70cl","p":3.03,"u":"4,33 €/L","img":"https://fd1-photos.leclercdrive.fr/image.ashx?id=2170580&use=l&cat=p&typeid=i","cat":295020},{"id":25627,"n":"Sirop Moulin de Valdonne Violette - 70cl","p":3.5,"u":"5,00 €/L","img":"https://fd1-photos.leclercdrive.fr/image.ashx?id=2756918&use=l&cat=p&typeid=i","cat":295020},{"id":25632,"n":"Vodka Absolut 40% vol - 70cl","p":17.14,"u":"24,49 €/L","img":"https://fd1-photos.leclercdrive.fr/image.ashx?id=2887239&use=l&cat=p&typeid=i","cat":284550},{"id":25656,"n":"Crème Pieds Anti-Callosités Et Cornes - 75ml","p":3.72,"u":"49,60 €/L","img":"https://fd1-photos.leclercdrive.fr/image.ashx?id=2981310&use=l&cat=p&typeid=i","cat":325354},{"id":25663,"n":"Chips à l'ancienne Pom'Lisse Nature - 270g","p":1.85,"u":"6,85 €/KG","img":"https://fd1-photos.leclercdrive.fr/image.ashx?id=2724835&use=l&cat=p&typeid=i","cat":284447},{"id":25685,"n":"Bouillon Cube Maggi Boeuf - 180g","p":1.49,"u":"8,28 €/KG","img":"https://fd1-photos.leclercdrive.fr/image.ashx?id=2882896&use=l&cat=p&typeid=i","cat":288379},{"id":25686,"n":"Bouillon Cube Maggi Volaille - 180g","p":1.49,"u":"8,28 €/KG","img":"https://fd1-photos.leclercdrive.fr/image.ashx?id=2737003&use=l&cat=p&typeid=i","cat":288379},{"id":25689,"n":"AOC Coteaux Varois rosé Terres de Saint-Louis - 75cl","p":5.5,"u":"7,33 €/L","img":"https://fd1-photos.leclercdrive.fr/image.ashx?id=2105905&use=l&cat=p&typeid=i","cat":289558},{"id":25729,"n":"Vinaigrette balsamique Puget Tomate séchée - 33cl","p":2.39,"u":"7,24 €/L","img":"https://fd1-photos.leclercdrive.fr/image.ashx?id=2912143&use=l&cat=p&typeid=i","cat":284456},{"id":25738,"n":"Blanc de poulet Fleury Michon -25% de sel x4 - 160g","p":2.05,"u":"12,81 €/KG","img":"https://fd1-photos.leclercdrive.fr/image.ashx?id=2885974&use=l&cat=p&typeid=i","cat":316010},{"id":25739,"n":"Bûche de chèvre Les Croisés Fondante 22%mg - 180g","p":1.84,"u":"10,22 €/KG","img":"https://fd1-photos.leclercdrive.fr/image.ashx?id=2946838&use=l&cat=p&typeid=i","cat":314031},{"id":25742,"n":"Macédoine Menu Fraîcheur  Légumes - 300g","p":1.59,"u":"5,30 €/KG","img":"https://fd1-photos.leclercdrive.fr/image.ashx?id=2901446&use=l&cat=p&typeid=i","cat":333657},{"id":25743,"n":"Mascarpone Les Croisés - 500g","p":3.08,"u":"6,16 €/KG","img":"https://fd1-photos.leclercdrive.fr/image.ashx?id=2123626&use=l&cat=p&typeid=i","cat":314026},{"id":25744,"n":"Nems au Poulet Tables du Monde  x4  - 280g","p":1.79,"u":"6,39 €/KG","img":"https://fd1-photos.leclercdrive.fr/image.ashx?id=2953338&use=l&cat=p&typeid=i","cat":333673},{"id":25746,"n":"Saucisse de volaille Tradilège  x10 350g","p":1.47,"u":"4,20 €/KG","img":"https://fd1-photos.leclercdrive.fr/image.ashx?id=2625110&use=l&cat=p&typeid=i","cat":316012},{"id":25748,"n":"Hachés au colin d'Alaska Pêche Océan - 200g","p":2.24,"u":"11,20 €/KG","img":"https://fd1-photos.leclercdrive.fr/image.ashx?id=2953623&use=l&cat=p&typeid=i","cat":284344},{"id":25749,"n":"Hachés au saumon Pêche Océan à la ciboulette - 200g","p":2.25,"u":"11,25 €/KG","img":"https://fd1-photos.leclercdrive.fr/image.ashx?id=2953632&use=l&cat=p&typeid=i","cat":284344},{"id":25751,"n":"Barres céréales moelleux Grany Fruits des bois - 192g","p":1.92,"u":"10,00 €/KG","img":"https://fd1-photos.leclercdrive.fr/image.ashx?id=2963916&use=l&cat=p&typeid=i","cat":285869},{"id":25759,"n":"Barquettes chats Gourmet Gold Double délice luxe mix - 12x85g","p":5.73,"u":"5,62 €/KG","img":"https://fd1-photos.leclercdrive.fr/image.ashx?id=2857096&use=l&cat=p&typeid=i","cat":285286},{"id":25762,"n":"Bâtonnets Dentastix Pedigree Grand chien x28 - 1080g","p":8.25,"u":"7,64 €/KG","img":"https://fd1-photos.leclercdrive.fr/image.ashx?id=2924776&use=l&cat=p&typeid=i","cat":294527},{"id":25764,"n":"Olives noires Tramier Dénoyautées - 150g","p":1.57,"u":"10,47 €/KG","img":"https://fd1-photos.leclercdrive.fr/image.ashx?id=2840814&use=l&cat=p&typeid=i","cat":284458},{"id":25765,"n":"Céréales Nestlé Mix Chocapic, Lion, Nesquik x6","p":2.27,"u":"11,95 €/KG","img":"https://fd1-photos.leclercdrive.fr/image.ashx?id=2981364&use=l&cat=p&typeid=i","cat":309513},{"id":25779,"n":"Yaourts Lait de chèvre Soignon Nature - 4x125g","p":2.21,"u":"4,42 €/KG","img":"https://fd1-photos.leclercdrive.fr/image.ashx?id=2518250&use=l&cat=p&typeid=i","cat":314998},{"id":25790,"n":"Sucre pure canne Bio Village En morceaux bio - 500g","p":2.09,"u":"4,18 €/KG","img":"https://fd1-photos.leclercdrive.fr/image.ashx?id=3010440&use=l&cat=p&typeid=i","cat":284502},{"id":25802,"n":"Allumettes allégées Tradilège Fumées - 2x75g","p":2.05,"u":"13,67 €/KG","img":"https://fd1-photos.leclercdrive.fr/image.ashx?id=2968640&use=l&cat=p&typeid=i","cat":316011},{"id":25805,"n":"Légumes pour pot au feu Panier du Primeur - 1kg","p":2.49,"u":"2,49 €/KG","img":"https://fd1-photos.leclercdrive.fr/image.ashx?id=2958717&use=l&cat=p&typeid=i","cat":284352},{"id":25806,"n":"Lingettes bébé H2O Biolane Epaisses - x72","p":1.79,"u":"0,02 €/P","img":"https://fd1-photos.leclercdrive.fr/image.ashx?id=2877910&use=l&cat=p&typeid=i","cat":284738},{"id":25808,"n":"Protection incontinence Chorys Homme - Important - x20","p":5.38,"u":"0,27 €/P","img":"https://fd1-photos.leclercdrive.fr/image.ashx?id=2672933&use=l&cat=p&typeid=i","cat":291514},{"id":25811,"n":"Salade Coleslaw Menu Fraîcheur  500g","p":1.83,"u":"3,66 €/KG","img":"https://fd1-photos.leclercdrive.fr/image.ashx?id=2645930&use=l&cat=p&typeid=i","cat":333657},{"id":25817,"n":"Emincés de saumon fumé ASC Ronde des mers - 100g","p":4.49,"u":"44,90 €/KG","img":"https://fd1-photos.leclercdrive.fr/image.ashx?id=2953620&use=l&cat=p&typeid=i","cat":285188},{"id":25818,"n":"Émincés de saumon fumé ASC Ronde de mers - 100g","p":4.49,"u":"44,90 €/KG","img":"https://fd1-photos.leclercdrive.fr/image.ashx?id=2953617&use=l&cat=p&typeid=i","cat":285188},{"id":25819,"n":"Feuilletés Jambon Emmental Coté Table - 2x140g","p":2.99,"u":"10,68 €/KG","img":"https://fd1-photos.leclercdrive.fr/image.ashx?id=2846517&use=l&cat=p&typeid=i","cat":333671},{"id":25820,"n":"Flammekueche Coté Table 350g","p":1.88,"u":"5,37 €/KG","img":"https://fd1-photos.leclercdrive.fr/image.ashx?id=2064819&use=l&cat=p&typeid=i","cat":333680},{"id":25822,"n":"Fromage à tartiner Les Croisés Nature - 24%mg - 300g","p":1.84,"u":"6,13 €/KG","img":"https://fd1-photos.leclercdrive.fr/image.ashx?id=1975032&use=l&cat=p&typeid=i","cat":314029},{"id":25828,"n":"Tagliatelles Fleury Michon saumon, crème ciboulette - 280g","p":2.48,"u":"8,86 €/KG","img":"https://fd1-photos.leclercdrive.fr/image.ashx?id=3003290&use=l&cat=p&typeid=i","cat":333665},{"id":25836,"n":"Choucroute garnie  William Saurin - 800g","p":3.95,"u":"4,94 €/KG","img":"https://fd1-photos.leclercdrive.fr/image.ashx?id=2890058&use=l&cat=p&typeid=i","cat":284441},{"id":25839,"n":"Couscous parfumé Tipiak Prêt en 5 min  - 500g","p":1.95,"u":"3,90 €/KG","img":"https://fd1-photos.leclercdrive.fr/image.ashx?id=2946937&use=l&cat=p&typeid=i","cat":284429},{"id":25841,"n":"Couscous Tipiak  Prêt en 1 min 30 s - 500g","p":1.27,"u":"2,54 €/KG","img":"https://fd1-photos.leclercdrive.fr/image.ashx?id=2640431&use=l&cat=p&typeid=i","cat":284429},{"id":25848,"n":"Lait de coco Suzi Wan 500ml","p":2.57,"u":"5,14 €/L","img":"https://fd1-photos.leclercdrive.fr/image.ashx?id=2892934&use=l&cat=p&typeid=i","cat":288992},{"id":25854,"n":"Mignonnettes Côte d'Or Chocolat noir /orange - 24x10g","p":5.08,"u":"21,17 €/KG","img":"https://fd1-photos.leclercdrive.fr/image.ashx?id=3009152&use=l&cat=p&typeid=i","cat":284499},{"id":25860,"n":"Pain au chocolat La Boulangère Pur beurre - x8 - 400g","p":2.79,"u":"6,98 €/KG","img":"https://fd1-photos.leclercdrive.fr/image.ashx?id=2912182&use=l&cat=p&typeid=i","cat":296366},{"id":25865,"n":"Préparation taboulé Tipiak Menthe citron olive - 350g","p":1.85,"u":"5,29 €/KG","img":"https://fd1-photos.leclercdrive.fr/image.ashx?id=2973862&use=l&cat=p&typeid=i","cat":284429},{"id":25868,"n":"Flocons d'avoine Quaker Oats Classic - 800g","p":2.24,"u":"2,80 €/KG","img":"https://fd1-photos.leclercdrive.fr/image.ashx?id=2344498&use=l&cat=p&typeid=i","cat":309512},{"id":25873,"n":"Rillettes à l'ancienne Hénaff Verrine - 180g","p":2.69,"u":"14,94 €/KG","img":"https://fd1-photos.leclercdrive.fr/image.ashx?id=2744989&use=l&cat=p&typeid=i","cat":305149},{"id":25879,"n":"Bâtonnets Dentastix Pedigree Petit chien x28 - 440g","p":5.49,"u":"12,48 €/KG","img":"https://fd1-photos.leclercdrive.fr/image.ashx?id=2877106&use=l&cat=p&typeid=i","cat":294527},{"id":25884,"n":"Carrés chocolat Côte d'Or Chocolat lait Noisettes -10x20g","p":4.81,"u":"24,05 €/KG","img":"https://fd1-photos.leclercdrive.fr/image.ashx?id=2826651&use=l&cat=p&typeid=i","cat":284497},{"id":25889,"n":"Mignonnettes Côte d'Or Chocolat au lait - 24x10g","p":5.6,"u":"23,33 €/KG","img":"https://fd1-photos.leclercdrive.fr/image.ashx?id=3002210&use=l&cat=p&typeid=i","cat":284499},{"id":25894,"n":"Mignonnettes Côte d'Or Chocolat noir - 24x10g","p":5.13,"u":"21,38 €/KG","img":"https://fd1-photos.leclercdrive.fr/image.ashx?id=3009116&use=l&cat=p&typeid=i","cat":284499},{"id":25898,"n":"Chocolat Nougatti Côte d'Or Nougat/chocolat au lait -270g","p":4.54,"u":"16,81 €/KG","img":"https://fd1-photos.leclercdrive.fr/image.ashx?id=2612388&use=l&cat=p&typeid=i","cat":284498},{"id":25913,"n":"Chocolat noir Côte d'Or Nougat 130g","p":2.8,"u":"21,54 €/KG","img":"https://fd1-photos.leclercdrive.fr/image.ashx?id=2985588&use=l&cat=p&typeid=i","cat":284956},{"id":25914,"n":"Tablette chocolat Côte d'Or Chocolat noir praliné - 200g","p":3.49,"u":"17,45 €/KG","img":"https://fd1-photos.leclercdrive.fr/image.ashx?id=2941943&use=l&cat=p&typeid=i","cat":284956},{"id":26035,"n":"Bain de bouche Dentamyl Fraîcheur menthe - 500ml","p":1.89,"u":"3,78 €/L","img":"https://fd1-photos.leclercdrive.fr/image.ashx?id=2526604&use=l&cat=p&typeid=i","cat":284613},{"id":26038,"n":"Recharge savon mains Manava Crème Lait et miel - 250ml","p":0.57,"u":"2,28 €/L","img":"https://fd1-photos.leclercdrive.fr/image.ashx?id=2935489&use=l&cat=p&typeid=i","cat":284597},{"id":26040,"n":"Recharge savon mains Manava Gel spécial cuisine - 250ml","p":0.66,"u":"2,64 €/L","img":"https://fd1-photos.leclercdrive.fr/image.ashx?id=2935492&use=l&cat=p&typeid=i","cat":284597},{"id":26045,"n":"Activateur biologique Syphon Pour fosses septiques 26sachets","p":6.23,"img":"https://fd1-photos.leclercdrive.fr/image.ashx?id=2558805&use=l&cat=p&typeid=i","cat":284908},{"id":26087,"n":"Fromage blanc sous mousse  gervita nature - 8x100g","p":3.55,"u":"4,44 €/KG","img":"https://fd1-photos.leclercdrive.fr/image.ashx?id=2265768&use=l&cat=p&typeid=i","cat":284409},{"id":26183,"n":"Adoucissant Hyperdou Rêve de fraîcheur - 3x250ml","p":1.23,"u":"1,64 €/L","img":"https://fd1-photos.leclercdrive.fr/image.ashx?id=2643318&use=l&cat=p&typeid=i","cat":284650},{"id":26184,"n":"Adoucissant Hyperdou Senteur de provence - 3x250ml","p":1.2,"u":"1,60 €/L","img":"https://fd1-photos.leclercdrive.fr/image.ashx?id=2675685&use=l&cat=p&typeid=i","cat":284650},{"id":26185,"n":"Lingettes désinfectante Sanytol Multi-usage Eucalyptus - x72","p":1.58,"u":"0,03 €/P","img":"https://fd1-photos.leclercdrive.fr/image.ashx?id=2899353&use=l&cat=p&typeid=i","cat":325358},{"id":26223,"n":"Sauce Sacla'Italia Arrabbiata - 190g","p":1.85,"u":"9,74 €/KG","img":"https://fd1-photos.leclercdrive.fr/image.ashx?id=2971413&use=l&cat=p&typeid=i","cat":287599},{"id":26258,"n":"Madeleines coquilles P'tit déli Sachet 600g","p":2.39,"u":"3,98 €/KG","img":"https://fd1-photos.leclercdrive.fr/image.ashx?id=2540948&use=l&cat=p&typeid=i","cat":284492},{"id":26271,"n":"Rôti de porc Tradilège 6 tranches VPF 180g","p":2.38,"u":"13,22 €/KG","img":"https://fd1-photos.leclercdrive.fr/image.ashx?id=2675786&use=l&cat=p&typeid=i","cat":316009},{"id":26278,"n":"Mélange chili mexicain Ducros Sachet malin - 20g","p":1.18,"u":"59,00 €/KG","img":"https://fd1-photos.leclercdrive.fr/image.ashx?id=2326661&use=l&cat=p&typeid=i","cat":298297},{"id":26279,"n":"Mélange couscous royal Ducros Sachet malin - 20g","p":1.46,"u":"73,00 €/KG","img":"https://fd1-photos.leclercdrive.fr/image.ashx?id=2490491&use=l&cat=p&typeid=i","cat":298297},{"id":26281,"n":"Mélange malin Ducros Pour plats Mexicains - 40g","p":1.92,"u":"48,00 €/KG","img":"https://fd1-photos.leclercdrive.fr/image.ashx?id=2559445&use=l&cat=p&typeid=i","cat":298297},{"id":26286,"n":"Soupe instantanée Royco  Crème de Champignons - 4x200ml","p":1.34,"u":"22,33 €/KG","img":"https://fd1-photos.leclercdrive.fr/image.ashx?id=2650979&use=l&cat=p&typeid=i","cat":293527},{"id":26289,"n":"Sauce froide Suzi Wan Aigre douce 330g","p":1.86,"u":"5,64 €/KG","img":"https://fd1-photos.leclercdrive.fr/image.ashx?id=2990886&use=l&cat=p&typeid=i","cat":288992},{"id":26296,"n":"IGP Terrine Bretonne Hénaff Label Rouge - 200g","p":2.18,"u":"10,90 €/KG","img":"https://fd1-photos.leclercdrive.fr/image.ashx?id=2664482&use=l&cat=p&typeid=i","cat":305149},{"id":26302,"n":"AOP Crémant de Loire Mlle Ladubay Blanc brut - 75cl","p":6.55,"u":"8,73 €/L","img":"https://fd1-photos.leclercdrive.fr/image.ashx?id=2246653&use=l&cat=p&typeid=i","cat":284545},{"id":26307,"n":"Boisson énergisante Red Bull 473ml","p":2.06,"u":"4,36 €/L","img":"https://fd1-photos.leclercdrive.fr/image.ashx?id=3011986&use=l&cat=p&typeid=i","cat":284533},{"id":26308,"n":"Boisson énergisante Red Bull 355ml","p":1.6,"u":"4,51 €/L","img":"https://fd1-photos.leclercdrive.fr/image.ashx?id=3011980&use=l&cat=p&typeid=i","cat":284533},{"id":26310,"n":"Cornichons Kühne Aigre doux - 360g","p":2.19,"u":"6,08 €/KG","img":"https://fd1-photos.leclercdrive.fr/image.ashx?id=2550925&use=l&cat=p&typeid=i","cat":284458},{"id":26316,"n":"Mini-crêpes fourrées Tokapi Bacon - 65g","p":1.9,"u":"29,23 €/KG","img":"https://fd1-photos.leclercdrive.fr/image.ashx?id=2853886&use=l&cat=p&typeid=i","cat":297000},{"id":26320,"n":"Oignons frits snack Kühne Boîte -  100g","p":1.34,"u":"13,40 €/KG","img":"https://fd1-photos.leclercdrive.fr/image.ashx?id=2447079&use=l&cat=p&typeid=i","cat":298297},{"id":26361,"n":"Levure super active Vahiné Spécial pain sachet 6x27.6g","p":1.14,"u":"6,79 €/KG","img":"https://fd1-photos.leclercdrive.fr/image.ashx?id=2606259&use=l&cat=p&typeid=i","cat":294686},{"id":26376,"n":"Pepites de chocolat au lait Vahiné - 100g","p":2.39,"u":"23,90 €/KG","img":"https://fd1-photos.leclercdrive.fr/image.ashx?id=2983243&use=l&cat=p&typeid=i","cat":284504},{"id":26377,"n":"Pépites Vahiné Chocolat chunks - 100g","p":2.8,"u":"28,00 €/KG","img":"https://fd1-photos.leclercdrive.fr/image.ashx?id=2606262&use=l&cat=p&typeid=i","cat":284504},{"id":26384,"n":"Pépites Vahiné Chocolat noir 200g","p":3.89,"u":"19,45 €/KG","img":"https://fd1-photos.leclercdrive.fr/image.ashx?id=2606265&use=l&cat=p&typeid=i","cat":284504},{"id":26398,"n":"Sucre vanilliné Vahiné 10 sachets 75g","p":0.78,"u":"10,40 €/KG","img":"https://fd1-photos.leclercdrive.fr/image.ashx?id=2490539&use=l&cat=p&typeid=i","cat":294686},{"id":26443,"n":"Liqueur Litchi Yen Li 15%vol. - 70cl","p":7.23,"u":"10,33 €/L","img":"https://fd1-photos.leclercdrive.fr/image.ashx?id=2710789&use=l&cat=p&typeid=i","cat":286032},{"id":26449,"n":"Vin mousseux supérieur Opéra Brut 11%vol 75cl","p":3.0,"u":"4,00 €/L","img":"https://fd1-photos.leclercdrive.fr/image.ashx?id=2971999&use=l&cat=p&typeid=i","cat":284544},{"id":26453,"n":"Eau gazeuse Cristaline 6x50cl","p":1.45,"u":"0,48 €/L","img":"https://fd1-photos.leclercdrive.fr/image.ashx?id=2694605&use=l&cat=p&typeid=i","cat":284536},{"id":26460,"n":"Oignon rose de Roscoff AOP NRT - 1kg","p":3.99,"u":"3,99 €/KG","img":"https://fd1-photos.leclercdrive.fr/image.ashx?id=2726433&use=l&cat=p&typeid=i","cat":284352},{"id":26465,"n":"Steak haché 15% MG Bio Village Bio 2x100g","p":4.19,"u":"20,95 €/KG","img":"https://fd1-photos.leclercdrive.fr/image.ashx?id=2951341&use=l&cat=p&typeid=i","cat":284332},{"id":26484,"n":"Croquette chat stérilisé Ultima  Poulet - 3kg","p":11.25,"u":"3,75 €/KG","img":"https://fd1-photos.leclercdrive.fr/image.ashx?id=2918886&use=l&cat=p&typeid=i","cat":284680},{"id":26493,"n":"Pizza Merveillosa Turini Mozzarella - 335g","p":2.15,"u":"6,42 €/KG","img":"https://fd1-photos.leclercdrive.fr/image.ashx?id=2579363&use=l&cat=p&typeid=i","cat":284256},{"id":26494,"n":"Pizza Merveillosa Turini Thon - 355g","p":2.25,"u":"6,34 €/KG","img":"https://fd1-photos.leclercdrive.fr/image.ashx?id=2815238&use=l&cat=p&typeid=i","cat":284256},{"id":26512,"n":"Fromage blanc Délisse Fraise 5.5%MG - 500g","p":2.55,"u":"5,10 €/KG","img":"https://fd1-photos.leclercdrive.fr/image.ashx?id=3009514&use=l&cat=p&typeid=i","cat":284409},{"id":26569,"n":"Filet de poulet blanc Le Gaulois 720g","p":7.88,"u":"10,94 €/KG","img":"https://fd1-photos.leclercdrive.fr/image.ashx?id=3003212&use=l&cat=p&typeid=i","cat":284336},{"id":26611,"n":"Sel moulu Le Guérandais Tradition - 250g","p":1.71,"u":"6,84 €/KG","img":"https://fd1-photos.leclercdrive.fr/image.ashx?id=1954622&use=l&cat=p&typeid=i","cat":284457},{"id":26646,"n":"AOP Champagne Brut Nicolas Feuillatte Grande Réserve 75cl","p":22.35,"pp":20.11,"u":"26,81 €/L","img":"https://fd1-photos.leclercdrive.fr/image.ashx?id=2733184&use=l&cat=p&typeid=i","cat":284542},{"id":26647,"n":"Chair à saucisses porc Férial 400g","p":3.49,"u":"8,73 €/KG","img":"https://fd1-photos.leclercdrive.fr/image.ashx?id=2953308&use=l&cat=p&typeid=i","cat":284332},{"id":26648,"n":"Couscous Grain Moyen Regia - 500G","p":1.22,"u":"2,44 €/KG","img":"https://fd1-photos.leclercdrive.fr/image.ashx?id=2870206&use=l&cat=p&typeid=i","cat":284429},{"id":26649,"n":"Cacahuètes Benenuts-Twinuts Nature Sel - 150g","p":1.09,"u":"7,27 €/KG","img":"https://fd1-photos.leclercdrive.fr/image.ashx?id=2967735&use=l&cat=p&typeid=i","cat":284448},{"id":26651,"n":"Farine de blé Coeur de Blé 1kg","p":1.19,"u":"1,19 €/KG","img":"https://fd1-photos.leclercdrive.fr/image.ashx?id=2642639&use=l&cat=p&typeid=i","cat":284503},{"id":26652,"n":"Farine blé fluide Coeur de blé 1kg","p":1.1,"u":"1,10 €/KG","img":"https://fd1-photos.leclercdrive.fr/image.ashx?id=2335754&use=l&cat=p&typeid=i","cat":284503},{"id":26653,"n":"Farine Coeur de blé Bio - 1kg","p":2.08,"u":"2,08 €/KG","img":"https://fd1-photos.leclercdrive.fr/image.ashx?id=2383790&use=l&cat=p&typeid=i","cat":284503},{"id":26659,"n":"Fonds d'artichauts Notre Jardin 210g","p":2.75,"u":"13,10 €/KG","img":"https://fd1-photos.leclercdrive.fr/image.ashx?id=2607921&use=l&cat=p&typeid=i","cat":312611},{"id":26663,"n":"Farine de sarrasin Treblec 1kg","p":2.55,"u":"2,55 €/KG","img":"https://fd1-photos.leclercdrive.fr/image.ashx?id=2734843&use=l&cat=p&typeid=i","cat":284503},{"id":26695,"n":"Dos de cabillaud 300g","p":10.47,"u":"34,90 €/KG","img":"https://fd1-photos.leclercdrive.fr/image.ashx?id=630550&use=l&cat=p&typeid=i","cat":284342},{"id":26708,"n":"Cacahuètes Benenuts-Twinuts Bacon Grillé - 150g","p":1.09,"u":"7,27 €/KG","img":"https://fd1-photos.leclercdrive.fr/image.ashx?id=2967738&use=l&cat=p&typeid=i","cat":284448},{"id":26713,"n":"Brownie Brossard Chocolat pépites 285g","p":2.67,"u":"9,37 €/KG","img":"https://fd1-photos.leclercdrive.fr/image.ashx?id=2977492&use=l&cat=p&typeid=i","cat":294776},{"id":26720,"n":"Lentilles Préparées Cassegrain Tendres et Fondantes 130g","p":1.07,"u":"8,23 €/KG","img":"https://fd1-photos.leclercdrive.fr/image.ashx?id=2912992&use=l&cat=p&typeid=i","cat":312609},{"id":26722,"n":"Ratatouille Cuisinée Cassegrain à la Provençale 660g","p":3.65,"u":"5,53 €/KG","img":"https://fd1-photos.leclercdrive.fr/image.ashx?id=2902660&use=l&cat=p&typeid=i","cat":312612},{"id":26732,"n":"Jeunes pousses Bonduelle  - 145g","p":2.14,"u":"14,76 €/KG","img":"https://fd1-photos.leclercdrive.fr/image.ashx?id=2556900&use=l&cat=p&typeid=i","cat":284353},{"id":26733,"n":"Dessert végétal au soja Sojasun Nature - 12x100g","p":2.89,"u":"2,41 €/KG","img":"https://fd1-photos.leclercdrive.fr/image.ashx?id=2355665&use=l&cat=p&typeid=i","cat":316071},{"id":26765,"n":"Mayonnaise Rustica A la moutarde de Dijon - 470g","p":1.6,"u":"3,40 €/KG","img":"https://fd1-photos.leclercdrive.fr/image.ashx?id=2954361&use=l&cat=p&typeid=i","cat":298295},{"id":26797,"n":"Compote Douceur du Verger Coupelle pomme fraise - 4x100g","p":1.15,"u":"2,88 €/KG","img":"https://fd1-photos.leclercdrive.fr/image.ashx?id=2663503&use=l&cat=p&typeid=i","cat":284508},{"id":26800,"n":"Le Pâté Hénaff Filets et jambons - 1kg","p":12.13,"u":"12,13 €/KG","img":"https://fd1-photos.leclercdrive.fr/image.ashx?id=3004375&use=l&cat=p&typeid=i","cat":305149},{"id":26801,"n":"Langue de boeuf Hénaff Sauce Madère 410g","p":5.22,"u":"12,73 €/KG","img":"https://fd1-photos.leclercdrive.fr/image.ashx?id=2334359&use=l&cat=p&typeid=i","cat":284441},{"id":26805,"n":"Crêpes dentelle Gavottes Nature étui 125g","p":1.95,"u":"15,60 €/KG","img":"https://fd1-photos.leclercdrive.fr/image.ashx?id=2664473&use=l&cat=p&typeid=i","cat":284487},{"id":26808,"n":"Thon blanc entier Connétable Naturel Label Rouge - 120g","p":3.18,"u":"26,50 €/KG","img":"https://fd1-photos.leclercdrive.fr/image.ashx?id=2901935&use=l&cat=p&typeid=i","cat":303867},{"id":26809,"n":"AOP Chevergny blanc L'Excellence - 75cl","p":5.5,"u":"7,33 €/L","img":"https://fd1-photos.leclercdrive.fr/image.ashx?id=969477&use=l&cat=p&typeid=i","cat":289557},{"id":26814,"n":"Bière blonde Coreff 4.2%vol. - 20x25cl","p":16.45,"u":"3,29 €/L","img":"https://fd1-photos.leclercdrive.fr/image.ashx?id=2022210&use=l&cat=p&typeid=i","cat":334872},{"id":26818,"n":"Boisson base vin rosée Very Pamp Pamplemousse - 75cl","p":2.99,"u":"3,99 €/L","img":"https://fd1-photos.leclercdrive.fr/image.ashx?id=2446629&use=l&cat=p&typeid=i","cat":304569},{"id":26819,"n":"Boisson aromatisée Vin rosé Pamplemousse 7.5%,vol BIB 3L","p":9.44,"u":"3,15 €/L","img":"https://fd1-photos.leclercdrive.fr/image.ashx?id=2470024&use=l&cat=p&typeid=i","cat":304569},{"id":26820,"n":"IGP Pays d'Oc rouge Roche Mazet Merlot - BIB 3L","p":10.56,"u":"3,52 €/L","img":"https://fd1-photos.leclercdrive.fr/image.ashx?id=2597387&use=l&cat=p&typeid=i","cat":289560},{"id":26824,"n":"Beurre Moulé Paysan Breton Sel de guérande - 80% MG - 500g","p":5.19,"u":"10,38 €/KG","img":"https://fd1-photos.leclercdrive.fr/image.ashx?id=2960783&use=l&cat=p&typeid=i","cat":284379},{"id":26840,"n":"Spray Détachant Vanish  Avant-lavage - 750ml","p":4.2,"u":"5,60 €/L","img":"https://fd1-photos.leclercdrive.fr/image.ashx?id=2963913&use=l&cat=p&typeid=i","cat":284651},{"id":26877,"n":"Crackers Mini pizza Tokapi 85g","p":0.69,"u":"8,12 €/KG","img":"https://fd1-photos.leclercdrive.fr/image.ashx?id=2351232&use=l&cat=p&typeid=i","cat":297000},{"id":26926,"n":"Couches bébé Mots d'Enfants -T3 Ultra confort - 4/9kg - x162","p":19.7,"u":"0,12 €/P","img":"https://fd1-photos.leclercdrive.fr/image.ashx?id=2573987&use=l&cat=p&typeid=i","cat":284737},{"id":26978,"n":"Chewing-gum menthol Airwaves Eucalyptus s/sucre 5x10","p":2.17,"img":"https://fd1-photos.leclercdrive.fr/image.ashx?id=2355902&use=l&cat=p&typeid=i","cat":304251},{"id":26979,"n":"Chewing-gum Airwaves Cool cassis s/sucre 5x10","p":2.11,"img":"https://fd1-photos.leclercdrive.fr/image.ashx?id=2355905&use=l&cat=p&typeid=i","cat":304251},{"id":26988,"n":"Courgette Eco+ 1kg","p":2.49,"u":"2,49 €/KG","img":"https://fd1-photos.leclercdrive.fr/image.ashx?id=2625689&use=l&cat=p&typeid=i","cat":284352},{"id":26998,"n":"Sachet repas chats Gourmet Les filettines en sauce -12x85g","p":5.45,"u":"5,34 €/KG","img":"https://fd1-photos.leclercdrive.fr/image.ashx?id=2902277&use=l&cat=p&typeid=i","cat":285286},{"id":27070,"n":"Bâtonnets Oasis Tropical x10 - 400g","p":2.6,"u":"6,50 €/KG","img":"https://fd1-photos.leclercdrive.fr/image.ashx?id=2877829&use=l&cat=p&typeid=i","cat":285250},{"id":27086,"n":"Crème légère fluide UHT Bio Bio Village 15%mg - 3x20cl","p":3.65,"u":"6,08 €/L","img":"https://fd1-photos.leclercdrive.fr/image.ashx?id=2694434&use=l&cat=p&typeid=i","cat":284381},{"id":27087,"n":"Crème entière fluide UHT Bio Bio Village 30% MG - 3x20cl","p":3.96,"u":"6,60 €/L","img":"https://fd1-photos.leclercdrive.fr/image.ashx?id=2496899&use=l&cat=p&typeid=i","cat":284381},{"id":27093,"n":"Compote Douceur du Verger Coupelle pomme abricot - 4x100g","p":1.19,"u":"2,98 €/KG","img":"https://fd1-photos.leclercdrive.fr/image.ashx?id=2663500&use=l&cat=p&typeid=i","cat":284508},{"id":27096,"n":"Mayonnaise allégée Rustica 450g","p":1.13,"u":"2,51 €/KG","img":"https://fd1-photos.leclercdrive.fr/image.ashx?id=3005682&use=l&cat=p&typeid=i","cat":298295},{"id":27098,"n":"Café moulu Plantation Brésil - 250g","p":3.71,"u":"14,84 €/KG","img":"https://fd1-photos.leclercdrive.fr/image.ashx?id=2607512&use=l&cat=p&typeid=i","cat":284750},{"id":27106,"n":"Couches bébé Mots d'Enfants Mini - T2 : 3/6kg - x35 changes","p":5.18,"u":"0,15 €/P","img":"https://fd1-photos.leclercdrive.fr/image.ashx?id=2904568&use=l&cat=p&typeid=i","cat":284737},{"id":27108,"n":"Steak haché 5%mg Férial façon bouchère - 250g","p":4.49,"u":"17,96 €/KG","img":"https://fd1-photos.leclercdrive.fr/image.ashx?id=2903989&use=l&cat=p&typeid=i","cat":284332},{"id":27109,"n":"Steak haché 15mg Férial Façon bouchère - 250g","p":3.99,"u":"15,96 €/KG","img":"https://fd1-photos.leclercdrive.fr/image.ashx?id=2903992&use=l&cat=p&typeid=i","cat":284332},{"id":27114,"n":"Lait céréales Blédidej 12 mois Chocolat - 4x250ml","p":3.59,"u":"3,59 €/L","img":"https://fd1-photos.leclercdrive.fr/image.ashx?id=2921058&use=l&cat=p&typeid=i","cat":312226},{"id":27123,"n":"Petit sucre Beghin Say Morceaux boite - 1kg","p":2.58,"u":"2,58 €/KG","img":"https://fd1-photos.leclercdrive.fr/image.ashx?id=2855100&use=l&cat=p&typeid=i","cat":284502},{"id":27129,"n":"Papillotes Préparation Maggi Poulet ail et oignons - 36g","p":0.66,"u":"18,33 €/KG","img":"https://fd1-photos.leclercdrive.fr/image.ashx?id=2965295&use=l&cat=p&typeid=i","cat":288380},{"id":27158,"n":"Mini Barre Chocolat Lait KitKat x21 barres - 350g","p":4.51,"u":"12,89 €/KG","img":"https://fd1-photos.leclercdrive.fr/image.ashx?id=2762611&use=l&cat=p&typeid=i","cat":284498},{"id":27174,"n":"Bière blonde Tripel Karmeliet 8,4% - 75cl","p":4.64,"u":"6,19 €/L","img":"https://fd1-photos.leclercdrive.fr/image.ashx?id=2861180&use=l&cat=p&typeid=i","cat":334872},{"id":27178,"n":"Friandises Fun Tastix Fido Jambon fromage - 150g","p":1.55,"u":"10,33 €/KG","img":"https://fd1-photos.leclercdrive.fr/image.ashx?id=2681212&use=l&cat=p&typeid=i","cat":294527},{"id":27284,"n":"Gingembre Barquette   250g","p":1.39,"u":"5,56 €/KG","img":"https://fd1-photos.leclercdrive.fr/image.ashx?id=1631979&use=l&cat=p&typeid=i","cat":284352},{"id":27366,"n":"Viande haché 5% MG Bio Village Bio 350g","p":7.99,"u":"22,83 €/KG","img":"https://fd1-photos.leclercdrive.fr/image.ashx?id=2942256&use=l&cat=p&typeid=i","cat":284332},{"id":27367,"n":"Vin d'Union Européenne blanc François D'Aubigné - 75 cl","p":1.45,"u":"1,93 €/L","img":"https://fd1-photos.leclercdrive.fr/image.ashx?id=2939043&use=l&cat=p&typeid=i","cat":289557},{"id":27374,"n":"Délices au caramel Lightbody Sel de guérande 320g","p":3.95,"u":"12,34 €/KG","img":"https://fd1-photos.leclercdrive.fr/image.ashx?id=2673878&use=l&cat=p&typeid=i","cat":284360},{"id":27434,"n":"Coupelles Pêches DDV Sirop léger - 4x70 g","p":2.49,"u":"8,89 €/KG","img":"https://fd1-photos.leclercdrive.fr/image.ashx?id=2100784&use=l&cat=p&typeid=i","cat":284507},{"id":27454,"n":"Maïs Notre Jardin Croquant - 3x140g","p":1.83,"u":"4,36 €/KG","img":"https://fd1-photos.leclercdrive.fr/image.ashx?id=2052802&use=l&cat=p&typeid=i","cat":312611},{"id":27523,"n":"Colin d'Alaska Pêche Océan À la parisienne - MSC - 400g","p":2.68,"u":"6,70 €/KG","img":"https://fd1-photos.leclercdrive.fr/image.ashx?id=2930120&use=l&cat=p&typeid=i","cat":319786},{"id":27524,"n":"Colin d'Alaska Côté Table A la provençale - MSC - 400g","p":2.83,"u":"7,08 €/KG","img":"https://fd1-photos.leclercdrive.fr/image.ashx?id=2930123&use=l&cat=p&typeid=i","cat":319786},{"id":27531,"n":"Assortiment exotique Tables du Monde 470g","p":4.79,"u":"10,19 €/KG","img":"https://fd1-photos.leclercdrive.fr/image.ashx?id=2967664&use=l&cat=p&typeid=i","cat":333673},{"id":27563,"n":"Blocs WC 3en1 Syphon Javel + Eau bleue - x2","p":1.5,"u":"0,75 €/P","img":"https://fd1-photos.leclercdrive.fr/image.ashx?id=2637643&use=l&cat=p&typeid=i","cat":284662},{"id":27721,"n":"Emmental Les Croisés En tranches - 200g","p":1.94,"u":"9,70 €/KG","img":"https://fd1-photos.leclercdrive.fr/image.ashx?id=2436317&use=l&cat=p&typeid=i","cat":314028},{"id":27798,"n":"Bière ambrée corse Pietra 6° - 75cl","p":3.65,"u":"4,87 €/L","img":"https://fd1-photos.leclercdrive.fr/image.ashx?id=2992921&use=l&cat=p&typeid=i","cat":334872},{"id":27836,"n":"Pizza Crousti-moelleuse Marie Poulet kebab - 530g","p":3.98,"u":"7,51 €/KG","img":"https://fd1-photos.leclercdrive.fr/image.ashx?id=2996752&use=l&cat=p&typeid=i","cat":284256},{"id":27858,"n":"IGP Ile de Beauté rosé Cinsault Terrazza Isula Sciaccarellu75cl","p":5.9,"u":"7,87 €/L","img":"https://fd1-photos.leclercdrive.fr/image.ashx?id=2657778&use=l&cat=p&typeid=i","cat":289558},{"id":27941,"n":"Cotons Duo Démaquillants Inell Disques x110","p":0.97,"img":"https://fd1-photos.leclercdrive.fr/image.ashx?id=1709588&use=l&cat=p&typeid=i","cat":285593},{"id":27961,"n":"Poulet basquaise Marie Riz à la tomate - 900g","p":4.59,"u":"5,10 €/KG","img":"https://fd1-photos.leclercdrive.fr/image.ashx?id=2996779&use=l&cat=p&typeid=i","cat":284254},{"id":27976,"n":"Eau minérale naturelle Vittel 8x33cl","p":2.6,"u":"0,98 €/L","img":"https://fd1-photos.leclercdrive.fr/image.ashx?id=3000423&use=l&cat=p&typeid=i","cat":284535},{"id":27977,"n":"Eau minérale naturelle Vittel 6x50cl","p":2.34,"u":"0,78 €/L","img":"https://fd1-photos.leclercdrive.fr/image.ashx?id=2999850&use=l&cat=p&typeid=i","cat":284535},{"id":28016,"n":"Haché de veau Tendriade Tendre nature - 200g","p":3.69,"u":"18,45 €/KG","img":"https://fd1-photos.leclercdrive.fr/image.ashx?id=2846445&use=l&cat=p&typeid=i","cat":284332},{"id":28021,"n":"Dentifrice enfant Dentamyl Gel fraise - 75ml","p":1.25,"u":"16,67 €/L","img":"https://fd1-photos.leclercdrive.fr/image.ashx?id=2613831&use=l&cat=p&typeid=i","cat":288898},{"id":28023,"n":"Duo céréales Comptoir du Grain  Quinoa et Boulgour - 400g","p":2.05,"u":"5,13 €/KG","img":"https://fd1-photos.leclercdrive.fr/image.ashx?id=3012830&use=l&cat=p&typeid=i","cat":284429},{"id":28076,"n":"AOP Madiran rouge Terroirs de Tilhet - 75cl","p":5.25,"pp":3.46,"u":"4,61 €/L","img":"https://fd1-photos.leclercdrive.fr/image.ashx?id=2996830&use=l&cat=p&typeid=i","cat":289556},{"id":28078,"n":"Coton bébé Mots d'Enfants Duo maxi carrés - x80","p":1.79,"u":"0,02 €/P","img":"https://fd1-photos.leclercdrive.fr/image.ashx?id=1947722&use=l&cat=p&typeid=i","cat":284739},{"id":28104,"n":"IGP Pays d'Oc Merlot vin rosé Vieux Carion 12.5% vol -75 cl","p":2.25,"u":"3,00 €/L","img":"https://fd1-photos.leclercdrive.fr/image.ashx?id=2903962&use=l&cat=p&typeid=i","cat":289558},{"id":28203,"n":"Fromage : Le Carré Les Croisés 23%mg - 230g","p":1.92,"u":"8,35 €/KG","img":"https://fd1-photos.leclercdrive.fr/image.ashx?id=2974801&use=l&cat=p&typeid=i","cat":314033},{"id":28209,"n":"Noix de cajou grillées Tokapi Salées - 125g","p":1.48,"u":"11,84 €/KG","img":"https://fd1-photos.leclercdrive.fr/image.ashx?id=2968625&use=l&cat=p&typeid=i","cat":284448},{"id":28211,"n":"Pistaches Tokapi Grillées et salées - 125g","p":1.85,"u":"14,80 €/KG","img":"https://fd1-photos.leclercdrive.fr/image.ashx?id=2795550&use=l&cat=p&typeid=i","cat":284448},{"id":28216,"n":"Café en grains Bio Village Bio 100% arabica - 250g","p":4.51,"u":"18,04 €/KG","img":"https://fd1-photos.leclercdrive.fr/image.ashx?id=1470434&use=l&cat=p&typeid=i","cat":293237},{"id":28217,"n":"Pain d'épices bio Bio Village Miel - Pré-tranché - 300g","p":1.65,"u":"5,50 €/KG","img":"https://fd1-photos.leclercdrive.fr/image.ashx?id=2355419&use=l&cat=p&typeid=i","cat":284493},{"id":28226,"n":"Cotons Duo Démaquillants Inell Duo ovale - Disques x70","p":1.56,"img":"https://fd1-photos.leclercdrive.fr/image.ashx?id=1709940&use=l&cat=p&typeid=i","cat":285593},{"id":28227,"n":"Tablette bio Bio Village Chocolat au lait - 100g","p":1.76,"u":"17,60 €/KG","img":"https://fd1-photos.leclercdrive.fr/image.ashx?id=2791057&use=l&cat=p&typeid=i","cat":284497},{"id":28228,"n":"Chocolat Pâtissier Bio Village Bio - Noir  52% cacao - 200g","p":2.75,"u":"13,75 €/KG","img":"https://fd1-photos.leclercdrive.fr/image.ashx?id=2802305&use=l&cat=p&typeid=i","cat":285562},{"id":28241,"n":"Savon mains en crème Manava Lait et miel - 300ml","p":1.05,"u":"3,50 €/L","img":"https://fd1-photos.leclercdrive.fr/image.ashx?id=2935486&use=l&cat=p&typeid=i","cat":284597},{"id":28278,"n":"Oranges à jus Panier du Primeur Filet 2kg","p":3.39,"u":"1,70 €/KG","img":"https://fd1-photos.leclercdrive.fr/image.ashx?id=2414570&use=l&cat=p&typeid=i","cat":284356},{"id":28308,"n":"Paëlla Royale Côté Table Poulet, moule et chorizo 940g","p":3.69,"u":"3,93 €/KG","img":"https://fd1-photos.leclercdrive.fr/image.ashx?id=2977873&use=l&cat=p&typeid=i","cat":325094},{"id":28311,"n":"Liqueur Grand Marnier Orange & Cognac - 40%vol - 70cl","p":22.96,"u":"32,80 €/L","img":"https://fd1-photos.leclercdrive.fr/image.ashx?id=3007909&use=l&cat=p&typeid=i","cat":286032},{"id":28353,"n":"AOP Reblochon de Savoie Pochat 45%mg - 450g","p":6.79,"u":"15,09 €/KG","img":"https://fd1-photos.leclercdrive.fr/image.ashx?id=2102761&use=l&cat=p&typeid=i","cat":314037},{"id":28362,"n":"Compotes Pom'Potes Gourdes Poire de Rhône-Alpes - 4x90g","p":2.09,"u":"5,81 €/KG","img":"https://fd1-photos.leclercdrive.fr/image.ashx?id=3010882&use=l&cat=p&typeid=i","cat":284508},{"id":28368,"n":"Tablette de chocolat Equador Noir fleur de sel 100g","p":1.43,"u":"14,30 €/KG","img":"https://fd1-photos.leclercdrive.fr/image.ashx?id=2660565&use=l&cat=p&typeid=i","cat":284956},{"id":28411,"n":"IGP Poulet noir fermier  Label rouge - 1.3kg","p":10.69,"u":"8,22 €/KG","img":"https://fd1-photos.leclercdrive.fr/image.ashx?id=1617456&use=l&cat=p&typeid=i","cat":284336},{"id":28419,"n":"Lingettes anti-transfert Texil Tous textiles x25","p":2.32,"u":"0,09 €/P","img":"https://fd1-photos.leclercdrive.fr/image.ashx?id=2964571&use=l&cat=p&typeid=i","cat":290450},{"id":28422,"n":"Choucroute d'Alsace NRT 920g","p":6.87,"u":"7,47 €/KG","img":"https://fd1-photos.leclercdrive.fr/image.ashx?id=2723243&use=l&cat=p&typeid=i","cat":333666},{"id":28423,"n":"Choucroute d'Alsace NRT 370g","p":3.04,"u":"8,22 €/KG","img":"https://fd1-photos.leclercdrive.fr/image.ashx?id=2723246&use=l&cat=p&typeid=i","cat":333665},{"id":28516,"n":"Chocolat Noir Lindt Excellence  pointe de piment rouge - 100g","p":2.45,"u":"24,50 €/KG","img":"https://fd1-photos.leclercdrive.fr/image.ashx?id=2209200&use=l&cat=p&typeid=i","cat":284956},{"id":28562,"n":"Oranges à déguster Panier du Primeur Filet 2kg","p":3.19,"u":"1,60 €/KG","img":"https://fd1-photos.leclercdrive.fr/image.ashx?id=2414567&use=l&cat=p&typeid=i","cat":284356},{"id":28594,"n":"Soupe instantanée Royco  Crème d'asperges - 4x200ml","p":1.5,"u":"1,88 €/L","img":"https://fd1-photos.leclercdrive.fr/image.ashx?id=2650982&use=l&cat=p&typeid=i","cat":293527},{"id":28596,"n":"Soupe instantanée Royco  Crème de volaille - 4x200ml","p":1.54,"u":"1,93 €/L","img":"https://fd1-photos.leclercdrive.fr/image.ashx?id=2376413&use=l&cat=p&typeid=i","cat":293527},{"id":28710,"n":"Lingettes Mots d'Enfants Bio Bébé - x72 lingettes","p":2.53,"u":"0,04 €/P","img":"https://fd1-photos.leclercdrive.fr/image.ashx?id=2856504&use=l&cat=p&typeid=i","cat":284738},{"id":28713,"n":"Tablettes anti-calcaire Calgon 4 en 1 x17 - 221g","p":4.07,"u":"18,42 €/KG","img":"https://fd1-photos.leclercdrive.fr/image.ashx?id=2953761&use=l&cat=p&typeid=i","cat":284653},{"id":28715,"n":"Gel Toilette Intime Fraîcheur Intima Natural Aloe Vera 200ml","p":3.04,"u":"15,20 €/L","img":"https://fd1-photos.leclercdrive.fr/image.ashx?id=2959862&use=l&cat=p&typeid=i","cat":284627},{"id":28724,"n":"Nettoyant écologique Uni Vert Spécial Vitres - 750ml","p":1.79,"u":"2,39 €/L","img":"https://fd1-photos.leclercdrive.fr/image.ashx?id=2370993&use=l&cat=p&typeid=i","cat":325363},{"id":28725,"n":"Nettoyant écologique Uni Vert Spécial Vitres - 750ml","p":1.47,"u":"1,96 €/L","img":"https://fd1-photos.leclercdrive.fr/image.ashx?id=2372341&use=l&cat=p&typeid=i","cat":325363},{"id":28730,"n":"Bain moussant Manava Vanille et ambre 500ml","p":2.14,"u":"4,28 €/L","img":"https://fd1-photos.leclercdrive.fr/image.ashx?id=2618326&use=l&cat=p&typeid=i","cat":284594},{"id":28753,"n":"Café Soluble Nescafé Cappuccino Café Viennois - 306g","p":4.72,"u":"15,42 €/KG","img":"https://fd1-photos.leclercdrive.fr/image.ashx?id=2874087&use=l&cat=p&typeid=i","cat":284843},{"id":28803,"n":"After Eight Chocolat Noël Nuit de Londres - 400g","p":8.7,"u":"21,75 €/KG","img":"https://fd1-photos.leclercdrive.fr/image.ashx?id=2918373&use=l&cat=p&typeid=i","cat":327595},{"id":28809,"n":"Pain burger géant Epi d'Or Nature x4 - 330g","p":0.87,"u":"2,64 €/KG","img":"https://fd1-photos.leclercdrive.fr/image.ashx?id=1861089&use=l&cat=p&typeid=i","cat":325067},{"id":28827,"n":"Chili con carne Côté Table Au piment de Cayenne - 820g","p":3.24,"u":"3,95 €/KG","img":"https://fd1-photos.leclercdrive.fr/image.ashx?id=2977156&use=l&cat=p&typeid=i","cat":325094},{"id":28828,"n":"Pâtes fraîches Turini Gnocchi 380g","p":1.09,"u":"2,87 €/KG","img":"https://fd1-photos.leclercdrive.fr/image.ashx?id=2254526&use=l&cat=p&typeid=i","cat":333682},{"id":28831,"n":"Cookies Méga pépites P'tit Déli Choco amandes caramelisées 184g","p":1.51,"u":"8,21 €/KG","img":"https://fd1-photos.leclercdrive.fr/image.ashx?id=2116128&use=l&cat=p&typeid=i","cat":325066},{"id":28832,"n":"Cookies Méga pépites P'tit Déli Chocolat 184g","p":1.51,"u":"8,21 €/KG","img":"https://fd1-photos.leclercdrive.fr/image.ashx?id=2722814&use=l&cat=p&typeid=i","cat":325066},{"id":28856,"n":"Pain burger Epi d'Or Géant complet x4 - 330g","p":0.97,"u":"2,94 €/KG","img":"https://fd1-photos.leclercdrive.fr/image.ashx?id=2984661&use=l&cat=p&typeid=i","cat":325067},{"id":28864,"n":"Cassoulet au confit canard NRT - 300g","p":2.97,"u":"9,90 €/KG","img":"https://fd1-photos.leclercdrive.fr/image.ashx?id=2791926&use=l&cat=p&typeid=i","cat":284953},{"id":28866,"n":"Coq au vin et ses torsades NRT 300g","p":2.61,"u":"8,70 €/KG","img":"https://fd1-photos.leclercdrive.fr/image.ashx?id=2723240&use=l&cat=p&typeid=i","cat":284953},{"id":28869,"n":"Parmentier canard Sud Ouest NRT - 300g","p":2.99,"u":"9,97 €/KG","img":"https://fd1-photos.leclercdrive.fr/image.ashx?id=2925210&use=l&cat=p&typeid=i","cat":284953},{"id":28872,"n":"Saucisses de Toulouse lentilles NRT - 300g","p":2.36,"u":"7,87 €/KG","img":"https://fd1-photos.leclercdrive.fr/image.ashx?id=2723234&use=l&cat=p&typeid=i","cat":284953},{"id":28900,"n":"Clémentines fines de Corse IGP  1kg","p":5.99,"u":"5,99 €/KG","img":"https://fd1-photos.leclercdrive.fr/image.ashx?id=1629034&use=l&cat=p&typeid=i","cat":284356},{"id":28914,"n":"IGP Cuisse de poulet blanc fermier Label rouge x2 - 520g","p":5.21,"u":"10,02 €/KG","img":"https://fd1-photos.leclercdrive.fr/image.ashx?id=1618918&use=l&cat=p&typeid=i","cat":284336},{"id":28938,"n":"Velouté bio Bio Village Légumes variés  - 1L","p":2.06,"u":"2,06 €/L","img":"https://fd1-photos.leclercdrive.fr/image.ashx?id=2404154&use=l&cat=p&typeid=i","cat":284462},{"id":28942,"n":"Navet Filet de 1kg","p":2.49,"u":"2,49 €/KG","img":"https://fd1-photos.leclercdrive.fr/image.ashx?id=1632584&use=l&cat=p&typeid=i","cat":284352},{"id":28966,"n":"Liqueur Malibu Coco 18% vol - 70cl","p":10.08,"u":"14,40 €/L","img":"https://fd1-photos.leclercdrive.fr/image.ashx?id=2993481&use=l&cat=p&typeid=i","cat":284551},{"id":28996,"n":"Mayonnaise de Dijon AMORA 235g","p":1.96,"u":"8,34 €/KG","img":"https://fd1-photos.leclercdrive.fr/image.ashx?id=2946649&use=l&cat=p&typeid=i","cat":298295},{"id":28997,"n":"Mayonnaise de Dijon Amora 235g","p":1.46,"u":"6,21 €/KG","img":"https://fd1-photos.leclercdrive.fr/image.ashx?id=2877208&use=l&cat=p&typeid=i","cat":298295},{"id":28999,"n":"Mayonnaise de Dijon Amora Sans conservateur  - 415g","p":2.24,"u":"5,40 €/KG","img":"https://fd1-photos.leclercdrive.fr/image.ashx?id=2964207&use=l&cat=p&typeid=i","cat":298295},{"id":29000,"n":"Mayonnaise de Dijon Amora 710g","p":3.26,"u":"4,59 €/KG","img":"https://fd1-photos.leclercdrive.fr/image.ashx?id=2598672&use=l&cat=p&typeid=i","cat":298295},{"id":29009,"n":"Bûche glacée Eskiss Façon dame blanche - 530g","p":3.77,"u":"7,11 €/KG","img":"https://fd1-photos.leclercdrive.fr/image.ashx?id=2791293&use=l&cat=p&typeid=i","cat":284266},{"id":29013,"n":"Foie gras canard IGP Périgord Entier NRT - 125g","p":12.5,"u":"100,00 €/KG","img":"https://fd1-photos.leclercdrive.fr/image.ashx?id=2743876&use=l&cat=p&typeid=i","cat":316008},{"id":29014,"n":"Bloc de foie gras de canard Pierre de Chaumeyrac 300g","p":19.75,"u":"65,83 €/KG","img":"https://fd1-photos.leclercdrive.fr/image.ashx?id=2783014&use=l&cat=p&typeid=i","cat":316008},{"id":29032,"n":"Chips Bret's Poulet braisé - 125g","p":1.17,"u":"9,36 €/KG","img":"https://fd1-photos.leclercdrive.fr/image.ashx?id=1927788&use=l&cat=p&typeid=i","cat":284447},{"id":29047,"n":"Pignons de pin Tablier Blanc 50g","p":2.39,"u":"47,80 €/KG","img":"https://fd1-photos.leclercdrive.fr/image.ashx?id=2867907&use=l&cat=p&typeid=i","cat":323809},{"id":29052,"n":"Cocktail Old Nick Daiquiri 16%vol - 70cl","p":5.58,"u":"7,97 €/L","img":"https://fd1-photos.leclercdrive.fr/image.ashx?id=2999210&use=l&cat=p&typeid=i","cat":284551},{"id":29075,"n":"Sauce Tzatziki Tables du Monde 100g","p":0.9,"u":"9,00 €/KG","img":"https://fd1-photos.leclercdrive.fr/image.ashx?id=2872445&use=l&cat=p&typeid=i","cat":315999},{"id":29095,"n":"Yaourts brassés Délisse Vanille - 8x125g","p":2.65,"u":"2,65 €/KG","img":"https://fd1-photos.leclercdrive.fr/image.ashx?id=2372338&use=l&cat=p&typeid=i","cat":284410},{"id":29116,"n":"Bonbons sans sucres Confiséo Goût réglisse - 150g","p":2.64,"u":"17,60 €/KG","img":"https://fd1-photos.leclercdrive.fr/image.ashx?id=2934703&use=l&cat=p&typeid=i","cat":304250},{"id":29117,"n":"Bonbons sans sucres Confiséo Menthe - 150g","p":1.98,"u":"13,20 €/KG","img":"https://fd1-photos.leclercdrive.fr/image.ashx?id=2934697&use=l&cat=p&typeid=i","cat":304252},{"id":29119,"n":"Potage gourmand Régal Soupe 8 légumes à la crème - 1L","p":1.69,"u":"1,69 €/L","img":"https://fd1-photos.leclercdrive.fr/image.ashx?id=2607521&use=l&cat=p&typeid=i","cat":284462},{"id":29128,"n":"Lentilles Raynal et Roquelaure À l'auvergnate - 2x820g","p":3.9,"u":"2,38 €/KG","img":"https://fd1-photos.leclercdrive.fr/image.ashx?id=1625547&use=l&cat=p&typeid=i","cat":312609},{"id":29129,"n":"Bonbons acidulés Confiséo Aux fruits - 400g","p":2.65,"u":"6,63 €/KG","img":"https://fd1-photos.leclercdrive.fr/image.ashx?id=2934706&use=l&cat=p&typeid=i","cat":304252},{"id":29133,"n":"Sacs poubelle Haute 50L Elembal Poignées coulissantes - x15","p":1.94,"u":"0,13 €/P","img":"https://fd1-photos.leclercdrive.fr/image.ashx?id=2958726&use=l&cat=p&typeid=i","cat":285168},{"id":29134,"n":"Mousse coiffante Vitanove Effet boucles - 200ml","p":1.48,"u":"7,40 €/L","img":"https://fd1-photos.leclercdrive.fr/image.ashx?id=2490040&use=l&cat=p&typeid=i","cat":284609},{"id":29144,"n":"Roquefort AOP Baragnaudes Fromage de brebis - 150g","p":3.88,"u":"25,87 €/KG","img":"https://fd1-photos.leclercdrive.fr/image.ashx?id=2729692&use=l&cat=p&typeid=i","cat":314032},{"id":29174,"n":"Lait de douche Manava Pêche de vigne - 250ml","p":0.94,"u":"3,76 €/L","img":"https://fd1-photos.leclercdrive.fr/image.ashx?id=2618323&use=l&cat=p&typeid=i","cat":284594},{"id":29183,"n":"Raisin de table blanc 500g","p":3.19,"u":"6,38 €/KG","img":"https://fd1-photos.leclercdrive.fr/image.ashx?id=1629040&use=l&cat=p&typeid=i","cat":284356},{"id":29187,"n":"Langue de boeuf Larzul Sauce Madère 274g","p":4.98,"u":"18,18 €/KG","img":"https://fd1-photos.leclercdrive.fr/image.ashx?id=2228786&use=l&cat=p&typeid=i","cat":284441},{"id":29323,"n":"Superlevure Gayelord Hauser Paillettes étui 150g","p":2.93,"u":"19,53 €/KG","img":"https://fd1-photos.leclercdrive.fr/image.ashx?id=2786012&use=l&cat=p&typeid=i","cat":294686},{"id":29328,"n":"Pâte de fruits Gayelord Hauser 4 parfums - 125g","p":2.75,"u":"22,00 €/KG","img":"https://fd1-photos.leclercdrive.fr/image.ashx?id=1761918&use=l&cat=p&typeid=i","cat":318652},{"id":29337,"n":"Biscuit miel châtaigne Gerblé   - 200g","p":2.05,"u":"10,25 €/KG","img":"https://fd1-photos.leclercdrive.fr/image.ashx?id=2664010&use=l&cat=p&typeid=i","cat":318651},{"id":29354,"n":"Caramels tendres Confiséo 4 parfums 450g","p":3.14,"u":"6,98 €/KG","img":"https://fd1-photos.leclercdrive.fr/image.ashx?id=2934685&use=l&cat=p&typeid=i","cat":304250},{"id":29358,"n":"Pur jus pamplemousse Jafaden Rose - 1L","p":1.67,"u":"1,67 €/L","img":"https://fd1-photos.leclercdrive.fr/image.ashx?id=2869269&use=l&cat=p&typeid=i","cat":284914},{"id":29360,"n":"AOP Cabernet d'Anjou vin rosé Les Caractères - BIB 5L","p":21.49,"u":"4,30 €/L","img":"https://fd1-photos.leclercdrive.fr/image.ashx?id=2913672&use=l&cat=p&typeid=i","cat":289560},{"id":29361,"n":"Sacs poubelle haute 30L Elembal Poignées coulissantes - x25","p":3.23,"u":"0,13 €/P","img":"https://fd1-photos.leclercdrive.fr/image.ashx?id=2958723&use=l&cat=p&typeid=i","cat":285168},{"id":29368,"n":"Boisson à base de vin blanc saveur pêche Festalie - 75 cl","p":2.75,"u":"3,67 €/L","img":"https://fd1-photos.leclercdrive.fr/image.ashx?id=2774894&use=l&cat=p&typeid=i","cat":304569},{"id":29370,"n":"AOP Crémant de Loire brut Les Caractères - 75cl","p":4.99,"u":"6,65 €/L","img":"https://fd1-photos.leclercdrive.fr/image.ashx?id=2898844&use=l&cat=p&typeid=i","cat":284545},{"id":29378,"n":"AOP Côtes du Rhône rouge Bio Rives & Terrasses - 3L","p":13.99,"u":"4,66 €/L","img":"https://fd1-photos.leclercdrive.fr/image.ashx?id=2742626&use=l&cat=p&typeid=i","cat":289560},{"id":29389,"n":"AOC Coteaux d'Aix-en-Provence vin rosé Terres Ocrées - BIB 3L","p":15.99,"u":"5,33 €/L","img":"https://fd1-photos.leclercdrive.fr/image.ashx?id=2704487&use=l&cat=p&typeid=i","cat":289560},{"id":29396,"n":"Mousse coiffante Vitanove Effet volume - 200ml","p":1.48,"u":"7,40 €/L","img":"https://fd1-photos.leclercdrive.fr/image.ashx?id=2490037&use=l&cat=p&typeid=i","cat":284609},{"id":29419,"n":"Tortillas chips Tokapi Nature - 150g","p":0.55,"u":"3,67 €/KG","img":"https://fd1-photos.leclercdrive.fr/image.ashx?id=2647955&use=l&cat=p&typeid=i","cat":287899},{"id":29493,"n":"Tomato Ketchup Bio Heinz - 580g","p":2.41,"u":"4,16 €/KG","img":"https://fd1-photos.leclercdrive.fr/image.ashx?id=2927726&use=l&cat=p&typeid=i","cat":284455},{"id":29535,"n":"Croûtons Epi d'Or Ail - 2x90g","p":1.19,"u":"6,61 €/KG","img":"https://fd1-photos.leclercdrive.fr/image.ashx?id=2606049&use=l&cat=p&typeid=i","cat":284464},{"id":29701,"n":"Bonbons Confiséo Menthe fraîcheur - 360g","p":1.87,"u":"5,19 €/KG","img":"https://fd1-photos.leclercdrive.fr/image.ashx?id=2934682&use=l&cat=p&typeid=i","cat":304252},{"id":29724,"n":"Escalope de dinde Le Gaulois Milanaise x2 - 240g","p":4.27,"u":"17,79 €/KG","img":"https://fd1-photos.leclercdrive.fr/image.ashx?id=2259652&use=l&cat=p&typeid=i","cat":284337},{"id":29729,"n":"Escalope de dinde Le Gaulois Extra tendre x2 - 250g","p":4.25,"u":"17,00 €/KG","img":"https://fd1-photos.leclercdrive.fr/image.ashx?id=2259649&use=l&cat=p&typeid=i","cat":284337},{"id":29758,"n":"Tequila San José 35%vol - 70cl","p":14.85,"u":"21,21 €/L","img":"https://fd1-photos.leclercdrive.fr/image.ashx?id=2243143&use=l&cat=p&typeid=i","cat":284550},{"id":29759,"n":"Bière Hoegaarden rosée 3% - 6x25cl","p":4.65,"u":"3,10 €/L","img":"https://fd1-photos.leclercdrive.fr/image.ashx?id=1562515&use=l&cat=p&typeid=i","cat":334878},{"id":29764,"n":"Galettes blé noir Bio village Bio x4 - 200g","p":1.83,"u":"9,15 €/KG","img":"https://fd1-photos.leclercdrive.fr/image.ashx?id=2907258&use=l&cat=p&typeid=i","cat":333672},{"id":29765,"n":"Eau gazeuse aromatisée Badoit citron sans sucres - 1l","p":0.87,"u":"0,87 €/L","img":"https://fd1-photos.leclercdrive.fr/image.ashx?id=2730634&use=l&cat=p&typeid=i","cat":284537},{"id":29766,"n":"Mister Cocktail sans alcool Citron vert kiwi - 75cl","p":3.39,"u":"4,52 €/L","img":"https://fd1-photos.leclercdrive.fr/image.ashx?id=3014461&use=l&cat=p&typeid=i","cat":284549},{"id":29767,"n":"Eau gazeuse aromatisée Badoit citron vert sans sucres- 1L","p":0.88,"u":"0,88 €/L","img":"https://fd1-photos.leclercdrive.fr/image.ashx?id=3011044&use=l&cat=p&typeid=i","cat":284537},{"id":29768,"n":"Bière blonde 1664 5,5° - 50cl canette","p":1.19,"u":"2,38 €/L","img":"https://fd1-photos.leclercdrive.fr/image.ashx?id=2887563&use=l&cat=p&typeid=i","cat":334853},{"id":29773,"n":"Eau minérale naturelle Mag Source de magnésium - 6x1L","p":2.28,"u":"0,38 €/L","img":"https://fd1-photos.leclercdrive.fr/image.ashx?id=2966364&use=l&cat=p&typeid=i","cat":284535},{"id":29794,"n":"Triangolo Fromage enfants vache Les Croisés 24 portions - 400g","p":2.67,"u":"6,68 €/KG","img":"https://fd1-photos.leclercdrive.fr/image.ashx?id=2791779&use=l&cat=p&typeid=i","cat":314030},{"id":29795,"n":"Fromage à tartiner Les Croisés Ail et fines herbes 24%mg 250g","p":2.09,"u":"8,36 €/KG","img":"https://fd1-photos.leclercdrive.fr/image.ashx?id=2476143&use=l&cat=p&typeid=i","cat":314029},{"id":29799,"n":"Galettes jambon emmental NRT x2 - 300g","p":3.78,"u":"12,60 €/KG","img":"https://fd1-photos.leclercdrive.fr/image.ashx?id=2743882&use=l&cat=p&typeid=i","cat":333672},{"id":29802,"n":"Kit Pâte à pizza Tablier Blanc 600g","p":2.59,"u":"4,32 €/KG","img":"https://fd1-photos.leclercdrive.fr/image.ashx?id=1731167&use=l&cat=p&typeid=i","cat":333681},{"id":29816,"n":"Bicarbonate alimentaire La Baleine - 800g","p":2.1,"u":"2,63 €/KG","img":"https://fd1-photos.leclercdrive.fr/image.ashx?id=2468335&use=l&cat=p&typeid=i","cat":284457},{"id":29824,"n":"Liqueur Lagoa Goût coco 17%vol - 70cl","p":8.8,"u":"12,57 €/L","img":"https://fd1-photos.leclercdrive.fr/image.ashx?id=2958332&use=l&cat=p&typeid=i","cat":284551},{"id":29840,"n":"Bouillon cubes herbes Knorr Huile d'olive Puget x15 -150g","p":1.24,"u":"8,27 €/KG","img":"https://fd1-photos.leclercdrive.fr/image.ashx?id=2890601&use=l&cat=p&typeid=i","cat":288379},{"id":29841,"n":"Bouillon de Poule KNORR 15 Tablettes - 150g","p":1.19,"u":"7,93 €/KG","img":"https://fd1-photos.leclercdrive.fr/image.ashx?id=2906043&use=l&cat=p&typeid=i","cat":288379},{"id":29854,"n":"Beurre de Bretagne Les Croisés Doux - 82% MG - 250g","p":2.61,"u":"10,44 €/KG","img":"https://fd1-photos.leclercdrive.fr/image.ashx?id=2943641&use=l&cat=p&typeid=i","cat":284379},{"id":29855,"n":"Beurre de Bretagne Les Croisés Demi-sel - 80% MG - 250g","p":2.61,"u":"10,44 €/KG","img":"https://fd1-photos.leclercdrive.fr/image.ashx?id=2943644&use=l&cat=p&typeid=i","cat":284379},{"id":29856,"n":"Beurre Extra fin Les Croisés Doux - 82 % MG - 125g","p":1.49,"u":"11,92 €/KG","img":"https://fd1-photos.leclercdrive.fr/image.ashx?id=2791272&use=l&cat=p&typeid=i","cat":284379},{"id":29857,"n":"Beurre Les Croisés 80% MG  Demi-sel Extra fin - 125g","p":1.49,"u":"11,92 €/KG","img":"https://fd1-photos.leclercdrive.fr/image.ashx?id=2778066&use=l&cat=p&typeid=i","cat":284379},{"id":29861,"n":"Boisson lactée Délisse Fraise - 6x20cl","p":2.22,"u":"1,85 €/L","img":"https://fd1-photos.leclercdrive.fr/image.ashx?id=2174693&use=l&cat=p&typeid=i","cat":295246},{"id":29864,"n":"Crème fraîche entière Délisse Fleurette - 30% MG - 40cl","p":1.72,"u":"4,30 €/L","img":"https://fd1-photos.leclercdrive.fr/image.ashx?id=3002575&use=l&cat=p&typeid=i","cat":284381},{"id":29865,"n":"Crème fraîche légère Délisse Fleurette - 12% MG - 40cl","p":1.62,"u":"4,05 €/L","img":"https://fd1-photos.leclercdrive.fr/image.ashx?id=3002578&use=l&cat=p&typeid=i","cat":284381},{"id":29870,"n":"Crème d'Isigny AOP NRT 40%MG - 20cl","p":1.79,"u":"8,95 €/L","img":"https://fd1-photos.leclercdrive.fr/image.ashx?id=2771070&use=l&cat=p&typeid=i","cat":284381},{"id":29872,"n":"Crème semi-épaisse légère UHT Délisse 18%mg - 2x25cl","p":2.34,"u":"4,68 €/L","img":"https://fd1-photos.leclercdrive.fr/image.ashx?id=3002593&use=l&cat=p&typeid=i","cat":284381},{"id":29874,"n":"Emincés poireaux Notre Jardin A la crème 750g","p":2.55,"u":"3,40 €/KG","img":"https://fd1-photos.leclercdrive.fr/image.ashx?id=2873144&use=l&cat=p&typeid=i","cat":319805},{"id":29897,"n":"Liqueur pomme verte Manzella 17%vol. - 70cl","p":7.36,"u":"10,51 €/L","img":"https://fd1-photos.leclercdrive.fr/image.ashx?id=2715997&use=l&cat=p&typeid=i","cat":286032},{"id":29900,"n":"Bière belge Rince Cochon Blonde - 8.5%vol. - 33cl","p":1.95,"u":"5,91 €/L","img":"https://fd1-photos.leclercdrive.fr/image.ashx?id=2694695&use=l&cat=p&typeid=i","cat":334872},{"id":29906,"n":"Bière blonde Bellerose 6.5%vol. - 75cl","p":3.41,"u":"4,55 €/L","img":"https://fd1-photos.leclercdrive.fr/image.ashx?id=2744290&use=l&cat=p&typeid=i","cat":334872},{"id":29910,"n":"Bière blonde La Démon 12%vol. - 33cl","p":1.86,"u":"5,64 €/L","img":"https://fd1-photos.leclercdrive.fr/image.ashx?id=2686855&use=l&cat=p&typeid=i","cat":334872},{"id":29927,"n":"Bière belge Rince Cochon Blonde - 8.5%vol. - 75cl","p":3.36,"u":"4,48 €/L","img":"https://fd1-photos.leclercdrive.fr/image.ashx?id=1741463&use=l&cat=p&typeid=i","cat":334872},{"id":29950,"n":"AOP Faugères Mas Olivier \"Grande réserve\" - 75cl","p":4.35,"u":"5,80 €/L","img":"https://fd1-photos.leclercdrive.fr/image.ashx?id=2315065&use=l&cat=p&typeid=i","cat":289556},{"id":29979,"n":"Paupiette de veau Marie  Jardinière de légumes - 300g","p":2.86,"u":"9,53 €/KG","img":"https://fd1-photos.leclercdrive.fr/image.ashx?id=2317420&use=l&cat=p&typeid=i","cat":333665},{"id":30029,"n":"Poêlée champignons Notre Jardin Forestière - 400g","p":4.66,"u":"11,65 €/KG","img":"https://fd1-photos.leclercdrive.fr/image.ashx?id=2771372&use=l&cat=p&typeid=i","cat":319823},{"id":30042,"n":"Lait frais demi-écrémé Délisse Bouteille - 1L","p":1.12,"u":"1,12 €/L","img":"https://fd1-photos.leclercdrive.fr/image.ashx?id=2970581&use=l&cat=p&typeid=i","cat":285609},{"id":30043,"n":"Lait frais Délisse Entier Bouteille - 1L","p":1.33,"u":"1,33 €/L","img":"https://fd1-photos.leclercdrive.fr/image.ashx?id=2970584&use=l&cat=p&typeid=i","cat":285609},{"id":30055,"n":"Légumes pour potage Bio Bio Village - 600g","p":1.99,"u":"3,32 €/KG","img":"https://fd1-photos.leclercdrive.fr/image.ashx?id=2891818&use=l&cat=p&typeid=i","cat":319805},{"id":30056,"n":"Ratatouille Bio Bio Village Cuisinée - 600g","p":3.49,"u":"5,82 €/KG","img":"https://fd1-photos.leclercdrive.fr/image.ashx?id=2891821&use=l&cat=p&typeid=i","cat":319823},{"id":30059,"n":"Trio de fleurette Notre Jardin 1kg","p":2.48,"u":"2,48 €/KG","img":"https://fd1-photos.leclercdrive.fr/image.ashx?id=2873135&use=l&cat=p&typeid=i","cat":319805},{"id":30067,"n":"Assaisonnement En Poudre KNORR Secret d’Arômes Tube - 60g","p":1.31,"u":"21,83 €/KG","img":"https://fd1-photos.leclercdrive.fr/image.ashx?id=3014401&use=l&cat=p&typeid=i","cat":298297},{"id":30069,"n":"Roux minute Maïzena Béchamel - 250g","p":1.99,"u":"7,96 €/KG","img":"https://fd1-photos.leclercdrive.fr/image.ashx?id=2769603&use=l&cat=p&typeid=i","cat":288382},{"id":30084,"n":"Bacon Saint Azay 100g","p":1.62,"u":"16,20 €/KG","img":"https://fd1-photos.leclercdrive.fr/image.ashx?id=2943653&use=l&cat=p&typeid=i","cat":316007},{"id":30089,"n":"Blanc de poulet Tradilège 6 tranches - 180g","p":1.51,"u":"8,39 €/KG","img":"https://fd1-photos.leclercdrive.fr/image.ashx?id=2943677&use=l&cat=p&typeid=i","cat":316010},{"id":30091,"n":"Blanc de dinde Tradilège 6 tranches 180g","p":1.96,"u":"10,89 €/KG","img":"https://fd1-photos.leclercdrive.fr/image.ashx?id=2925744&use=l&cat=p&typeid=i","cat":316010},{"id":30093,"n":"Jambon supérieur Tradilège -25% de sel - Découenné x2-80g","p":1.69,"u":"21,13 €/KG","img":"https://fd1-photos.leclercdrive.fr/image.ashx?id=2991515&use=l&cat=p&typeid=i","cat":316009},{"id":30094,"n":"Jambon à griller Tradilège 2 tranches 160g","p":2.42,"u":"15,13 €/KG","img":"https://fd1-photos.leclercdrive.fr/image.ashx?id=2984176&use=l&cat=p&typeid=i","cat":316009},{"id":30099,"n":"Duo pâté / mousse Tradilège Canard 2x50g","p":1.15,"u":"11,50 €/KG","img":"https://fd1-photos.leclercdrive.fr/image.ashx?id=2683583&use=l&cat=p&typeid=i","cat":316008},{"id":30108,"n":"Poitrine Nature Tradilège Tranches fines - 2x7T - 200g","p":2.55,"u":"12,75 €/KG","img":"https://fd1-photos.leclercdrive.fr/image.ashx?id=2852270&use=l&cat=p&typeid=i","cat":316011},{"id":30110,"n":"Pommes de terre NRT à la Sarladaise - 600g","p":2.99,"u":"4,98 €/KG","img":"https://fd1-photos.leclercdrive.fr/image.ashx?id=2699816&use=l&cat=p&typeid=i","cat":319823},{"id":30114,"n":"Pansements Mercurochrome Hydrocolloïdes - x6","p":4.81,"u":"0,80 €/P","img":"https://fd1-photos.leclercdrive.fr/image.ashx?id=2663962&use=l&cat=p&typeid=i","cat":284630},{"id":30124,"n":"Soupe Régal Soupe Tomate et vermicelles - 1L","p":1.8,"u":"1,80 €/L","img":"https://fd1-photos.leclercdrive.fr/image.ashx?id=2607518&use=l&cat=p&typeid=i","cat":284462},{"id":30128,"n":"Céréales Chocapic Nestlé Chocolat - 1kg","p":5.42,"u":"5,42 €/KG","img":"https://fd1-photos.leclercdrive.fr/image.ashx?id=2977729&use=l&cat=p&typeid=i","cat":309513},{"id":30150,"n":"Eau aromatisée Volvic Juicy Agrumes -1,5L","p":1.63,"u":"1,09 €/L","img":"https://fd1-photos.leclercdrive.fr/image.ashx?id=2961987&use=l&cat=p&typeid=i","cat":284537},{"id":30185,"n":"Haché moelleux oignon Férial x10 - 1kg","p":7.49,"u":"7,49 €/KG","img":"https://fd1-photos.leclercdrive.fr/image.ashx?id=2704517&use=l&cat=p&typeid=i","cat":319778},{"id":30186,"n":"Haché moelleux Férial x10 - 1kg","p":9.29,"u":"9,29 €/KG","img":"https://fd1-photos.leclercdrive.fr/image.ashx?id=2966514&use=l&cat=p&typeid=i","cat":319778},{"id":30188,"n":"Steak haché bio - Bio Village  15%mg x4 - 400g","p":8.25,"u":"20,63 €/KG","img":"https://fd1-photos.leclercdrive.fr/image.ashx?id=2840422&use=l&cat=p&typeid=i","cat":319778},{"id":30189,"n":"Tortillas chips Tokapi Chili - 150g","p":0.99,"u":"6,60 €/KG","img":"https://fd1-photos.leclercdrive.fr/image.ashx?id=2647958&use=l&cat=p&typeid=i","cat":287899},{"id":30195,"n":"IGP Vin de Pays de l'Hérault Rouge JL Parsat 11.5%vol BIB 5L","p":14.13,"u":"2,83 €/L","img":"https://fd1-photos.leclercdrive.fr/image.ashx?id=2572197&use=l&cat=p&typeid=i","cat":289560},{"id":30212,"n":"Soufflés l'Original Curly Cacahuète - 100g","p":0.88,"u":"8,80 €/KG","img":"https://fd1-photos.leclercdrive.fr/image.ashx?id=2693635&use=l&cat=p&typeid=i","cat":284449},{"id":30213,"n":"Soufflés l'Original Curly Cacahuète - 2x100g","p":1.74,"u":"8,70 €/KG","img":"https://fd1-photos.leclercdrive.fr/image.ashx?id=2962887&use=l&cat=p&typeid=i","cat":284449},{"id":30235,"n":"Bonbons Tic Tac  Menthe x100 - 49g","p":1.6,"u":"32,65 €/KG","img":"https://fd1-photos.leclercdrive.fr/image.ashx?id=2729470&use=l&cat=p&typeid=i","cat":304256},{"id":30256,"n":"Pâte à tartiner Nutella 825g","p":5.77,"u":"6,99 €/KG","img":"https://fd1-photos.leclercdrive.fr/image.ashx?id=2961813&use=l&cat=p&typeid=i","cat":284481},{"id":30257,"n":"Cassoulet La Belle Chaurienne Au canard 420g","p":2.73,"u":"6,50 €/KG","img":"https://fd1-photos.leclercdrive.fr/image.ashx?id=2831912&use=l&cat=p&typeid=i","cat":284440},{"id":30272,"n":"IGP Pays d'Oc rouge Merlot Les Ormes de Cambras 12.5% BIB 5L","p":15.5,"u":"3,10 €/L","img":"https://fd1-photos.leclercdrive.fr/image.ashx?id=2443871&use=l&cat=p&typeid=i","cat":289560},{"id":30273,"n":"IGP Pays d'OC rouge Les Ormes De Cambras Sauvignon 12% BIB 5L","p":15.5,"u":"3,10 €/L","img":"https://fd1-photos.leclercdrive.fr/image.ashx?id=2445115&use=l&cat=p&typeid=i","cat":289560},{"id":30349,"n":"Nettoyant écologique Uni Vert Salle de bain - 750ml","p":2.06,"u":"2,75 €/L","img":"https://fd1-photos.leclercdrive.fr/image.ashx?id=2531178&use=l&cat=p&typeid=i","cat":325357},{"id":30350,"n":"Nettoyant écologique Uni Vert Cuisine - 750ml","p":2.02,"u":"2,69 €/L","img":"https://fd1-photos.leclercdrive.fr/image.ashx?id=2531175&use=l&cat=p&typeid=i","cat":325357},{"id":30360,"n":"Bonbons Tic Tac 100 pastilles citron vert et orange - 49g","p":1.6,"u":"32,65 €/KG","img":"https://fd1-photos.leclercdrive.fr/image.ashx?id=2736280&use=l&cat=p&typeid=i","cat":304256},{"id":30362,"n":"Fleur de maïs Maïzena 400g","p":1.38,"u":"3,45 €/KG","img":"https://fd1-photos.leclercdrive.fr/image.ashx?id=2312770&use=l&cat=p&typeid=i","cat":288382},{"id":30372,"n":"Fleur de Maïs Maïzena Sans Gluten Format Famille 700g","p":2.48,"u":"3,54 €/KG","img":"https://fd1-photos.leclercdrive.fr/image.ashx?id=2773907&use=l&cat=p&typeid=i","cat":288382},{"id":30393,"n":"Mélange Ducros Cuisine à l'italienne - 30g","p":1.92,"u":"64,00 €/KG","img":"https://fd1-photos.leclercdrive.fr/image.ashx?id=2559454&use=l&cat=p&typeid=i","cat":298297},{"id":30394,"n":"Mélange malin Ducros Pour pâtes - 30g","p":2.05,"u":"68,33 €/KG","img":"https://fd1-photos.leclercdrive.fr/image.ashx?id=2559457&use=l&cat=p&typeid=i","cat":298297},{"id":30395,"n":"Piment d'Espelette AOP Ducros - 40g","p":7.68,"u":"192,00 €/KG","img":"https://fd1-photos.leclercdrive.fr/image.ashx?id=2559463&use=l&cat=p&typeid=i","cat":298297},{"id":30407,"n":"Dés de fromage salade Boursin Ail & fines herbes -120g","p":2.25,"u":"18,75 €/KG","img":"https://fd1-photos.leclercdrive.fr/image.ashx?id=2864366&use=l&cat=p&typeid=i","cat":314027},{"id":30410,"n":"Lasagnes bolognaise Marie 300g","p":2.98,"u":"9,93 €/KG","img":"https://fd1-photos.leclercdrive.fr/image.ashx?id=2800339&use=l&cat=p&typeid=i","cat":333665},{"id":30414,"n":"Muscat de Mireval AOC NRT  15%vol - 75cl","p":9.17,"u":"12,23 €/L","img":"https://fd1-photos.leclercdrive.fr/image.ashx?id=2768469&use=l&cat=p&typeid=i","cat":284913},{"id":30415,"n":"IGP Pays d'Oc rouge J-P Chenet Cabernet Syrah 13% vol - BIB 3L","p":10.42,"u":"3,47 €/L","img":"https://fd1-photos.leclercdrive.fr/image.ashx?id=2837451&use=l&cat=p&typeid=i","cat":289560},{"id":30477,"n":"Chocolat Pâtissier Nestlé Dessert : Praliné - 170g","p":3.06,"u":"18,00 €/KG","img":"https://fd1-photos.leclercdrive.fr/image.ashx?id=2895637&use=l&cat=p&typeid=i","cat":285562},{"id":30520,"n":"Fromage apéritif BoursinFromage Ail et fines herbes 20 roulés","p":3.26,"u":"32,60 €/KG","img":"https://fd1-photos.leclercdrive.fr/image.ashx?id=2918589&use=l&cat=p&typeid=i","cat":314027},{"id":30563,"n":"Coquillettes Lustucru Aux oeufs frais - 500g","p":1.69,"u":"3,38 €/KG","img":"https://fd1-photos.leclercdrive.fr/image.ashx?id=2799856&use=l&cat=p&typeid=i","cat":284427},{"id":30570,"n":"Sauce Tube Ail Oignons Panzani Panzani - 180G","p":1.18,"u":"6,56 €/KG","img":"https://fd1-photos.leclercdrive.fr/image.ashx?id=3004804&use=l&cat=p&typeid=i","cat":288384},{"id":30572,"n":"Pur jus de pomme Jafaden 1L","p":2.15,"u":"2,15 €/L","img":"https://fd1-photos.leclercdrive.fr/image.ashx?id=2916701&use=l&cat=p&typeid=i","cat":285435},{"id":30573,"n":"Edulcorant sucralose Canderel Briquet x300","p":2.97,"u":"95,81 €/KG","img":"https://fd1-photos.leclercdrive.fr/image.ashx?id=2811014&use=l&cat=p&typeid=i","cat":324846},{"id":30575,"n":"Happy' Box Haribo Boîte bonbons - 600g","p":4.16,"u":"6,93 €/KG","img":"https://fd1-photos.leclercdrive.fr/image.ashx?id=2802353&use=l&cat=p&typeid=i","cat":304250},{"id":30576,"n":"Zanzigliss Haribo Sachet bonbons réglisse - 300g","p":1.45,"u":"4,83 €/KG","img":"https://fd1-photos.leclercdrive.fr/image.ashx?id=2802347&use=l&cat=p&typeid=i","cat":304250},{"id":30577,"n":"Les Schtroumpfs Pik Haribo Sachet bonbons acidulés - 275g","p":1.56,"u":"5,67 €/KG","img":"https://fd1-photos.leclercdrive.fr/image.ashx?id=2984898&use=l&cat=p&typeid=i","cat":304250},{"id":30578,"n":"Bonbons LUTTI Scoubidou Doux Fruits - 200g","p":1.27,"u":"6,35 €/KG","img":"https://fd1-photos.leclercdrive.fr/image.ashx?id=2817434&use=l&cat=p&typeid=i","cat":304250},{"id":30588,"n":"Yaourts de Savoie NRT  Pêche Abricot - 4x150g","p":2.35,"u":"3,92 €/KG","img":"https://fd1-photos.leclercdrive.fr/image.ashx?id=2920806&use=l&cat=p&typeid=i","cat":284410},{"id":30591,"n":"Yaourts Savoie NRT  Poire Mirabelle - 4x150g","p":2.35,"u":"3,92 €/KG","img":"https://fd1-photos.leclercdrive.fr/image.ashx?id=2920809&use=l&cat=p&typeid=i","cat":284410},{"id":30592,"n":"Fromage blanc Délisse Sucré 3% MG - 8x100g","p":2.29,"u":"2,86 €/KG","img":"https://fd1-photos.leclercdrive.fr/image.ashx?id=3012833&use=l&cat=p&typeid=i","cat":284409},{"id":30594,"n":"Fromage frais nature Bio Bio village - 12x60g","p":3.44,"u":"4,78 €/KG","img":"https://fd1-photos.leclercdrive.fr/image.ashx?id=2992633&use=l&cat=p&typeid=i","cat":284409},{"id":30600,"n":"Billes Chocolat au Lait KitKat Sachet  - 250g","p":3.95,"u":"15,80 €/KG","img":"https://fd1-photos.leclercdrive.fr/image.ashx?id=2806063&use=l&cat=p&typeid=i","cat":304238},{"id":30603,"n":"Soupe liquide brique Liebig  Chinoise - 1L","p":2.73,"u":"2,73 €/L","img":"https://fd1-photos.leclercdrive.fr/image.ashx?id=2750988&use=l&cat=p&typeid=i","cat":287367},{"id":30607,"n":"Soupe liquide Liebig  Potiron et kiri - Brique 1L","p":2.63,"u":"2,63 €/L","img":"https://fd1-photos.leclercdrive.fr/image.ashx?id=2892130&use=l&cat=p&typeid=i","cat":284462},{"id":30619,"n":"Jambon cru Aoste Quart Tranché  sans conservateur -  x18 - 220g","p":5.24,"u":"23,82 €/KG","img":"https://fd1-photos.leclercdrive.fr/image.ashx?id=2948057&use=l&cat=p&typeid=i","cat":316007},{"id":30627,"n":"Salade Notre Jardin Jeunes pousses d'épinard - 100g","p":1.4,"u":"14,00 €/KG","img":"https://fd1-photos.leclercdrive.fr/image.ashx?id=2663281&use=l&cat=p&typeid=i","cat":284353},{"id":30640,"n":"Lapin chasseur Côté Table 280g","p":2.2,"u":"7,86 €/KG","img":"https://fd1-photos.leclercdrive.fr/image.ashx?id=2393866&use=l&cat=p&typeid=i","cat":284953},{"id":30645,"n":"Salade Notre Jardin Duo Mâche et Roquette - 125g","p":1.68,"u":"13,44 €/KG","img":"https://fd1-photos.leclercdrive.fr/image.ashx?id=2720172&use=l&cat=p&typeid=i","cat":284353},{"id":30646,"n":"Salade Notre Jardin Feuille de chêne - 125g","p":0.95,"u":"7,60 €/KG","img":"https://fd1-photos.leclercdrive.fr/image.ashx?id=2720175&use=l&cat=p&typeid=i","cat":284353},{"id":30652,"n":"Purée pommes de terre Florette 2x200g","p":2.51,"u":"6,28 €/KG","img":"https://fd1-photos.leclercdrive.fr/image.ashx?id=2767678&use=l&cat=p&typeid=i","cat":333665},{"id":30685,"n":"Liquide vaisselle Palmolive Original  amande - 750ml","p":1.36,"u":"1,81 €/L","img":"https://fd1-photos.leclercdrive.fr/image.ashx?id=2690147&use=l&cat=p&typeid=i","cat":284655},{"id":30697,"n":"Savon d'alep Manava 200g","p":3.99,"u":"19,95 €/KG","img":"https://fd1-photos.leclercdrive.fr/image.ashx?id=1952895&use=l&cat=p&typeid=i","cat":284597},{"id":30729,"n":"Crème Dépilatoire Siliss Maillot aisselles - 100ml","p":1.79,"u":"17,90 €/L","img":"https://fd1-photos.leclercdrive.fr/image.ashx?id=2699687&use=l&cat=p&typeid=i","cat":325351},{"id":30733,"n":"Déboucheur canalisations Syphon 1L","p":1.39,"u":"1,39 €/L","img":"https://fd1-photos.leclercdrive.fr/image.ashx?id=2794193&use=l&cat=p&typeid=i","cat":284908},{"id":30768,"n":"Gel douche Manava Pétales d'Orient 100ml","p":0.8,"u":"8,00 €/L","img":"https://fd1-photos.leclercdrive.fr/image.ashx?id=1669982&use=l&cat=p&typeid=i","cat":284594},{"id":30830,"n":"Feuilles dessin Esquisse Blanches 24x32cm 180g x12","p":1.89,"img":"https://fd1-photos.leclercdrive.fr/image.ashx?id=2943178&use=l&cat=p&typeid=i","cat":284697},{"id":30850,"n":"Blanquette veau Côté Table Champignons 285g","p":2.21,"u":"7,75 €/KG","img":"https://fd1-photos.leclercdrive.fr/image.ashx?id=2064822&use=l&cat=p&typeid=i","cat":284953},{"id":30851,"n":"Cuisse Dinde Label Rouge x 1  IGP Volailles du Maine  - 750g","p":6.03,"u":"8,04 €/KG","img":"https://fd1-photos.leclercdrive.fr/image.ashx?id=2250570&use=l&cat=p&typeid=i","cat":284337},{"id":30856,"n":"Emincés de poulet Tradilège Rôti - 2x75g","p":2.09,"u":"13,93 €/KG","img":"https://fd1-photos.leclercdrive.fr/image.ashx?id=2994366&use=l&cat=p&typeid=i","cat":316011},{"id":30881,"n":"Tortillas Old El Paso de maïs et blé x8 - 335g","p":2.22,"u":"6,63 €/KG","img":"https://fd1-photos.leclercdrive.fr/image.ashx?id=2738794&use=l&cat=p&typeid=i","cat":288993},{"id":30882,"n":"Bloc de fromage Leerdammer L'Original - 250g","p":3.19,"u":"12,76 €/KG","img":"https://fd1-photos.leclercdrive.fr/image.ashx?id=2146096&use=l&cat=p&typeid=i","cat":314034},{"id":30900,"n":"Biscuits sablés Sans gluten Chocolat noir - 150g","p":3.46,"u":"23,07 €/KG","img":"https://fd1-photos.leclercdrive.fr/image.ashx?id=2669741&use=l&cat=p&typeid=i","cat":318654},{"id":30905,"n":"Coquilles moelleuses x6 Chaque Jour Sans Gluten 180g","p":2.2,"u":"12,22 €/KG","img":"https://fd1-photos.leclercdrive.fr/image.ashx?id=2710792&use=l&cat=p&typeid=i","cat":318654},{"id":30910,"n":"Pain façon campagnard Chaque Jour Sans Gluten - 400g","p":4.0,"u":"10,00 €/KG","img":"https://fd1-photos.leclercdrive.fr/image.ashx?id=2710795&use=l&cat=p&typeid=i","cat":325069},{"id":30917,"n":"Pâtes Escalope volaille Marie Crème champignons - 900g","p":4.49,"u":"4,99 €/KG","img":"https://fd1-photos.leclercdrive.fr/image.ashx?id=2996794&use=l&cat=p&typeid=i","cat":284254},{"id":30929,"n":"Tortillas chips Tables du Monde Nature - 200g","p":1.15,"u":"5,75 €/KG","img":"https://fd1-photos.leclercdrive.fr/image.ashx?id=2655695&use=l&cat=p&typeid=i","cat":288993},{"id":30932,"n":"Biscuits déli matin P'tit Déli  Chocolat allégé- 300g","p":1.88,"u":"6,27 €/KG","img":"https://fd1-photos.leclercdrive.fr/image.ashx?id=3001202&use=l&cat=p&typeid=i","cat":284491},{"id":30933,"n":"Biscuit chocolat noir Gerblé Sans Sucres Ajoutés - 126g","p":1.87,"u":"14,84 €/KG","img":"https://fd1-photos.leclercdrive.fr/image.ashx?id=2662799&use=l&cat=p&typeid=i","cat":318653},{"id":30935,"n":"Huile d'arachide Lesieur 2L","p":8.46,"u":"4,23 €/L","img":"https://fd1-photos.leclercdrive.fr/image.ashx?id=2136337&use=l&cat=p&typeid=i","cat":284453},{"id":30936,"n":"Huile Isio 4 Lesieur 2L","p":6.49,"u":"3,25 €/L","img":"https://fd1-photos.leclercdrive.fr/image.ashx?id=2916021&use=l&cat=p&typeid=i","cat":284453},{"id":30947,"n":"Pâtes Collezione Barilla Tagliatelle - 500g","p":1.42,"u":"2,84 €/KG","img":"https://fd1-photos.leclercdrive.fr/image.ashx?id=2654119&use=l&cat=p&typeid=i","cat":284427},{"id":30949,"n":"plat cuisiné quinoa tomates olives bio bjorg- 250g","p":1.74,"u":"6,96 €/KG","img":"https://fd1-photos.leclercdrive.fr/image.ashx?id=2854444&use=l&cat=p&typeid=i","cat":287600},{"id":30951,"n":"Chocolat au lait Tablette d'Or Coeur de lait - 2x100g","p":1.95,"u":"9,75 €/KG","img":"https://fd1-photos.leclercdrive.fr/image.ashx?id=3010575&use=l&cat=p&typeid=i","cat":284497},{"id":30953,"n":"Couscous Grain Moyen Ferrero  - 500g","p":1.27,"u":"2,54 €/KG","img":"https://fd1-photos.leclercdrive.fr/image.ashx?id=2886777&use=l&cat=p&typeid=i","cat":284429},{"id":30969,"n":"Glace Cône Nestlé Extrême Sorbet fruits rouges x6 - 426g","p":3.31,"u":"7,77 €/KG","img":"https://fd1-photos.leclercdrive.fr/image.ashx?id=2729845&use=l&cat=p&typeid=i","cat":284264},{"id":30976,"n":"Matière grasse Bridelight Demi-sel - 15% MG - 250g","p":2.12,"u":"8,48 €/KG","img":"https://fd1-photos.leclercdrive.fr/image.ashx?id=2643890&use=l&cat=p&typeid=i","cat":284379},{"id":30999,"n":"Spaghetti courts Lustucru Aux oeufs - 500g","p":1.69,"u":"3,38 €/KG","img":"https://fd1-photos.leclercdrive.fr/image.ashx?id=2519798&use=l&cat=p&typeid=i","cat":284427},{"id":31002,"n":"Petit salé aux lentilles  William Saurin - 840g","p":5.99,"u":"7,13 €/KG","img":"https://fd1-photos.leclercdrive.fr/image.ashx?id=2904095&use=l&cat=p&typeid=i","cat":284441},{"id":31019,"n":"Feuilles de lasagne Turini 350g","p":2.69,"u":"7,69 €/KG","img":"https://fd1-photos.leclercdrive.fr/image.ashx?id=2617371&use=l&cat=p&typeid=i","cat":333682},{"id":31022,"n":"Gnocchi à poêler Turini 500g","p":1.42,"u":"2,84 €/KG","img":"https://fd1-photos.leclercdrive.fr/image.ashx?id=3014362&use=l&cat=p&typeid=i","cat":333682},{"id":31023,"n":"Ravioli Ricotta épinards Bio  Bio village - 250g","p":2.99,"u":"11,96 €/KG","img":"https://fd1-photos.leclercdrive.fr/image.ashx?id=2650252&use=l&cat=p&typeid=i","cat":333682},{"id":31027,"n":"Cappuccino soluble Plantation nature - 280g","p":3.21,"u":"11,46 €/KG","img":"https://fd1-photos.leclercdrive.fr/image.ashx?id=2819274&use=l&cat=p&typeid=i","cat":284843},{"id":31029,"n":"Escalope Cordon Bleu Père Dodu  Dinde - Comté x2 - 200g","p":1.93,"u":"9,65 €/KG","img":"https://fd1-photos.leclercdrive.fr/image.ashx?id=2957179&use=l&cat=p&typeid=i","cat":333683},{"id":31035,"n":"Chips La classique Vico Nature - 135g","p":1.27,"u":"9,41 €/KG","img":"https://fd1-photos.leclercdrive.fr/image.ashx?id=2917801&use=l&cat=p&typeid=i","cat":284447},{"id":31042,"n":"Infusion bio Jardin Bio Circulation - x20","p":2.8,"u":"93,33 €/KG","img":"https://fd1-photos.leclercdrive.fr/image.ashx?id=2972017&use=l&cat=p&typeid=i","cat":293234},{"id":31044,"n":"Haricots verts Notre Jardin Extra fins - 5 Fagots - 220g","p":2.15,"u":"9,77 €/KG","img":"https://fd1-photos.leclercdrive.fr/image.ashx?id=2119133&use=l&cat=p&typeid=i","cat":312606},{"id":31046,"n":"Assortiment crackers Tokapi Emmental - 100g","p":0.64,"u":"6,40 €/KG","img":"https://fd1-photos.leclercdrive.fr/image.ashx?id=2034386&use=l&cat=p&typeid=i","cat":297000},{"id":31047,"n":"Assortiment Crackers Tokapi Mélange 4 saveurs - 380g","p":2.79,"u":"7,34 €/KG","img":"https://fd1-photos.leclercdrive.fr/image.ashx?id=2942783&use=l&cat=p&typeid=i","cat":297000},{"id":31050,"n":"Biscuits pavot citron GERBLE  - 4x4  200g","p":1.51,"u":"7,55 €/KG","img":"https://fd1-photos.leclercdrive.fr/image.ashx?id=2967001&use=l&cat=p&typeid=i","cat":318651},{"id":31052,"n":"Biscuits figue et son GERBLE   - 5x5, 210g","p":1.3,"u":"6,19 €/KG","img":"https://fd1-photos.leclercdrive.fr/image.ashx?id=2662319&use=l&cat=p&typeid=i","cat":318651},{"id":31054,"n":"Bouillon Cube Maggi Vollaile - x12 cubes - 120g","p":1.48,"u":"12,33 €/KG","img":"https://fd1-photos.leclercdrive.fr/image.ashx?id=2736982&use=l&cat=p&typeid=i","cat":288379},{"id":31058,"n":"Pâtes Barilla Capellini n°1 - 500g","p":0.94,"u":"1,88 €/KG","img":"https://fd1-photos.leclercdrive.fr/image.ashx?id=2392194&use=l&cat=p&typeid=i","cat":284427},{"id":31068,"n":"Chocolat Pâtissier Tablette dOr Lait - 170g","p":1.99,"u":"11,71 €/KG","img":"https://fd1-photos.leclercdrive.fr/image.ashx?id=2635916&use=l&cat=p&typeid=i","cat":285562},{"id":31069,"n":"Chocolat Pâtissier Tablette dOr Chocolat Blanc - 180g","p":2.03,"u":"11,28 €/KG","img":"https://fd1-photos.leclercdrive.fr/image.ashx?id=2562879&use=l&cat=p&typeid=i","cat":285562},{"id":31079,"n":"Biscuits cookies bio bjorg  chocolat noisette - 200g","p":3.03,"u":"15,15 €/KG","img":"https://fd1-photos.leclercdrive.fr/image.ashx?id=2652215&use=l&cat=p&typeid=i","cat":325066},{"id":31084,"n":"Crackers Tokapi Sésame et pavot - 100g","p":0.69,"u":"6,90 €/KG","img":"https://fd1-photos.leclercdrive.fr/image.ashx?id=1921880&use=l&cat=p&typeid=i","cat":297000},{"id":31086,"n":"Capsules Nescafé Dolce Gusto  Lungo Décaféiné - x16","p":4.82,"u":"43,04 €/KG","img":"https://fd1-photos.leclercdrive.fr/image.ashx?id=2836676&use=l&cat=p&typeid=i","cat":293239},{"id":31088,"n":"Coeurs d'artichaut Notre Jardin 245g","p":3.49,"u":"14,24 €/KG","img":"https://fd1-photos.leclercdrive.fr/image.ashx?id=2607918&use=l&cat=p&typeid=i","cat":312611},{"id":31092,"n":"Croquettes chats Ultima Boule de poils - Dinde - 1.5kg","p":6.13,"u":"4,09 €/KG","img":"https://fd1-photos.leclercdrive.fr/image.ashx?id=2921900&use=l&cat=p&typeid=i","cat":284680},{"id":31095,"n":"Filets maquereaux Pêche Océan Citron olives - 176g","p":1.78,"u":"10,11 €/KG","img":"https://fd1-photos.leclercdrive.fr/image.ashx?id=2515679&use=l&cat=p&typeid=i","cat":303868},{"id":31097,"n":"Feuilletés Tokapi Emmental - 85g","p":0.98,"u":"11,53 €/KG","img":"https://fd1-photos.leclercdrive.fr/image.ashx?id=1884022&use=l&cat=p&typeid=i","cat":297000},{"id":31098,"n":"Capsules Nescafé Dolce Gusto  Café au Lait - x16","p":4.71,"u":"29,44 €/KG","img":"https://fd1-photos.leclercdrive.fr/image.ashx?id=2946637&use=l&cat=p&typeid=i","cat":293239},{"id":31101,"n":"Filets maquereaux Pêche Océan Sauce escabèche - 169g","p":1.15,"u":"6,80 €/KG","img":"https://fd1-photos.leclercdrive.fr/image.ashx?id=2394666&use=l&cat=p&typeid=i","cat":303868},{"id":31105,"n":"Gaufrettes P'tit Déli Praliné noisette x15 110g","p":0.87,"u":"7,91 €/KG","img":"https://fd1-photos.leclercdrive.fr/image.ashx?id=2418245&use=l&cat=p&typeid=i","cat":284488},{"id":31106,"n":"Gaufrettes P'tit Déli Chocolat x15 110g","p":1.1,"u":"10,00 €/KG","img":"https://fd1-photos.leclercdrive.fr/image.ashx?id=2436020&use=l&cat=p&typeid=i","cat":284488},{"id":31109,"n":"Gaufrettes P'tit Déli Framboise 160g","p":1.47,"u":"9,19 €/KG","img":"https://fd1-photos.leclercdrive.fr/image.ashx?id=2915290&use=l&cat=p&typeid=i","cat":284489},{"id":31113,"n":"Haricots rouges Notre Jardin 500g","p":1.37,"u":"2,74 €/KG","img":"https://fd1-photos.leclercdrive.fr/image.ashx?id=2988054&use=l&cat=p&typeid=i","cat":312606},{"id":31115,"n":"Galettes Bjorg Epeautre son d'avoine bio 130g","p":1.28,"u":"9,85 €/KG","img":"https://fd1-photos.leclercdrive.fr/image.ashx?id=2972976&use=l&cat=p&typeid=i","cat":318651},{"id":31116,"n":"Pâtes bio Jardin Bio' Tire-bouchon semi-complet  500g","p":1.82,"u":"3,64 €/KG","img":"https://fd1-photos.leclercdrive.fr/image.ashx?id=2961116&use=l&cat=p&typeid=i","cat":284427},{"id":31119,"n":"Tartelettes P'tit Déli Chocolat noisettes - 150g","p":1.29,"u":"8,60 €/KG","img":"https://fd1-photos.leclercdrive.fr/image.ashx?id=2345556&use=l&cat=p&typeid=i","cat":284488},{"id":31132,"n":"Tartine croustillante Epi d'Or Céréales - 250g","p":1.41,"u":"5,64 €/KG","img":"https://fd1-photos.leclercdrive.fr/image.ashx?id=2535256&use=l&cat=p&typeid=i","cat":284479},{"id":31133,"n":"Tartine croustillante Epi d'Or Seigle - 250g","p":1.29,"u":"5,16 €/KG","img":"https://fd1-photos.leclercdrive.fr/image.ashx?id=2533325&use=l&cat=p&typeid=i","cat":284479},{"id":31136,"n":"Pâtes Torti Panzani 3 Minutes - 1Kg","p":2.15,"u":"2,15 €/KG","img":"https://fd1-photos.leclercdrive.fr/image.ashx?id=2896099&use=l&cat=p&typeid=i","cat":284427},{"id":31139,"n":"Tortillas chips Tables du Monde Chili - 200g","p":1.39,"u":"6,95 €/KG","img":"https://fd1-photos.leclercdrive.fr/image.ashx?id=2661544&use=l&cat=p&typeid=i","cat":288993},{"id":31143,"n":"Lait concentré sucré Délisse 397g","p":1.35,"u":"3,40 €/KG","img":"https://fd1-photos.leclercdrive.fr/image.ashx?id=2576588&use=l&cat=p&typeid=i","cat":299162},{"id":31153,"n":"Moutarde gourmande Rustica 340g","p":1.59,"u":"4,68 €/KG","img":"https://fd1-photos.leclercdrive.fr/image.ashx?id=2666563&use=l&cat=p&typeid=i","cat":288850},{"id":31156,"n":"Café Soluble Nescafé x25 - 50g","p":2.06,"u":"41,20 €/KG","img":"https://fd1-photos.leclercdrive.fr/image.ashx?id=2485131&use=l&cat=p&typeid=i","cat":284843},{"id":31158,"n":"Wasabi Tanoshi Moutarde verte japonaise - tube de 43g","p":2.92,"u":"67,91 €/KG","img":"https://fd1-photos.leclercdrive.fr/image.ashx?id=2921145&use=l&cat=p&typeid=i","cat":288992},{"id":31166,"n":"Pousses d'haricots  Bio Village Haricots Mungo Bio - 175g","p":1.34,"u":"7,66 €/KG","img":"https://fd1-photos.leclercdrive.fr/image.ashx?id=2573214&use=l&cat=p&typeid=i","cat":312611},{"id":31171,"n":"Pop corn sucrés Tokapi Micro-ondable - 3x90g","p":1.25,"u":"4,63 €/KG","img":"https://fd1-photos.leclercdrive.fr/image.ashx?id=2987154&use=l&cat=p&typeid=i","cat":304249},{"id":31174,"n":"Pâtes penne rigate Panzani 1kg","p":1.97,"u":"1,97 €/KG","img":"https://fd1-photos.leclercdrive.fr/image.ashx?id=2876020&use=l&cat=p&typeid=i","cat":284427},{"id":31178,"n":"Pois apéritif Tanoshi wasabi - sachet 100g","p":1.49,"u":"14,90 €/KG","img":"https://fd1-photos.leclercdrive.fr/image.ashx?id=2928522&use=l&cat=p&typeid=i","cat":288992},{"id":31191,"n":"Riz sushi Tanoshi 450g","p":2.77,"u":"6,16 €/KG","img":"https://fd1-photos.leclercdrive.fr/image.ashx?id=2955788&use=l&cat=p&typeid=i","cat":288992},{"id":31193,"n":"Biscuit apéritif ancel Bretzels Sticks - 200g","p":0.91,"u":"4,55 €/KG","img":"https://fd1-photos.leclercdrive.fr/image.ashx?id=2895178&use=l&cat=p&typeid=i","cat":297000},{"id":31200,"n":"AOP Bordeaux rouge Baron de Lestac - BIB 3L","p":13.93,"u":"4,64 €/L","img":"https://fd1-photos.leclercdrive.fr/image.ashx?id=2420910&use=l&cat=p&typeid=i","cat":289560},{"id":31211,"n":"Grana Padano AOP Casa Azzurra Râpé -  100g","p":1.9,"u":"19,00 €/KG","img":"https://fd1-photos.leclercdrive.fr/image.ashx?id=2284730&use=l&cat=p&typeid=i","cat":314035},{"id":31223,"n":"Bain Dissolvant Inell Bain sans acétone - 75ml","p":3.99,"u":"53,20 €/L","img":"https://fd1-photos.leclercdrive.fr/image.ashx?id=2244820&use=l&cat=p&typeid=i","cat":325347},{"id":31265,"n":"Friandises chats Félix Original  Party mix - 60g","p":1.23,"u":"20,50 €/KG","img":"https://fd1-photos.leclercdrive.fr/image.ashx?id=2683346&use=l&cat=p&typeid=i","cat":285285},{"id":31266,"n":"Friandises chats Félix Grillade - 60g","p":0.99,"u":"16,50 €/KG","img":"https://fd1-photos.leclercdrive.fr/image.ashx?id=2336614&use=l&cat=p&typeid=i","cat":285285},{"id":31267,"n":"Friandises chats Félix Saveur océane Party mix  - 60g","p":1.18,"u":"19,67 €/KG","img":"https://fd1-photos.leclercdrive.fr/image.ashx?id=2910210&use=l&cat=p&typeid=i","cat":285285},{"id":31288,"n":"Emmental râpé Entremont Spécial pizza 125g","p":1.89,"u":"15,12 €/KG","img":"https://fd1-photos.leclercdrive.fr/image.ashx?id=2785793&use=l&cat=p&typeid=i","cat":314035},{"id":31289,"n":"Emmental râpé Entremont 3x70g","p":2.41,"u":"11,48 €/KG","img":"https://fd1-photos.leclercdrive.fr/image.ashx?id=2983150&use=l&cat=p&typeid=i","cat":314035},{"id":31297,"n":"Fromage crémeux Les Croisés 36%mg - 200g","p":2.43,"u":"12,15 €/KG","img":"https://fd1-photos.leclercdrive.fr/image.ashx?id=2037379&use=l&cat=p&typeid=i","cat":329558},{"id":31301,"n":"Steak haché Férial  15%mg - X10 - 1kg","p":11.43,"u":"11,43 €/KG","img":"https://fd1-photos.leclercdrive.fr/image.ashx?id=3004657&use=l&cat=p&typeid=i","cat":319778},{"id":31389,"n":"Menus gourmands Tous mes amis pour chatons - 12x100g","p":4.29,"u":"3,58 €/KG","img":"https://fd1-photos.leclercdrive.fr/image.ashx?id=2027595&use=l&cat=p&typeid=i","cat":285286},{"id":31416,"n":"Chocolat noir Villars 72% -100g","p":1.89,"u":"18,90 €/KG","img":"https://fd1-photos.leclercdrive.fr/image.ashx?id=2464270&use=l&cat=p&typeid=i","cat":284956},{"id":31441,"n":"Plat bébé Blédina 12 mois  Courgette riz veau - 2x200g","p":2.85,"u":"7,13 €/KG","img":"https://fd1-photos.leclercdrive.fr/image.ashx?id=2975074&use=l&cat=p&typeid=i","cat":312237},{"id":31447,"n":"Tablette Chocolat Lait Crunch Céréales Croustillantes 2x100g","p":2.7,"u":"13,50 €/KG","img":"https://fd1-photos.leclercdrive.fr/image.ashx?id=2899740&use=l&cat=p&typeid=i","cat":284497},{"id":31458,"n":"Moutarde de Dijon Rustica  Fine et forte - 160g","p":0.95,"u":"5,94 €/KG","img":"https://fd1-photos.leclercdrive.fr/image.ashx?id=2954367&use=l&cat=p&typeid=i","cat":288850},{"id":31640,"n":"Pain complet 300g","p":1.7,"u":"5,67 €/KG","img":"https://fd1-photos.leclercdrive.fr/image.ashx?id=2657166&use=l&cat=p&typeid=i","cat":284359},{"id":31641,"n":"Poulet basquaise Côté Table Riz 285g","p":1.81,"u":"6,35 €/KG","img":"https://fd1-photos.leclercdrive.fr/image.ashx?id=2476149&use=l&cat=p&typeid=i","cat":284953},{"id":31654,"n":"Haricot vert  1kg","p":5.59,"u":"5,59 €/KG","img":"https://fd1-photos.leclercdrive.fr/image.ashx?id=1634300&use=l&cat=p&typeid=i","cat":284352},{"id":31656,"n":"Cornichons Rustica Aigre Doux - 360g","p":1.63,"u":"4,53 €/KG","img":"https://fd1-photos.leclercdrive.fr/image.ashx?id=2916698&use=l&cat=p&typeid=i","cat":284458},{"id":31659,"n":"Sirop La Maison Guiot Cerise - 70cl","p":3.18,"u":"4,54 €/L","img":"https://fd1-photos.leclercdrive.fr/image.ashx?id=2857201&use=l&cat=p&typeid=i","cat":295020},{"id":31661,"n":"Sirop La Maison Guiot Pêche blanche - 70cl","p":3.34,"u":"4,77 €/L","img":"https://fd1-photos.leclercdrive.fr/image.ashx?id=2857198&use=l&cat=p&typeid=i","cat":295020},{"id":31680,"n":"Lingettes bébé Mots d'Enfants Ultra-douces - x24","p":1.25,"u":"0,05 €/P","img":"https://fd1-photos.leclercdrive.fr/image.ashx?id=2856501&use=l&cat=p&typeid=i","cat":284738},{"id":31682,"n":"Sachet repas chat Tous mes amis Viande en sauces - 4x100g","p":1.49,"u":"3,73 €/KG","img":"https://fd1-photos.leclercdrive.fr/image.ashx?id=2043005&use=l&cat=p&typeid=i","cat":285286},{"id":31709,"n":"Viande boeuf séchée Saint Azay 10 tranches - 80g","p":3.78,"u":"47,25 €/KG","img":"https://fd1-photos.leclercdrive.fr/image.ashx?id=2979568&use=l&cat=p&typeid=i","cat":316007},{"id":31714,"n":"Pur jus de pomme Bio Village Bio - 6x20cl","p":3.25,"u":"2,71 €/L","img":"https://fd1-photos.leclercdrive.fr/image.ashx?id=2077442&use=l&cat=p&typeid=i","cat":284524},{"id":31717,"n":"Parmigiano Reg AOP Casa Azzurra Râpé -  60g","p":1.45,"u":"24,17 €/KG","img":"https://fd1-photos.leclercdrive.fr/image.ashx?id=2261951&use=l&cat=p&typeid=i","cat":314035},{"id":31725,"n":"Boisson énergisante X-tense Canette - 4x50cl","p":3.12,"u":"1,56 €/L","img":"https://fd1-photos.leclercdrive.fr/image.ashx?id=2956068&use=l&cat=p&typeid=i","cat":284533},{"id":31729,"n":"Jus de pomme Jafaden A base de concentré - 1L","p":0.95,"u":"0,95 €/L","img":"https://fd1-photos.leclercdrive.fr/image.ashx?id=2550842&use=l&cat=p&typeid=i","cat":284522},{"id":31730,"n":"Pur jus de pomme Jafaden 1L","p":0.99,"u":"0,99 €/L","img":"https://fd1-photos.leclercdrive.fr/image.ashx?id=1936638&use=l&cat=p&typeid=i","cat":284522},{"id":31731,"n":"Thé glacé Fresh Tea Pêche - 1L","p":1.03,"u":"1,03 €/L","img":"https://fd1-photos.leclercdrive.fr/image.ashx?id=3002791&use=l&cat=p&typeid=i","cat":295019},{"id":31733,"n":"Pur jus multifruits Jafaden 1L","p":1.39,"u":"1,39 €/L","img":"https://fd1-photos.leclercdrive.fr/image.ashx?id=2890006&use=l&cat=p&typeid=i","cat":284917},{"id":31735,"n":"Nectar multifruits Jafaden 1L","p":1.75,"u":"1,75 €/L","img":"https://fd1-photos.leclercdrive.fr/image.ashx?id=2956089&use=l&cat=p&typeid=i","cat":284917},{"id":31736,"n":"Nectar Jafaden Goyave - 1L","p":2.08,"u":"2,08 €/L","img":"https://fd1-photos.leclercdrive.fr/image.ashx?id=2956095&use=l&cat=p&typeid=i","cat":284916},{"id":31737,"n":"Nectar Jafaden Passion - 1L","p":2.71,"u":"2,71 €/L","img":"https://fd1-photos.leclercdrive.fr/image.ashx?id=2959602&use=l&cat=p&typeid=i","cat":284916},{"id":31814,"n":"Confiture Cuite au chaudron Fraises Lucien Georgelin - 320g","p":1.97,"u":"6,16 €/KG","img":"https://fd1-photos.leclercdrive.fr/image.ashx?id=1638664&use=l&cat=p&typeid=i","cat":284480},{"id":31830,"n":"Sachet repas chat Tous mes amis Viande en sauce - 12x100g","p":3.65,"u":"3,04 €/KG","img":"https://fd1-photos.leclercdrive.fr/image.ashx?id=2677077&use=l&cat=p&typeid=i","cat":285286},{"id":31863,"n":"AOP Camembert Graindorge Au lait cru - 250g","p":3.75,"pp":2.62,"u":"10,48 €/KG","img":"https://fd1-photos.leclercdrive.fr/image.ashx?id=2412600&use=l&cat=p&typeid=i","cat":314033},{"id":31877,"n":"AOP Camembert Reo 45%mg - 250g","p":3.94,"u":"15,76 €/KG","img":"https://fd1-photos.leclercdrive.fr/image.ashx?id=2021511&use=l&cat=p&typeid=i","cat":314033},{"id":31899,"n":"Huile OPTIMA Tramier  1L","p":4.77,"u":"4,77 €/L","img":"https://fd1-photos.leclercdrive.fr/image.ashx?id=2680407&use=l&cat=p&typeid=i","cat":284453},{"id":31915,"n":"Mayonnaise à la moutarde de Dij  de Dijon Rustica - 235 g","p":1.25,"u":"5,32 €/KG","img":"https://fd1-photos.leclercdrive.fr/image.ashx?id=2954355&use=l&cat=p&typeid=i","cat":298295},{"id":31918,"n":"Sucre Tablier Blanc En morceaux - 1kg","p":1.99,"u":"1,99 €/KG","img":"https://fd1-photos.leclercdrive.fr/image.ashx?id=3010425&use=l&cat=p&typeid=i","cat":284502},{"id":31924,"n":"Déodorant bille Manava Peaux sensibles 50ml","p":1.15,"u":"23,00 €/L","img":"https://fd1-photos.leclercdrive.fr/image.ashx?id=2481222&use=l&cat=p&typeid=i","cat":284595},{"id":31935,"n":"Spray coiffant Vitanove Fixation extra forte - 250ml","p":1.39,"u":"5,56 €/L","img":"https://fd1-photos.leclercdrive.fr/image.ashx?id=2331700&use=l&cat=p&typeid=i","cat":284609},{"id":31936,"n":"Spray coiffant Vitanove Fixation extrême - 250ml","p":1.43,"u":"5,72 €/L","img":"https://fd1-photos.leclercdrive.fr/image.ashx?id=2331703&use=l&cat=p&typeid=i","cat":284609},{"id":31937,"n":"Laque Vitanove Fixation normale 300ml","p":1.95,"u":"6,50 €/L","img":"https://fd1-photos.leclercdrive.fr/image.ashx?id=2616739&use=l&cat=p&typeid=i","cat":284609},{"id":31941,"n":"IGP Ardèche rouge Pont d'Arc 13.5% vol - BIB 5L","p":11.2,"u":"2,24 €/L","img":"https://fd1-photos.leclercdrive.fr/image.ashx?id=2527913&use=l&cat=p&typeid=i","cat":289560},{"id":31943,"n":"Vin blanc Henri Ehrhart Riesling - 75cl","p":5.65,"u":"7,53 €/L","img":"https://fd1-photos.leclercdrive.fr/image.ashx?id=1754401&use=l&cat=p&typeid=i","cat":289557},{"id":31965,"n":"Nettoyant spray Clair Cuisine et salle de bain 750ml","p":1.49,"u":"1,99 €/L","img":"https://fd1-photos.leclercdrive.fr/image.ashx?id=2466151&use=l&cat=p&typeid=i","cat":325357},{"id":31968,"n":"Crème Dépilatoire Siliss Sous la douche - 250ml","p":3.39,"u":"13,56 €/L","img":"https://fd1-photos.leclercdrive.fr/image.ashx?id=2842286&use=l&cat=p&typeid=i","cat":325351},{"id":31970,"n":"Soin visage Carré Homme Anti-âge anti-fatigue Q10- 50ml","p":3.7,"u":"74,00 €/L","img":"https://fd1-photos.leclercdrive.fr/image.ashx?id=2809689&use=l&cat=p&typeid=i","cat":284622},{"id":31976,"n":"Sucre vanillé bio Bio Village 6x7.5g","p":1.85,"u":"41,11 €/KG","img":"https://fd1-photos.leclercdrive.fr/image.ashx?id=2895801&use=l&cat=p&typeid=i","cat":294686},{"id":31983,"n":"Cidre rosé Les Goelleries 2.5%vol. - 75cl","p":2.29,"u":"3,05 €/L","img":"https://fd1-photos.leclercdrive.fr/image.ashx?id=2842295&use=l&cat=p&typeid=i","cat":334880},{"id":31985,"n":"Couches bébé Mots d'Enfants -T4 Ultra confort - 7/18kg - x26","p":5.55,"u":"0,21 €/P","img":"https://fd1-photos.leclercdrive.fr/image.ashx?id=2699456&use=l&cat=p&typeid=i","cat":284737},{"id":31988,"n":"Sachet repas chat Tous mes amis Poissons en gelée - 4x100g","p":1.33,"u":"3,33 €/KG","img":"https://fd1-photos.leclercdrive.fr/image.ashx?id=2043002&use=l&cat=p&typeid=i","cat":285286},{"id":32012,"n":"Beurre Moulé de Baratte Le Gall Doux - 82% MG - 250g","p":2.95,"u":"11,80 €/KG","img":"https://fd1-photos.leclercdrive.fr/image.ashx?id=2380997&use=l&cat=p&typeid=i","cat":284379},{"id":32014,"n":"Beurre de Baratte 80%MG Le Gall Fleur de sel de Guérande - 250g","p":2.91,"u":"11,64 €/KG","img":"https://fd1-photos.leclercdrive.fr/image.ashx?id=2381003&use=l&cat=p&typeid=i","cat":284379},{"id":32058,"n":"Amandes Tokapi Fumé - 125g","p":2.69,"u":"21,52 €/KG","img":"https://fd1-photos.leclercdrive.fr/image.ashx?id=2795556&use=l&cat=p&typeid=i","cat":284448},{"id":32059,"n":"Sachet repas chat Tous mes amis Viande en geléé - 12x100g","p":3.65,"u":"3,04 €/KG","img":"https://fd1-photos.leclercdrive.fr/image.ashx?id=2027598&use=l&cat=p&typeid=i","cat":285286},{"id":32064,"n":"Mousse à raser Carré Homme Sensible - 250ml","p":1.39,"u":"5,56 €/L","img":"https://fd1-photos.leclercdrive.fr/image.ashx?id=2704681&use=l&cat=p&typeid=i","cat":284617},{"id":32065,"n":"Couches bébé Mots d'Enfants T4 Douceur - 7/18kg - x74 changes","p":10.6,"u":"0,14 €/P","img":"https://fd1-photos.leclercdrive.fr/image.ashx?id=2699468&use=l&cat=p&typeid=i","cat":284737},{"id":32098,"n":"Biscuits Dinosaurus Lotus  Chocolat noir - 225g","p":1.97,"u":"8,76 €/KG","img":"https://fd1-photos.leclercdrive.fr/image.ashx?id=2859812&use=l&cat=p&typeid=i","cat":284488},{"id":32103,"n":"Goûter laitier Récré O'Lé Gourdes Chocolat - 4x85g","p":2.07,"u":"6,09 €/KG","img":"https://fd1-photos.leclercdrive.fr/image.ashx?id=3008824&use=l&cat=p&typeid=i","cat":284506},{"id":32104,"n":"Goûter laitier Récré O'Lé Gourdes Saveur Vanille - 4x85g","p":2.12,"u":"6,24 €/KG","img":"https://fd1-photos.leclercdrive.fr/image.ashx?id=3008827&use=l&cat=p&typeid=i","cat":284506},{"id":32110,"n":"Oeufs de poules Bio Plein Air - x6","p":2.25,"u":"0,38 €/P","img":"https://fd1-photos.leclercdrive.fr/image.ashx?id=2148248&use=l&cat=p&typeid=i","cat":284378},{"id":32181,"n":"Trousse dentaire Petit Dentamyl 2-6ans","p":2.5,"img":"https://fd1-photos.leclercdrive.fr/image.ashx?id=2072888&use=l&cat=p&typeid=i","cat":288897},{"id":32183,"n":"Couches bébé Mots d'Enfants T4+ Douceur - 9/20kg - x70 changes","p":10.8,"u":"0,15 €/P","img":"https://fd1-photos.leclercdrive.fr/image.ashx?id=2904574&use=l&cat=p&typeid=i","cat":284737},{"id":32186,"n":"Couches bébé Mots d'Enfants T5 Douceur - 11/25kg - x66","p":10.7,"u":"0,16 €/P","img":"https://fd1-photos.leclercdrive.fr/image.ashx?id=2907195&use=l&cat=p&typeid=i","cat":284737},{"id":32202,"n":"Couches bébé Mots d'Enfants T3 Douceur - 4/9kg - x90 changes","p":11.4,"u":"0,13 €/P","img":"https://fd1-photos.leclercdrive.fr/image.ashx?id=2904571&use=l&cat=p&typeid=i","cat":284737},{"id":32213,"n":"Bacon fumé Herta Barquette 100g","p":2.0,"u":"20,00 €/KG","img":"https://fd1-photos.leclercdrive.fr/image.ashx?id=2876236&use=l&cat=p&typeid=i","cat":316011},{"id":32216,"n":"Sandwich XXL Daunat Poulet rôti Mayonnaise - 230g","p":2.09,"u":"9,09 €/KG","img":"https://fd1-photos.leclercdrive.fr/image.ashx?id=2892706&use=l&cat=p&typeid=i","cat":333658},{"id":32247,"n":"Baguette Tradition 3x250g + 1 baguette offerte","p":3.3,"u":"3,30 €/KG","img":"https://fd1-photos.leclercdrive.fr/image.ashx?id=2442057&use=l&cat=p&typeid=i","cat":284359},{"id":32258,"n":"Couches bébé Mots d'Enfants -T3 Ultra confort - 4/9kg - x29","p":5.99,"u":"0,21 €/P","img":"https://fd1-photos.leclercdrive.fr/image.ashx?id=2699453&use=l&cat=p&typeid=i","cat":284737},{"id":32267,"n":"Emmental fromage rapé Les Croisés - 325g","p":2.65,"u":"8,15 €/KG","img":"https://fd1-photos.leclercdrive.fr/image.ashx?id=2942786&use=l&cat=p&typeid=i","cat":314035},{"id":32268,"n":"Bûche de chèvre Les Croisés Non affiné 19%mg - 150g","p":1.89,"u":"12,60 €/KG","img":"https://fd1-photos.leclercdrive.fr/image.ashx?id=2919613&use=l&cat=p&typeid=i","cat":314031},{"id":32286,"n":"Papillons d'Alsace NRT 250g","p":1.39,"u":"5,56 €/KG","img":"https://fd1-photos.leclercdrive.fr/image.ashx?id=2839992&use=l&cat=p&typeid=i","cat":284427},{"id":32291,"n":"Bonbons sans sucres Confiséo Aux plantes - 150g","p":2.49,"u":"16,60 €/KG","img":"https://fd1-photos.leclercdrive.fr/image.ashx?id=2934700&use=l&cat=p&typeid=i","cat":304252},{"id":32293,"n":"Sucre de canne Tablier Blanc Cassonade 750g","p":1.55,"u":"2,07 €/KG","img":"https://fd1-photos.leclercdrive.fr/image.ashx?id=2501676&use=l&cat=p&typeid=i","cat":284502},{"id":32301,"n":"Biscuit Petit beurre P'tit Déli Tablette chocolat blanc - 150g","p":1.49,"u":"9,93 €/KG","img":"https://fd1-photos.leclercdrive.fr/image.ashx?id=2517772&use=l&cat=p&typeid=i","cat":284488},{"id":32315,"n":"Cidre brut Val de Rance Traditionnel 4.5%vol. - 1,5L","p":2.08,"u":"1,39 €/L","img":"https://fd1-photos.leclercdrive.fr/image.ashx?id=2008658&use=l&cat=p&typeid=i","cat":334880},{"id":32335,"n":"100% Pur jus d'orange Jafaden Très pulpé - 1L","p":2.61,"u":"2,61 €/L","img":"https://fd1-photos.leclercdrive.fr/image.ashx?id=2869272&use=l&cat=p&typeid=i","cat":284521},{"id":32339,"n":"Sirop Frucci Pamplemousse Rose - 75cl","p":3.65,"u":"4,87 €/L","img":"https://fd1-photos.leclercdrive.fr/image.ashx?id=2909900&use=l&cat=p&typeid=i","cat":295020},{"id":32352,"n":"Emmental fromage râpé bio Bio village - 200g","p":2.31,"u":"11,55 €/KG","img":"https://fd1-photos.leclercdrive.fr/image.ashx?id=1972558&use=l&cat=p&typeid=i","cat":314035},{"id":32357,"n":"Yaourts en gourde Délisse 3 Abricots + 3 Fraises - 6x90g","p":2.89,"u":"5,35 €/KG","img":"https://fd1-photos.leclercdrive.fr/image.ashx?id=2699565&use=l&cat=p&typeid=i","cat":284415},{"id":32371,"n":"Petits pots  Babybio Bio Carotte quinoa - 8mois 2x200g","p":2.49,"u":"6,23 €/KG","img":"https://fd1-photos.leclercdrive.fr/image.ashx?id=2834512&use=l&cat=p&typeid=i","cat":312239},{"id":32372,"n":"Petits pots Babybio Bio Légumes veau - 8 mois 2x200g","p":2.79,"u":"6,98 €/KG","img":"https://fd1-photos.leclercdrive.fr/image.ashx?id=2838308&use=l&cat=p&typeid=i","cat":312236},{"id":32373,"n":"Petits pots Babybio Bio Légume canard - 8mois 2x200g","p":3.25,"u":"16,25 €/KG","img":"https://fd1-photos.leclercdrive.fr/image.ashx?id=2912200&use=l&cat=p&typeid=i","cat":312236},{"id":32380,"n":"Farine de blé Eco+ 1kg","p":0.55,"u":"0,55 €/KG","img":"https://fd1-photos.leclercdrive.fr/image.ashx?id=2659774&use=l&cat=p&typeid=i","cat":284503},{"id":32386,"n":"Mélange forestier Notre Jardin 225g","p":2.57,"u":"11,42 €/KG","img":"https://fd1-photos.leclercdrive.fr/image.ashx?id=2804329&use=l&cat=p&typeid=i","cat":312612},{"id":32387,"n":"Ratatouille Notre Jardin A la provençale - 375g","p":1.06,"u":"2,83 €/KG","img":"https://fd1-photos.leclercdrive.fr/image.ashx?id=2526294&use=l&cat=p&typeid=i","cat":312612},{"id":32388,"n":"Maïs Notre Jardin Aux 2 poivrons - 270g","p":1.19,"u":"4,41 €/KG","img":"https://fd1-photos.leclercdrive.fr/image.ashx?id=2988057&use=l&cat=p&typeid=i","cat":312611},{"id":32478,"n":"Fruits rouges Fruistar 650g","p":4.81,"u":"7,40 €/KG","img":"https://fd1-photos.leclercdrive.fr/image.ashx?id=2898245&use=l&cat=p&typeid=i","cat":284268},{"id":32492,"n":"Crème glacée L'Angelys Vanille - 450g","p":5.11,"u":"11,36 €/KG","img":"https://fd1-photos.leclercdrive.fr/image.ashx?id=2963574&use=l&cat=p&typeid=i","cat":284263},{"id":32497,"n":"Recharge Savon Mains Dettol Parfum Citron 250ml","p":2.15,"u":"8,60 €/L","img":"https://fd1-photos.leclercdrive.fr/image.ashx?id=2962020&use=l&cat=p&typeid=i","cat":284597},{"id":32516,"n":"Saumon fumé Bio Bio Village Atlantique x4T - 120g","p":5.77,"u":"48,08 €/KG","img":"https://fd1-photos.leclercdrive.fr/image.ashx?id=2374606&use=l&cat=p&typeid=i","cat":285188},{"id":32533,"n":"Langue de bœuf Larzul Sauce madère 410g","p":7.3,"u":"17,80 €/KG","img":"https://fd1-photos.leclercdrive.fr/image.ashx?id=2204021&use=l&cat=p&typeid=i","cat":284441},{"id":32534,"n":"Langue de bœuf Larzul Sauce piquante - 410g","p":7.3,"u":"17,80 €/KG","img":"https://fd1-photos.leclercdrive.fr/image.ashx?id=2171668&use=l&cat=p&typeid=i","cat":284441},{"id":32545,"n":"Chips Craquantes Bret's Sel de Guérande - 250g","p":2.25,"u":"9,00 €/KG","img":"https://fd1-photos.leclercdrive.fr/image.ashx?id=2282622&use=l&cat=p&typeid=i","cat":284447},{"id":32547,"n":"Galettes de Pleyben Gavottes Pur beurre 130g","p":1.29,"u":"9,92 €/KG","img":"https://fd1-photos.leclercdrive.fr/image.ashx?id=2276894&use=l&cat=p&typeid=i","cat":284487},{"id":32555,"n":"Fromage Maasdam Les Croisés tranches x14 - 27.1%mg - 350g","p":3.23,"u":"9,23 €/KG","img":"https://fd1-photos.leclercdrive.fr/image.ashx?id=2026322&use=l&cat=p&typeid=i","cat":314028},{"id":32558,"n":"Mimolette Les Croisés 23.7%mg portion - 250g","p":2.97,"u":"11,88 €/KG","img":"https://fd1-photos.leclercdrive.fr/image.ashx?id=2796049&use=l&cat=p&typeid=i","cat":314034},{"id":32631,"n":"Biscuits palmier Bio Village Bio - 100g","p":1.27,"u":"12,70 €/KG","img":"https://fd1-photos.leclercdrive.fr/image.ashx?id=2610729&use=l&cat=p&typeid=i","cat":284487},{"id":32643,"n":"Pruneaux d'Agen Couleurs Vives Dénoyautés - 500g","p":3.99,"u":"7,98 €/KG","img":"https://fd1-photos.leclercdrive.fr/image.ashx?id=2124107&use=l&cat=p&typeid=i","cat":284357},{"id":32661,"n":"Topinambour  1kg","p":3.19,"u":"3,19 €/KG","img":"https://fd1-photos.leclercdrive.fr/image.ashx?id=1633220&use=l&cat=p&typeid=i","cat":284352},{"id":32690,"n":"Tranches de fromage Leerdammer Le Léger - 8 Tranches - 200g","p":3.77,"u":"18,85 €/KG","img":"https://fd1-photos.leclercdrive.fr/image.ashx?id=2507581&use=l&cat=p&typeid=i","cat":314028},{"id":32724,"n":"Pain grillé bio Bio Village Céréales et graines - 225g","p":1.59,"u":"7,07 €/KG","img":"https://fd1-photos.leclercdrive.fr/image.ashx?id=2595119&use=l&cat=p&typeid=i","cat":284479},{"id":32748,"n":"Pousse d'épinard 125g","p":1.12,"u":"8,96 €/KG","img":"https://fd1-photos.leclercdrive.fr/image.ashx?id=1632015&use=l&cat=p&typeid=i","cat":284352},{"id":32765,"n":"Bonbons Copains Copines Planch' acid goût fruit 225g","p":1.11,"u":"4,93 €/KG","img":"https://fd1-photos.leclercdrive.fr/image.ashx?id=2934709&use=l&cat=p&typeid=i","cat":304250},{"id":32768,"n":"Lait demi écrémé LesEleveurs de Bretagne brique 6x1L","p":6.0,"u":"1,00 €/L","img":"https://fd1-photos.leclercdrive.fr/image.ashx?id=1574195&use=l&cat=p&typeid=i","cat":284377},{"id":32770,"n":"Lait écrémé de Bretagne Brique : 6x1L","p":5.75,"u":"0,96 €/L","img":"https://fd1-photos.leclercdrive.fr/image.ashx?id=1582616&use=l&cat=p&typeid=i","cat":284949},{"id":32771,"n":"Lait entier Les Eleveurs de Bretagne - Brique : 6x1L","p":6.86,"u":"1,14 €/L","img":"https://fd1-photos.leclercdrive.fr/image.ashx?id=1574204&use=l&cat=p&typeid=i","cat":285610},{"id":32786,"n":"Déodorant bille Manava Pierre d'alun - 50ml","p":0.99,"u":"19,80 €/L","img":"https://fd1-photos.leclercdrive.fr/image.ashx?id=2481219&use=l&cat=p&typeid=i","cat":284595},{"id":32817,"n":"Eau minérale Mont Blanc 6x1.5L","p":3.08,"u":"0,34 €/L","img":"https://fd1-photos.leclercdrive.fr/image.ashx?id=2401110&use=l&cat=p&typeid=i","cat":284535},{"id":32843,"n":"Chipolatas superieure Socopa Sous atmosphère x6 - 330g","p":3.57,"u":"10,82 €/KG","img":"https://fd1-photos.leclercdrive.fr/image.ashx?id=2638130&use=l&cat=p&typeid=i","cat":284334},{"id":32915,"n":"Oignons frits Colona 100g","p":1.27,"u":"12,70 €/KG","img":"https://fd1-photos.leclercdrive.fr/image.ashx?id=2687230&use=l&cat=p&typeid=i","cat":298297},{"id":32924,"n":"Chicorée en grains Lutun  500g","p":1.53,"u":"3,06 €/KG","img":"https://fd1-photos.leclercdrive.fr/image.ashx?id=2775601&use=l&cat=p&typeid=i","cat":284843},{"id":32934,"n":"Bière blanche 1664 Blanc 5° - 12x25cl","p":9.42,"u":"3,14 €/L","img":"https://fd1-photos.leclercdrive.fr/image.ashx?id=2886696&use=l&cat=p&typeid=i","cat":334878},{"id":32949,"n":"Gel Douche Fa Cap tonique mixte flacon- 250ml","p":1.47,"u":"5,88 €/L","img":"https://fd1-photos.leclercdrive.fr/image.ashx?id=2995418&use=l&cat=p&typeid=i","cat":284594},{"id":32954,"n":"Bûche glacée Eskiss Poire Chocolat - 549g","p":3.77,"u":"6,87 €/KG","img":"https://fd1-photos.leclercdrive.fr/image.ashx?id=2791302&use=l&cat=p&typeid=i","cat":284266},{"id":32957,"n":"Poitrine fumée Herta 2x100g","p":2.9,"u":"14,50 €/KG","img":"https://fd1-photos.leclercdrive.fr/image.ashx?id=2787773&use=l&cat=p&typeid=i","cat":316011},{"id":32969,"n":"Mousse à raser Carré Homme Menthol 250ml","p":1.39,"u":"5,56 €/L","img":"https://fd1-photos.leclercdrive.fr/image.ashx?id=2704705&use=l&cat=p&typeid=i","cat":284617},{"id":32970,"n":"Lingettes Bionaïa Démaquillantes Bio x25","p":1.04,"u":"0,04 €/P","img":"https://fd1-photos.leclercdrive.fr/image.ashx?id=2376025&use=l&cat=p&typeid=i","cat":284603},{"id":32971,"n":"Mousse à raser Carré Homme Protectrice 250ml","p":1.12,"u":"4,48 €/L","img":"https://fd1-photos.leclercdrive.fr/image.ashx?id=2842289&use=l&cat=p&typeid=i","cat":284617},{"id":32973,"n":"Eau micellaire Inell 500ml","p":2.36,"u":"4,72 €/L","img":"https://fd1-photos.leclercdrive.fr/image.ashx?id=1938870&use=l&cat=p&typeid=i","cat":284603},{"id":32980,"n":"Clémentines Bio 1kg","p":4.39,"u":"4,39 €/KG","img":"https://fd1-photos.leclercdrive.fr/image.ashx?id=1628926&use=l&cat=p&typeid=i","cat":284356},{"id":32981,"n":"Biscuits sec thé P'tit Déli 340g","p":1.21,"u":"3,56 €/KG","img":"https://fd1-photos.leclercdrive.fr/image.ashx?id=2679488&use=l&cat=p&typeid=i","cat":284487},{"id":32982,"n":"Pâtes coquillettes Turini Les 3 min - 1kg","p":1.43,"u":"1,43 €/KG","img":"https://fd1-photos.leclercdrive.fr/image.ashx?id=2607530&use=l&cat=p&typeid=i","cat":284427},{"id":32986,"n":"Pâtes penne Turini Les 3 min - 500g","p":0.99,"u":"1,98 €/KG","img":"https://fd1-photos.leclercdrive.fr/image.ashx?id=2744240&use=l&cat=p&typeid=i","cat":284427},{"id":33004,"n":"Mousse au chocolat Marie Morin A l'ancienne - 2x100g","p":3.59,"u":"17,95 €/KG","img":"https://fd1-photos.leclercdrive.fr/image.ashx?id=2631687&use=l&cat=p&typeid=i","cat":284417},{"id":33005,"n":"Oeufs Les Eleveurs de Bretagne Bio plein air - x10","p":3.45,"u":"0,35 €/P","img":"https://fd1-photos.leclercdrive.fr/image.ashx?id=2187586&use=l&cat=p&typeid=i","cat":284378},{"id":33017,"n":"Eau gazeuse  Badoit rouge fortement pétillante - 6x1l","p":3.65,"u":"0,61 €/L","img":"https://fd1-photos.leclercdrive.fr/image.ashx?id=2831783&use=l&cat=p&typeid=i","cat":284536},{"id":33019,"n":"Crème Nourrissante Nivea Visage Corps Mains - 150ml","p":1.88,"u":"12,53 €/L","img":"https://fd1-photos.leclercdrive.fr/image.ashx?id=2600536&use=l&cat=p&typeid=i","cat":325350},{"id":33034,"n":"AOC Crémant Bourgogne brut Veuve Ambal - Tastevine - 75cl","p":7.99,"u":"10,65 €/L","img":"https://fd1-photos.leclercdrive.fr/image.ashx?id=1965240&use=l&cat=p&typeid=i","cat":284545},{"id":33046,"n":"Tuiles Tokapi Epicé - 170g","p":1.39,"u":"8,18 €/KG","img":"https://fd1-photos.leclercdrive.fr/image.ashx?id=2641277&use=l&cat=p&typeid=i","cat":287899},{"id":33047,"n":"AOC Bordeaux vin rouge Chantet Blanet - BIB 5L","p":15.49,"u":"3,10 €/L","img":"https://fd1-photos.leclercdrive.fr/image.ashx?id=2727386&use=l&cat=p&typeid=i","cat":289560},{"id":33063,"n":"Lait de toilette Mots d'Enfants Extra-doux - 750ml","p":3.69,"u":"4,92 €/L","img":"https://fd1-photos.leclercdrive.fr/image.ashx?id=2266495&use=l&cat=p&typeid=i","cat":284741},{"id":33096,"n":"Agneau 2x gigot ***  tranche à griller - 380g","p":10.61,"u":"27,92 €/KG","img":"https://fd1-photos.leclercdrive.fr/image.ashx?id=619322&use=l&cat=p&typeid=i","cat":284330},{"id":33097,"n":"Steak haché façon bouchère 560g Férial - 15%mg - X4","p":9.4,"u":"16,79 €/KG","img":"https://fd1-photos.leclercdrive.fr/image.ashx?id=3004660&use=l&cat=p&typeid=i","cat":319778},{"id":33098,"n":"Viande hachée Férial 15%mg - 400G","p":5.47,"u":"13,68 €/KG","img":"https://fd1-photos.leclercdrive.fr/image.ashx?id=2966517&use=l&cat=p&typeid=i","cat":319779},{"id":33150,"n":"Blanquette Weight Watchers Poulet 300g","p":3.25,"u":"10,83 €/KG","img":"https://fd1-photos.leclercdrive.fr/image.ashx?id=2880739&use=l&cat=p&typeid=i","cat":333665},{"id":33159,"n":"IGP Ardèche blanc Pont d'Arc - BIB 5L","p":13.44,"u":"2,69 €/L","img":"https://fd1-photos.leclercdrive.fr/image.ashx?id=2527916&use=l&cat=p&typeid=i","cat":289560},{"id":33197,"n":"Café moulu Plantation Colombie - 250g","p":3.87,"u":"15,48 €/KG","img":"https://fd1-photos.leclercdrive.fr/image.ashx?id=2824268&use=l&cat=p&typeid=i","cat":284750},{"id":33209,"n":"Topinambour  500g","p":1.59,"u":"3,18 €/KG","img":"https://fd1-photos.leclercdrive.fr/image.ashx?id=1633229&use=l&cat=p&typeid=i","cat":284352},{"id":33217,"n":"Yaourts nature Bio Vrai Au lait de brebis - 4x120g","p":2.86,"u":"23,83 €/KG","img":"https://fd1-photos.leclercdrive.fr/image.ashx?id=2359306&use=l&cat=p&typeid=i","cat":314998},{"id":33236,"n":"Jambon Tranché Fin FleuryMichon à l'italienne x6 - 180g","p":3.45,"u":"19,17 €/KG","img":"https://fd1-photos.leclercdrive.fr/image.ashx?id=2889292&use=l&cat=p&typeid=i","cat":316009},{"id":33239,"n":"Café Soluble Nescafé Spécial Filtre - x25 - 50g","p":2.75,"u":"55,00 €/KG","img":"https://fd1-photos.leclercdrive.fr/image.ashx?id=2485134&use=l&cat=p&typeid=i","cat":284843},{"id":33251,"n":"Déodorant Manava peux sensibles Anti-transpirant spray - 200ml","p":1.29,"u":"6,45 €/L","img":"https://fd1-photos.leclercdrive.fr/image.ashx?id=2886454&use=l&cat=p&typeid=i","cat":284595},{"id":33252,"n":"Mini feuilletés Côté Table Escargot x16 - 170g","p":5.49,"u":"32,29 €/KG","img":"https://fd1-photos.leclercdrive.fr/image.ashx?id=2600408&use=l&cat=p&typeid=i","cat":319774},{"id":33255,"n":"Pâtes farfalle Turini Les 3 min - 500g","p":1.07,"u":"2,14 €/KG","img":"https://fd1-photos.leclercdrive.fr/image.ashx?id=2669723&use=l&cat=p&typeid=i","cat":284427},{"id":33262,"n":"Céréales Corn Flakes Kellogg's 500g","p":2.39,"u":"4,78 €/KG","img":"https://fd1-photos.leclercdrive.fr/image.ashx?id=2522005&use=l&cat=p&typeid=i","cat":309513},{"id":33266,"n":"Céréales Smacks Kellogg's 400g","p":2.37,"u":"5,93 €/KG","img":"https://fd1-photos.leclercdrive.fr/image.ashx?id=2584235&use=l&cat=p&typeid=i","cat":309513},{"id":33269,"n":"Pommes de terre Pom'lisse Grenaille - 450g","p":2.49,"u":"5,53 €/KG","img":"https://fd1-photos.leclercdrive.fr/image.ashx?id=2704708&use=l&cat=p&typeid=i","cat":319792},{"id":33274,"n":"Pâtes spaghetti Turini Les 3 min - 1kg","p":1.55,"u":"1,55 €/KG","img":"https://fd1-photos.leclercdrive.fr/image.ashx?id=2607533&use=l&cat=p&typeid=i","cat":284427},{"id":33287,"n":"Pâtes Torsettes Turini 3 min - 1kg","p":1.63,"u":"1,63 €/KG","img":"https://fd1-photos.leclercdrive.fr/image.ashx?id=2744237&use=l&cat=p&typeid=i","cat":284427},{"id":33299,"n":"Sérum physiologique Mots d'Enfants 5ml x40","p":2.19,"u":"10,95 €/L","img":"https://fd1-photos.leclercdrive.fr/image.ashx?id=3014209&use=l&cat=p&typeid=i","cat":284741},{"id":33301,"n":"Soda light  Pulp'Orange Orange Bouteille - 1,5L","p":1.39,"u":"0,93 €/L","img":"https://fd1-photos.leclercdrive.fr/image.ashx?id=2922412&use=l&cat=p&typeid=i","cat":284532},{"id":33304,"n":"Soja cuisine Bio Village Fluide bio - 3x20cl","p":1.61,"u":"2,68 €/L","img":"https://fd1-photos.leclercdrive.fr/image.ashx?id=2493679&use=l&cat=p&typeid=i","cat":316069},{"id":33305,"n":"Mélange Cocktail Tokapi Ananas et raisins - 120g","p":1.53,"u":"12,75 €/KG","img":"https://fd1-photos.leclercdrive.fr/image.ashx?id=2795559&use=l&cat=p&typeid=i","cat":284448},{"id":33306,"n":"Sucre pure canne Bio Village En poudre bio - 500g","p":1.66,"u":"3,32 €/KG","img":"https://fd1-photos.leclercdrive.fr/image.ashx?id=3010443&use=l&cat=p&typeid=i","cat":284502},{"id":33334,"n":"Crème hydratante Mots d'Enfants Bébé - 100ml","p":2.38,"u":"23,80 €/L","img":"https://fd1-photos.leclercdrive.fr/image.ashx?id=3014218&use=l&cat=p&typeid=i","cat":284741},{"id":33335,"n":"Eau nettoyante Mots d'Enfants Hydratante - 750ml","p":3.15,"u":"4,20 €/L","img":"https://fd1-photos.leclercdrive.fr/image.ashx?id=3015075&use=l&cat=p&typeid=i","cat":284741},{"id":33336,"n":"Gel lavant bébé Mots d'Enfants Corps et cheveux - 750ml","p":3.15,"u":"4,20 €/L","img":"https://fd1-photos.leclercdrive.fr/image.ashx?id=3014224&use=l&cat=p&typeid=i","cat":284740},{"id":33399,"n":"Pâte d'amande 40% Vahiné Tricolore 150g","p":2.19,"u":"14,60 €/KG","img":"https://fd1-photos.leclercdrive.fr/image.ashx?id=2014370&use=l&cat=p&typeid=i","cat":284504},{"id":33440,"n":"AOP Crémant d'Alsace rosé Brut - Wolfberger - 75cl","p":8.5,"u":"11,33 €/L","img":"https://fd1-photos.leclercdrive.fr/image.ashx?id=2556123&use=l&cat=p&typeid=i","cat":284545},{"id":33503,"n":"Salade & Cie Sodebo Antibes Thon riz - 320g","p":3.09,"u":"9,66 €/KG","img":"https://fd1-photos.leclercdrive.fr/image.ashx?id=2799431&use=l&cat=p&typeid=i","cat":333657},{"id":33515,"n":"Beurre Les Eleveurs de Bretagne Demi-sel Extra fin -80%MG- 250g","p":2.57,"u":"10,28 €/KG","img":"https://fd1-photos.leclercdrive.fr/image.ashx?id=651213&use=l&cat=p&typeid=i","cat":284379},{"id":33577,"n":"Confit d'oignons Labeyrie 50g","p":1.59,"u":"31,80 €/KG","img":"https://fd1-photos.leclercdrive.fr/image.ashx?id=2923510&use=l&cat=p&typeid=i","cat":316008},{"id":33594,"n":"Cacahuètes  Benenuts Grillées salées - 220g","p":1.3,"u":"5,91 €/KG","img":"https://fd1-photos.leclercdrive.fr/image.ashx?id=2418762&use=l&cat=p&typeid=i","cat":284448},{"id":33595,"n":"Monster Munch Salé - 85g","p":0.98,"u":"11,53 €/KG","img":"https://fd1-photos.leclercdrive.fr/image.ashx?id=2971598&use=l&cat=p&typeid=i","cat":284449},{"id":33596,"n":"Monster Munch Jambon fromage - 85g","p":1.04,"u":"12,24 €/KG","img":"https://fd1-photos.leclercdrive.fr/image.ashx?id=2971604&use=l&cat=p&typeid=i","cat":284449},{"id":33600,"n":"Monster Munch Ketchup - 85g","p":1.07,"u":"12,59 €/KG","img":"https://fd1-photos.leclercdrive.fr/image.ashx?id=2996932&use=l&cat=p&typeid=i","cat":284449},{"id":33667,"n":"Crème de cassis Auguste Mugniot 15%vol. - 70cl","p":4.89,"u":"6,99 €/L","img":"https://fd1-photos.leclercdrive.fr/image.ashx?id=1211501&use=l&cat=p&typeid=i","cat":286032},{"id":33718,"n":"Pain de seigle tranché  300g","p":1.7,"u":"5,67 €/KG","img":"https://fd1-photos.leclercdrive.fr/image.ashx?id=2063017&use=l&cat=p&typeid=i","cat":284359},{"id":33744,"n":"AOP Côtes du Rhône vin rouge Bernard Cordelier - 75cl","p":2.15,"u":"2,87 €/L","img":"https://fd1-photos.leclercdrive.fr/image.ashx?id=2744344&use=l&cat=p&typeid=i","cat":289556},{"id":33745,"n":"IGP Pays d'Oc rosé Cinsault  Syrah Ormes de Cambras - BIB 5L","p":15.5,"u":"3,10 €/L","img":"https://fd1-photos.leclercdrive.fr/image.ashx?id=2445118&use=l&cat=p&typeid=i","cat":289560},{"id":33749,"n":"IGP Terres du Midi Listel Vin rosé 12% vol - BIB 3L","p":12.59,"u":"4,20 €/L","img":"https://fd1-photos.leclercdrive.fr/image.ashx?id=2883468&use=l&cat=p&typeid=i","cat":289560},{"id":33754,"n":"Vin de l'Union Européenne blanc François d'Aubigné - 75cl","p":1.99,"u":"2,65 €/L","img":"https://fd1-photos.leclercdrive.fr/image.ashx?id=2753357&use=l&cat=p&typeid=i","cat":289557},{"id":33757,"n":"Vin blanc  Mâcon Villages - 75cl","p":7.5,"u":"10,00 €/L","img":"https://fd1-photos.leclercdrive.fr/image.ashx?id=1758376&use=l&cat=p&typeid=i","cat":289557},{"id":33773,"n":"Biscuits petit dej P'tit Déli  Multi céréales - 400g","p":1.84,"u":"4,60 €/KG","img":"https://fd1-photos.leclercdrive.fr/image.ashx?id=2999505&use=l&cat=p&typeid=i","cat":284491},{"id":33792,"n":"Crème mains bio Bio NaÏa Hydratante - 100ml","p":1.99,"u":"19,90 €/L","img":"https://fd1-photos.leclercdrive.fr/image.ashx?id=2558811&use=l&cat=p&typeid=i","cat":325354},{"id":33802,"n":"Lait Démaquillant bio Bio Naïa Visage 250ml","p":2.56,"u":"10,24 €/L","img":"https://fd1-photos.leclercdrive.fr/image.ashx?id=2399752&use=l&cat=p&typeid=i","cat":284603},{"id":33804,"n":"Déodorant Manava Douceur satin 200ml","p":1.44,"u":"7,20 €/L","img":"https://fd1-photos.leclercdrive.fr/image.ashx?id=2835202&use=l&cat=p&typeid=i","cat":284595},{"id":33805,"n":"Lingettes désinfectantes Clair Anti-bactériennes x40","p":1.05,"u":"0,03 €/P","img":"https://fd1-photos.leclercdrive.fr/image.ashx?id=2768095&use=l&cat=p&typeid=i","cat":325358},{"id":33816,"n":"Bâtonnets Dentastix Pedigree Moyen chien x56 - 1440g","p":12.69,"u":"9,06 €/KG","img":"https://fd1-photos.leclercdrive.fr/image.ashx?id=2980185&use=l&cat=p&typeid=i","cat":294527},{"id":33820,"n":"Friandises chat Catisfactions Saumon - 60g","p":1.13,"u":"18,83 €/KG","img":"https://fd1-photos.leclercdrive.fr/image.ashx?id=2912605&use=l&cat=p&typeid=i","cat":285285},{"id":33847,"n":"Pur jus multifruits Jafaden Orange Ananas Mangue - 1L","p":2.29,"u":"2,29 €/L","img":"https://fd1-photos.leclercdrive.fr/image.ashx?id=2841160&use=l&cat=p&typeid=i","cat":284917},{"id":33848,"n":"Pur jus multifruits Jafaden  Orange Clémentine Banane - 1L","p":2.35,"u":"2,35 €/L","img":"https://fd1-photos.leclercdrive.fr/image.ashx?id=2841163&use=l&cat=p&typeid=i","cat":284917},{"id":33852,"n":"Cubes allume-feu Silex x72 cubes","p":3.05,"u":"0,04 €/P","img":"https://fd1-photos.leclercdrive.fr/image.ashx?id=1304486&use=l&cat=p&typeid=i","cat":300578},{"id":33882,"n":"Farfalle Bio Village Bio Au blé complet - 500g","p":1.95,"u":"3,90 €/KG","img":"https://fd1-photos.leclercdrive.fr/image.ashx?id=2625373&use=l&cat=p&typeid=i","cat":284427},{"id":33885,"n":"Olives noires  Rustica Dénoyautées - 180g","p":1.23,"u":"6,83 €/KG","img":"https://fd1-photos.leclercdrive.fr/image.ashx?id=1698893&use=l&cat=p&typeid=i","cat":284458},{"id":33887,"n":"Pains grillés complet Epi d'or 400g","p":1.57,"u":"3,93 €/KG","img":"https://fd1-photos.leclercdrive.fr/image.ashx?id=2982610&use=l&cat=p&typeid=i","cat":284479},{"id":33889,"n":"Pain précuit Epi d'or Petits pains x6 - 300g","p":0.99,"u":"3,30 €/KG","img":"https://fd1-photos.leclercdrive.fr/image.ashx?id=3013603&use=l&cat=p&typeid=i","cat":325069},{"id":33891,"n":"Paëlla royale Côté Table 300g","p":3.39,"u":"11,30 €/KG","img":"https://fd1-photos.leclercdrive.fr/image.ashx?id=2393872&use=l&cat=p&typeid=i","cat":284953},{"id":33892,"n":"Poule au riz Côté table 300g","p":2.31,"u":"7,70 €/KG","img":"https://fd1-photos.leclercdrive.fr/image.ashx?id=2393875&use=l&cat=p&typeid=i","cat":284953},{"id":33893,"n":"Penne Bio Village  Bio - 500g","p":0.89,"u":"1,78 €/KG","img":"https://fd1-photos.leclercdrive.fr/image.ashx?id=2625370&use=l&cat=p&typeid=i","cat":284427},{"id":33909,"n":"P'tit sablé P'tit Déli Au sel de Guérande 130g","p":1.09,"u":"8,38 €/KG","img":"https://fd1-photos.leclercdrive.fr/image.ashx?id=2666566&use=l&cat=p&typeid=i","cat":284487},{"id":33910,"n":"Biscuit Petit beurre P'tit Déli Chocolat noir pocket - 250g","p":2.39,"u":"9,56 €/KG","img":"https://fd1-photos.leclercdrive.fr/image.ashx?id=2919616&use=l&cat=p&typeid=i","cat":284488},{"id":33914,"n":"Tartines craquante  Sans Gluten - 2x125g","p":2.59,"u":"10,36 €/KG","img":"https://fd1-photos.leclercdrive.fr/image.ashx?id=2518550&use=l&cat=p&typeid=i","cat":318654},{"id":33915,"n":"Veau aux légumes Côté table Barquette 280g","p":2.29,"u":"8,18 €/KG","img":"https://fd1-photos.leclercdrive.fr/image.ashx?id=2476152&use=l&cat=p&typeid=i","cat":284953},{"id":33917,"n":"Thon entier Pêche Océan Huile d'olive - 160g","p":2.29,"u":"14,31 €/KG","img":"https://fd1-photos.leclercdrive.fr/image.ashx?id=2942199&use=l&cat=p&typeid=i","cat":303867},{"id":33918,"n":"Pâtes torsettes Turini Blé complet - 500g","p":0.99,"u":"1,98 €/KG","img":"https://fd1-photos.leclercdrive.fr/image.ashx?id=2607527&use=l&cat=p&typeid=i","cat":284427},{"id":33921,"n":"Boisson énergisante X-tense Bouteille - 1L","p":1.8,"u":"1,80 €/L","img":"https://fd1-photos.leclercdrive.fr/image.ashx?id=2919619&use=l&cat=p&typeid=i","cat":284533},{"id":33923,"n":"Filets d'Anchois Pêche Océan Marinés Nature - 100g","p":1.99,"u":"19,90 €/KG","img":"https://fd1-photos.leclercdrive.fr/image.ashx?id=2992513&use=l&cat=p&typeid=i","cat":285190},{"id":33925,"n":"Hachés au thon Pêche Océan Albacore à la tomate - 200g","p":2.7,"u":"13,50 €/KG","img":"https://fd1-photos.leclercdrive.fr/image.ashx?id=2953629&use=l&cat=p&typeid=i","cat":284344},{"id":33988,"n":"Bloc WC Syphon Activ' Effect Marine x1","p":1.58,"img":"https://fd1-photos.leclercdrive.fr/image.ashx?id=2302690&use=l&cat=p&typeid=i","cat":284662},{"id":33992,"n":"Soda Coca-Cola Zéro Cherry  Bouteille - 1,25L","p":1.67,"u":"1,34 €/L","img":"https://fd1-photos.leclercdrive.fr/image.ashx?id=2678158&use=l&cat=p&typeid=i","cat":284530},{"id":34006,"n":"Boisson aux fruits Capri Sun Tropical - 10x20cl","p":3.38,"u":"1,69 €/L","img":"https://fd1-photos.leclercdrive.fr/image.ashx?id=2506399&use=l&cat=p&typeid=i","cat":295018},{"id":34007,"n":"Bâtonnets Dentastix Pedigree  Fresh Moyen chien x7 - 180g","p":2.49,"u":"13,83 €/KG","img":"https://fd1-photos.leclercdrive.fr/image.ashx?id=2850171&use=l&cat=p&typeid=i","cat":294527},{"id":34011,"n":"Aiguillettes de canard Les Eleveurs de l'Ouest - 240g","p":7.5,"u":"31,25 €/KG","img":"https://fd1-photos.leclercdrive.fr/image.ashx?id=2686915&use=l&cat=p&typeid=i","cat":284339},{"id":34012,"n":"Coquelet jaune certifié Les Eleveurs de l'Ouest - 550g","p":4.55,"u":"8,27 €/KG","img":"https://fd1-photos.leclercdrive.fr/image.ashx?id=2744064&use=l&cat=p&typeid=i","cat":284336},{"id":34106,"n":"Dosettes café Plantation  Classique - x36 - 250g","p":3.72,"u":"14,88 €/KG","img":"https://fd1-photos.leclercdrive.fr/image.ashx?id=2622109&use=l&cat=p&typeid=i","cat":293238},{"id":34107,"n":"Dosettes café Plantation  Corsé - x36 - 250g","p":3.72,"u":"14,88 €/KG","img":"https://fd1-photos.leclercdrive.fr/image.ashx?id=2622112&use=l&cat=p&typeid=i","cat":293238},{"id":34121,"n":"Vodka Sobieski 37.5° - 50cl","p":8.69,"u":"17,38 €/L","img":"https://fd1-photos.leclercdrive.fr/image.ashx?id=2977723&use=l&cat=p&typeid=i","cat":284550},{"id":34169,"n":"Porc : Rôti fumé 850g","p":12.51,"u":"14,72 €/KG","img":"https://fd1-photos.leclercdrive.fr/image.ashx?id=2223890&use=l&cat=p&typeid=i","cat":284331},{"id":34175,"n":"Bouillon de boeuf Jardin Bio' Bio cube sans huile palme - x8","p":1.92,"u":"24,00 €/KG","img":"https://fd1-photos.leclercdrive.fr/image.ashx?id=2535532&use=l&cat=p&typeid=i","cat":288379},{"id":34176,"n":"Bouillon de légumes Jardin Bio' Bio cube sans huile palme x10","p":1.85,"u":"20,56 €/KG","img":"https://fd1-photos.leclercdrive.fr/image.ashx?id=2990844&use=l&cat=p&typeid=i","cat":288379},{"id":34177,"n":"Effilés aux legumes Purina One Poulet / Boeufs - 4x85g","p":2.09,"u":"6,15 €/KG","img":"https://fd1-photos.leclercdrive.fr/image.ashx?id=2467483&use=l&cat=p&typeid=i","cat":285286},{"id":34178,"n":"Sachet repas chats Purina One Viandes et Poissons - 4x85g","p":2.09,"u":"6,15 €/KG","img":"https://fd1-photos.leclercdrive.fr/image.ashx?id=2467486&use=l&cat=p&typeid=i","cat":285286},{"id":34183,"n":"Tortilla Tables du monde Oignons 500g","p":2.89,"u":"5,78 €/KG","img":"https://fd1-photos.leclercdrive.fr/image.ashx?id=1671946&use=l&cat=p&typeid=i","cat":333673},{"id":34188,"n":"Poulet Label Rouge Blanc  IGP Volailles du Maine 1,25kg","p":11.12,"u":"8,90 €/KG","img":"https://fd1-photos.leclercdrive.fr/image.ashx?id=2411746&use=l&cat=p&typeid=i","cat":284336},{"id":34189,"n":"Poulet Label Rouge Jaune  IGP Volailles du Maine  1,25kg","p":11.13,"u":"8,90 €/KG","img":"https://fd1-photos.leclercdrive.fr/image.ashx?id=2411749&use=l&cat=p&typeid=i","cat":284336},{"id":34196,"n":"Gratin Fleury Michon Choux-fleur jambon 280g","p":2.52,"u":"9,00 €/KG","img":"https://fd1-photos.leclercdrive.fr/image.ashx?id=3003293&use=l&cat=p&typeid=i","cat":333665},{"id":34204,"n":"Lait corps bio Bio naïa 250ml","p":3.53,"u":"14,12 €/L","img":"https://fd1-photos.leclercdrive.fr/image.ashx?id=2431131&use=l&cat=p&typeid=i","cat":325349},{"id":34241,"n":"Manchons de poulet Côté Croc Barbecue - 250g","p":2.49,"u":"9,96 €/KG","img":"https://fd1-photos.leclercdrive.fr/image.ashx?id=2560482&use=l&cat=p&typeid=i","cat":333685},{"id":34258,"n":"Bière blonde spéciale 5 Lager Canette - 5%vol. - 50cl","p":0.79,"u":"1,58 €/L","img":"https://fd1-photos.leclercdrive.fr/image.ashx?id=2954097&use=l&cat=p&typeid=i","cat":334853},{"id":34327,"n":"Dosettes café Plantation Noisette - x10 - 70g","p":1.82,"u":"26,00 €/KG","img":"https://fd1-photos.leclercdrive.fr/image.ashx?id=2664578&use=l&cat=p&typeid=i","cat":293238},{"id":34332,"n":"Vodka Sobieski  37,5%vol - 1L","p":15.5,"u":"15,50 €/L","img":"https://fd1-photos.leclercdrive.fr/image.ashx?id=2948477&use=l&cat=p&typeid=i","cat":284550},{"id":34333,"n":"Boisson à base de vin rosé Very Framboise - 75cl","p":2.95,"u":"3,93 €/L","img":"https://fd1-photos.leclercdrive.fr/image.ashx?id=2446632&use=l&cat=p&typeid=i","cat":304569},{"id":34334,"n":"Boisson à base de vin blanc  Very Pech'- Pêche - 75cl","p":2.95,"u":"3,93 €/L","img":"https://fd1-photos.leclercdrive.fr/image.ashx?id=2443874&use=l&cat=p&typeid=i","cat":304569},{"id":34350,"n":"Shampooing sec Vitanove Cheveux normaux - 150ml","p":1.87,"u":"12,47 €/L","img":"https://fd1-photos.leclercdrive.fr/image.ashx?id=2669720&use=l&cat=p&typeid=i","cat":289143},{"id":34406,"n":"Dosettes café Plantation  Décaféiné - x36 - 250g","p":3.99,"u":"15,96 €/KG","img":"https://fd1-photos.leclercdrive.fr/image.ashx?id=2824274&use=l&cat=p&typeid=i","cat":293238},{"id":34500,"n":"Dosettes café Plantation  Classique - x48 - 336g","p":4.95,"u":"14,73 €/KG","img":"https://fd1-photos.leclercdrive.fr/image.ashx?id=2824271&use=l&cat=p&typeid=i","cat":293238},{"id":34512,"n":"AOC Buzet vin rouge Terrasses d'Autan - BIB 3L","p":11.49,"u":"3,83 €/L","img":"https://fd1-photos.leclercdrive.fr/image.ashx?id=2804190&use=l&cat=p&typeid=i","cat":289560},{"id":34572,"n":"IGP Comte Tolosan rouge Terreo 12% vol - 75cl","p":3.95,"u":"5,27 €/L","img":"https://fd1-photos.leclercdrive.fr/image.ashx?id=1575348&use=l&cat=p&typeid=i","cat":289556},{"id":34579,"n":"AOC Corbières rouge Château Saint Esteve - 75cl","p":7.44,"u":"9,92 €/L","img":"https://fd1-photos.leclercdrive.fr/image.ashx?id=2734978&use=l&cat=p&typeid=i","cat":289556},{"id":34580,"n":"AOP Minervois rouge Château Remaury - 75cl","p":5.5,"u":"7,33 €/L","img":"https://fd1-photos.leclercdrive.fr/image.ashx?id=2474521&use=l&cat=p&typeid=i","cat":289556},{"id":34633,"n":"Vinaigre blanc Saas Melfor Vinaigre d'alcool - 1L","p":0.77,"u":"0,77 €/L","img":"https://fd1-photos.leclercdrive.fr/image.ashx?id=2354812&use=l&cat=p&typeid=i","cat":298543},{"id":34659,"n":"Mini chinois Epi d'Or Nature x6 - 300g","p":1.8,"u":"6,00 €/KG","img":"https://fd1-photos.leclercdrive.fr/image.ashx?id=2860739&use=l&cat=p&typeid=i","cat":296366},{"id":34660,"n":"Pruneaux d'Agen Couleurs Vives Dénoyautés - 250g","p":2.99,"u":"11,96 €/KG","img":"https://fd1-photos.leclercdrive.fr/image.ashx?id=2093129&use=l&cat=p&typeid=i","cat":284357},{"id":34672,"n":"Ail blanc Panier du Primeur A mijoter et à confire x3","p":2.99,"u":"1,00 €/P","img":"https://fd1-photos.leclercdrive.fr/image.ashx?id=2958720&use=l&cat=p&typeid=i","cat":284352},{"id":34679,"n":"Eponges grattantes Mamison Couleurs pop x2","p":1.38,"u":"0,69 €/P","img":"https://fd1-photos.leclercdrive.fr/image.ashx?id=2207724&use=l&cat=p&typeid=i","cat":284667},{"id":34684,"n":"Eponges grattantes Mamison Fibres naturelles X2","p":1.28,"u":"0,64 €/P","img":"https://fd1-photos.leclercdrive.fr/image.ashx?id=2387088&use=l&cat=p&typeid=i","cat":284667},{"id":34693,"n":"Briochettes pépites Epi d'Or Chocolat au lait x12 - 500g","p":2.44,"u":"4,88 €/KG","img":"https://fd1-photos.leclercdrive.fr/image.ashx?id=2867913&use=l&cat=p&typeid=i","cat":293505},{"id":34694,"n":"Briochettes pépites Epi d'Or Chocolat - x12 500g","p":2.79,"u":"5,58 €/KG","img":"https://fd1-photos.leclercdrive.fr/image.ashx?id=2867910&use=l&cat=p&typeid=i","cat":293505},{"id":34813,"n":"Thé Britley Citron - x25 - 40g","p":0.88,"u":"22,00 €/KG","img":"https://fd1-photos.leclercdrive.fr/image.ashx?id=2897784&use=l&cat=p&typeid=i","cat":293233},{"id":34841,"n":"Rillettes Tradilège poulet rôti 220g","p":1.79,"u":"8,14 €/KG","img":"https://fd1-photos.leclercdrive.fr/image.ashx?id=2930924&use=l&cat=p&typeid=i","cat":316008},{"id":34845,"n":"IGP Vinaigre balsamique Maille 50cl","p":3.32,"u":"6,64 €/L","img":"https://fd1-photos.leclercdrive.fr/image.ashx?id=2866178&use=l&cat=p&typeid=i","cat":298543},{"id":34908,"n":"Fromage frais Petit Yoplait Nature 3.8%MG - 6x60g","p":1.29,"u":"3,58 €/KG","img":"https://fd1-photos.leclercdrive.fr/image.ashx?id=2811026&use=l&cat=p&typeid=i","cat":284409},{"id":34915,"n":"Fromage frais Petit Yoplait Nature 3.8%MG - 12x60g","p":1.89,"u":"2,63 €/KG","img":"https://fd1-photos.leclercdrive.fr/image.ashx?id=2811029&use=l&cat=p&typeid=i","cat":284409},{"id":34919,"n":"Fromage frais Petit Yoplait Nature 0%MG - 12x60g","p":2.26,"u":"3,14 €/KG","img":"https://fd1-photos.leclercdrive.fr/image.ashx?id=2811023&use=l&cat=p&typeid=i","cat":315000},{"id":34928,"n":"Bière blonde Falsbourg 4.2%vol. - 10x25cl","p":4.59,"u":"1,84 €/L","img":"https://fd1-photos.leclercdrive.fr/image.ashx?id=2637907&use=l&cat=p&typeid=i","cat":334873},{"id":34930,"n":"Bière blonde Coreff 4.2%vol. - 6x25cl","p":5.48,"u":"3,65 €/L","img":"https://fd1-photos.leclercdrive.fr/image.ashx?id=1620844&use=l&cat=p&typeid=i","cat":334872},{"id":34943,"n":"Blanc de poulet Fleury Michon rôti à la broche x4 - 120g","p":1.59,"u":"13,25 €/KG","img":"https://fd1-photos.leclercdrive.fr/image.ashx?id=2977288&use=l&cat=p&typeid=i","cat":316010},{"id":34952,"n":"Ratatouille à la Provençale NRT 650g","p":3.3,"u":"5,08 €/KG","img":"https://fd1-photos.leclercdrive.fr/image.ashx?id=2791105&use=l&cat=p&typeid=i","cat":312612},{"id":34975,"n":"Bière Cuvée des Trolls Blonde - 7.5%vol. - 75cl","p":4.85,"u":"6,47 €/L","img":"https://fd1-photos.leclercdrive.fr/image.ashx?id=2611083&use=l&cat=p&typeid=i","cat":334872},{"id":34982,"n":"Bûche chèvre Soignon 200g","p":2.25,"u":"11,25 €/KG","img":"https://fd1-photos.leclercdrive.fr/image.ashx?id=2995325&use=l&cat=p&typeid=i","cat":314031},{"id":34999,"n":"Nuggets Croustillant Père Dodu  Poulet x10 - 200g","p":2.11,"u":"10,55 €/KG","img":"https://fd1-photos.leclercdrive.fr/image.ashx?id=2956975&use=l&cat=p&typeid=i","cat":333684},{"id":35008,"n":"Céréales Special K Kellogg's Nature - 750g","p":4.19,"u":"5,59 €/KG","img":"https://fd1-photos.leclercdrive.fr/image.ashx?id=2586288&use=l&cat=p&typeid=i","cat":309512},{"id":35010,"n":"Mélange safran Ducros 14 doses -  8.4g","p":2.6,"u":"325,00 €/KG","img":"https://fd1-photos.leclercdrive.fr/image.ashx?id=2486590&use=l&cat=p&typeid=i","cat":298297},{"id":35018,"n":"Bouillon de poule Jardin Bio' Bio cube sans huile palme - x8","p":1.62,"u":"20,25 €/KG","img":"https://fd1-photos.leclercdrive.fr/image.ashx?id=2535004&use=l&cat=p&typeid=i","cat":288379},{"id":35022,"n":"Cordon bleu Le Gaulois Dinde x4 - 400g","p":3.73,"u":"9,33 €/KG","img":"https://fd1-photos.leclercdrive.fr/image.ashx?id=2860226&use=l&cat=p&typeid=i","cat":333683},{"id":35023,"n":"Sirop d'agave bio Jardin Bio' 50cl","p":6.34,"u":"12,68 €/L","img":"https://fd1-photos.leclercdrive.fr/image.ashx?id=2747061&use=l&cat=p&typeid=i","cat":287643},{"id":35025,"n":"Infusion bio Jardin Bio' Verveine citronée x20 28g","p":1.99,"u":"71,07 €/KG","img":"https://fd1-photos.leclercdrive.fr/image.ashx?id=2985312&use=l&cat=p&typeid=i","cat":293234},{"id":35026,"n":"Concentré de tomate Jardin Bio Bio Double concentré - 200g","p":1.6,"u":"8,00 €/KG","img":"https://fd1-photos.leclercdrive.fr/image.ashx?id=2535469&use=l&cat=p&typeid=i","cat":288384},{"id":35027,"n":"Dessert fruitier bio Jardin Bio Pomme poire 680g","p":2.64,"u":"3,88 €/KG","img":"https://fd1-photos.leclercdrive.fr/image.ashx?id=2939877&use=l&cat=p&typeid=i","cat":284508},{"id":35030,"n":"Miel mille fleurs Lune de Miel 1kg","p":8.4,"u":"8,40 €/KG","img":"https://fd1-photos.leclercdrive.fr/image.ashx?id=3004828&use=l&cat=p&typeid=i","cat":287643},{"id":35031,"n":"Batonnets Fritelle Lay's Goût nature - 80g","p":0.75,"u":"9,38 €/KG","img":"https://fd1-photos.leclercdrive.fr/image.ashx?id=2140635&use=l&cat=p&typeid=i","cat":284449},{"id":35034,"n":"Eau minérale gazeuse Perrier  Canettes - 6x33cl","p":2.72,"u":"1,37 €/L","img":"https://fd1-photos.leclercdrive.fr/image.ashx?id=2672554&use=l&cat=p&typeid=i","cat":284536},{"id":35039,"n":"Dosettes café Plantation Corsé - x48 - 336g","p":4.95,"u":"14,73 €/KG","img":"https://fd1-photos.leclercdrive.fr/image.ashx?id=2622115&use=l&cat=p&typeid=i","cat":293238},{"id":35108,"n":"Bière blonde Affligem 6,7%vol. - 12x25cl","p":9.4,"u":"3,13 €/L","img":"https://fd1-photos.leclercdrive.fr/image.ashx?id=2639405&use=l&cat=p&typeid=i","cat":334852},{"id":35117,"n":"Riste d'aubergines provençale NRT - 650g","p":3.99,"u":"6,14 €/KG","img":"https://fd1-photos.leclercdrive.fr/image.ashx?id=2771387&use=l&cat=p&typeid=i","cat":284441},{"id":35138,"n":"Yaourt SMARTIES Vanille bonbons chocolat 4x120g","p":2.13,"u":"4,44 €/KG","img":"https://fd1-photos.leclercdrive.fr/image.ashx?id=2571038&use=l&cat=p&typeid=i","cat":284414},{"id":35146,"n":"Fromages râpé spécial Pizza  Les Croisés - 125g","p":1.62,"u":"12,96 €/KG","img":"https://fd1-photos.leclercdrive.fr/image.ashx?id=2946175&use=l&cat=p&typeid=i","cat":314035},{"id":35147,"n":"Fromage Cheddar Burger Les Croisés 20 Tranches - 340g","p":1.99,"u":"5,85 €/KG","img":"https://fd1-photos.leclercdrive.fr/image.ashx?id=2946844&use=l&cat=p&typeid=i","cat":314028},{"id":35148,"n":"Fromage Emmental Croque Les Croisés 20 Tranches - 340g","p":2.01,"u":"5,91 €/KG","img":"https://fd1-photos.leclercdrive.fr/image.ashx?id=2946847&use=l&cat=p&typeid=i","cat":314028},{"id":35155,"n":"Tablette de chocolat noir Lindt Fleur de sel - 100g","p":2.25,"u":"22,50 €/KG","img":"https://fd1-photos.leclercdrive.fr/image.ashx?id=2681595&use=l&cat=p&typeid=i","cat":284956},{"id":35159,"n":"Croco Haribo Sachet bonbons - 280g","p":1.27,"u":"4,54 €/KG","img":"https://fd1-photos.leclercdrive.fr/image.ashx?id=2446467&use=l&cat=p&typeid=i","cat":304250},{"id":35160,"n":"Croissants Pasquier x16 - 640g","p":3.75,"u":"5,86 €/KG","img":"https://fd1-photos.leclercdrive.fr/image.ashx?id=2853056&use=l&cat=p&typeid=i","cat":296366},{"id":35173,"n":"Joker Le Fruit Jus multifruits  1,5L","p":2.54,"u":"1,69 €/L","img":"https://fd1-photos.leclercdrive.fr/image.ashx?id=2785727&use=l&cat=p&typeid=i","cat":284917},{"id":35174,"n":"Jus d'orange Joker Le Fruit 1,5L","p":3.3,"u":"2,20 €/L","img":"https://fd1-photos.leclercdrive.fr/image.ashx?id=2785733&use=l&cat=p&typeid=i","cat":284521},{"id":35182,"n":"Boisson énergisante Monster Original - 50cl","p":1.34,"u":"2,68 €/L","img":"https://fd1-photos.leclercdrive.fr/image.ashx?id=2510163&use=l&cat=p&typeid=i","cat":284533},{"id":35183,"n":"Boisson énergisante Monster Original Canette - 4x50cl","p":5.37,"u":"2,69 €/L","img":"https://fd1-photos.leclercdrive.fr/image.ashx?id=2210242&use=l&cat=p&typeid=i","cat":284533},{"id":35185,"n":"Eau aromatisée Volvic Juicy Citronnade - 1,5L","p":1.5,"u":"1,00 €/L","img":"https://fd1-photos.leclercdrive.fr/image.ashx?id=3011008&use=l&cat=p&typeid=i","cat":284537},{"id":35262,"n":"yaourt aux fruits bifidus activia 0%mg - 12x125g","p":4.48,"u":"2,99 €/KG","img":"https://fd1-photos.leclercdrive.fr/image.ashx?id=2741697&use=l&cat=p&typeid=i","cat":315000},{"id":35285,"n":"Petits muffins Bonne Maman Chocolat - 235g","p":2.09,"u":"8,89 €/KG","img":"https://fd1-photos.leclercdrive.fr/image.ashx?id=2744052&use=l&cat=p&typeid=i","cat":284495},{"id":35300,"n":"Jambon supérieur Tradilège À l'étouffée 6 tranches - 240g","p":2.92,"u":"12,17 €/KG","img":"https://fd1-photos.leclercdrive.fr/image.ashx?id=2991521&use=l&cat=p&typeid=i","cat":316009},{"id":35308,"n":"Beurre Tendre Elle&Vire Demi-Sel - 80% MG - 250g","p":2.96,"u":"11,84 €/KG","img":"https://fd1-photos.leclercdrive.fr/image.ashx?id=2604773&use=l&cat=p&typeid=i","cat":284379},{"id":35309,"n":"Beurre Tendre Elle&Vire Doux - 82% MG - 250g","p":2.9,"u":"11,60 €/KG","img":"https://fd1-photos.leclercdrive.fr/image.ashx?id=2765629&use=l&cat=p&typeid=i","cat":284379},{"id":35359,"n":"Cire cheveux Taft  Effet brillance - 75 ml","p":3.39,"u":"45,20 €/L","img":"https://fd1-photos.leclercdrive.fr/image.ashx?id=2897928&use=l&cat=p&typeid=i","cat":284609},{"id":35398,"n":"Eau Micellaire Garnier Peaux Sensibles - 400ml","p":2.83,"u":"7,08 €/L","img":"https://fd1-photos.leclercdrive.fr/image.ashx?id=2926593&use=l&cat=p&typeid=i","cat":284603},{"id":35414,"n":"Lessive en poudre Skip 39 lavages - 2,730kg","p":12.88,"u":"4,72 €/KG","img":"https://fd1-photos.leclercdrive.fr/image.ashx?id=2738242&use=l&cat=p&typeid=i","cat":284642},{"id":35418,"n":"Lingettes Demak'Up Peaux sensibles - x25","p":2.12,"u":"0,08 €/P","img":"https://fd1-photos.leclercdrive.fr/image.ashx?id=2981340&use=l&cat=p&typeid=i","cat":284603},{"id":35450,"n":"Recharge Savon Mains Dettol Aloe Vera Hydratant 250ml","p":2.45,"u":"9,80 €/L","img":"https://fd1-photos.leclercdrive.fr/image.ashx?id=2879134&use=l&cat=p&typeid=i","cat":284597},{"id":35479,"n":"Déodorant Bille Femme Nivea Black&White Original - 50ml","p":1.88,"u":"37,60 €/L","img":"https://fd1-photos.leclercdrive.fr/image.ashx?id=2985471&use=l&cat=p&typeid=i","cat":284595},{"id":35503,"n":"Gel à raser Williams Peaux sensibles 200ml","p":2.47,"u":"12,35 €/L","img":"https://fd1-photos.leclercdrive.fr/image.ashx?id=1966625&use=l&cat=p&typeid=i","cat":284617},{"id":35530,"n":"Mouchoirs en papier Lotus Boîte x1 - 80 mouchoirs","p":1.41,"u":"0,02 €/P","img":"https://fd1-photos.leclercdrive.fr/image.ashx?id=2867368&use=l&cat=p&typeid=i","cat":284638},{"id":35537,"n":"Recharge savon mains Palmolive Antibactérien -  250ml","p":0.63,"u":"2,52 €/L","img":"https://fd1-photos.leclercdrive.fr/image.ashx?id=2833180&use=l&cat=p&typeid=i","cat":284597},{"id":35646,"n":"Bière blonde Falsbourg Canette - 4.2%vol. - 50cl","p":0.69,"u":"1,38 €/L","img":"https://fd1-photos.leclercdrive.fr/image.ashx?id=2637904&use=l&cat=p&typeid=i","cat":334853},{"id":35647,"n":"Bière blonde Falsbourg Canette - 4.2%vol. - 6x33cl","p":2.69,"u":"1,36 €/L","img":"https://fd1-photos.leclercdrive.fr/image.ashx?id=2637913&use=l&cat=p&typeid=i","cat":334853},{"id":35649,"n":"Petits boudins créole Tradilège Au piment de Cayenne - 300g","p":3.44,"u":"11,47 €/KG","img":"https://fd1-photos.leclercdrive.fr/image.ashx?id=3001223&use=l&cat=p&typeid=i","cat":316012},{"id":35650,"n":"Minis boudins blancs Tradilège Noix de muscade et porto - 300g","p":3.99,"u":"13,30 €/KG","img":"https://fd1-photos.leclercdrive.fr/image.ashx?id=3001226&use=l&cat=p&typeid=i","cat":316012},{"id":35670,"n":"AOP Saumur blanc MlleLadubay Suprême brut - 75cl","p":6.95,"u":"9,27 €/L","img":"https://fd1-photos.leclercdrive.fr/image.ashx?id=2295361&use=l&cat=p&typeid=i","cat":284545},{"id":35716,"n":"Gourdes Goûters lactés Délisse Vanille - 4x85g","p":1.81,"u":"5,32 €/KG","img":"https://fd1-photos.leclercdrive.fr/image.ashx?id=2681427&use=l&cat=p&typeid=i","cat":284506},{"id":35720,"n":"Barquette chat Sheba Poissons en terrine - 12x85g","p":6.0,"u":"5,88 €/KG","img":"https://fd1-photos.leclercdrive.fr/image.ashx?id=2759637&use=l&cat=p&typeid=i","cat":285286},{"id":35723,"n":"Liqueur Curaçao bleu Giffard 25%vol. - 50cl","p":8.91,"u":"17,82 €/L","img":"https://fd1-photos.leclercdrive.fr/image.ashx?id=1650446&use=l&cat=p&typeid=i","cat":286032},{"id":35728,"n":"Spécialité au soja Nat & Vie Framboise-passion 4x100g","p":1.42,"u":"3,55 €/KG","img":"https://fd1-photos.leclercdrive.fr/image.ashx?id=2901455&use=l&cat=p&typeid=i","cat":316071},{"id":35729,"n":"Tiramisu Délisse Au café - 4x80g","p":2.49,"u":"7,78 €/KG","img":"https://fd1-photos.leclercdrive.fr/image.ashx?id=2711604&use=l&cat=p&typeid=i","cat":284419},{"id":35730,"n":"Crème dessert Délisse Vanille Billes 3 chocolats 4x117g","p":2.15,"u":"4,59 €/KG","img":"https://fd1-photos.leclercdrive.fr/image.ashx?id=2965503&use=l&cat=p&typeid=i","cat":285041},{"id":35731,"n":"Crème dessert Chocolat Délisse Mix'n croc color 4x120g","p":2.09,"u":"4,35 €/KG","img":"https://fd1-photos.leclercdrive.fr/image.ashx?id=2965506&use=l&cat=p&typeid=i","cat":285041},{"id":35760,"n":"Céréales Miel Pops Kellogg's 620g","p":3.32,"u":"5,35 €/KG","img":"https://fd1-photos.leclercdrive.fr/image.ashx?id=2596952&use=l&cat=p&typeid=i","cat":309513},{"id":35761,"n":"Céréales Frosties Kellogg's 620g","p":3.4,"u":"5,48 €/KG","img":"https://fd1-photos.leclercdrive.fr/image.ashx?id=2589768&use=l&cat=p&typeid=i","cat":309513},{"id":35785,"n":"Bière belge Rince Cochon Fruits rouges - 7.5%vol. - 50cl","p":2.0,"u":"4,00 €/L","img":"https://fd1-photos.leclercdrive.fr/image.ashx?id=1741472&use=l&cat=p&typeid=i","cat":334853},{"id":35788,"n":"Café Soluble Nescafé 200g","p":5.85,"u":"29,25 €/KG","img":"https://fd1-photos.leclercdrive.fr/image.ashx?id=2810627&use=l&cat=p&typeid=i","cat":284843},{"id":35790,"n":"Nettoyant ménager Uni Vert Multi-surfaces 1L","p":1.53,"u":"1,53 €/L","img":"https://fd1-photos.leclercdrive.fr/image.ashx?id=2520837&use=l&cat=p&typeid=i","cat":284907},{"id":35791,"n":"Flammekueche d'Alsace NRT 600g","p":4.35,"u":"7,25 €/KG","img":"https://fd1-photos.leclercdrive.fr/image.ashx?id=2743894&use=l&cat=p&typeid=i","cat":333680},{"id":35811,"n":"Barquette chat Sheba  Boucher en terrine - 12x85g","p":6.19,"u":"6,07 €/KG","img":"https://fd1-photos.leclercdrive.fr/image.ashx?id=2759634&use=l&cat=p&typeid=i","cat":285286},{"id":35815,"n":"Matière grasse St Hubert  Omega 3 - 52% MG - 255g","p":2.05,"u":"8,04 €/KG","img":"https://fd1-photos.leclercdrive.fr/image.ashx?id=2734093&use=l&cat=p&typeid=i","cat":315229},{"id":35816,"n":"Matière grasse St Hubert Omega3 52% MG - demi-sel - 255g","p":2.04,"u":"8,00 €/KG","img":"https://fd1-photos.leclercdrive.fr/image.ashx?id=2734096&use=l&cat=p&typeid=i","cat":315229},{"id":35820,"n":"Liquide pour cuisson Rustica végétal - 500ml","p":2.09,"u":"4,18 €/L","img":"https://fd1-photos.leclercdrive.fr/image.ashx?id=2903950&use=l&cat=p&typeid=i","cat":315229},{"id":35822,"n":"Roquefort AOP Bio Bio village - 100g","p":2.89,"u":"28,90 €/KG","img":"https://fd1-photos.leclercdrive.fr/image.ashx?id=2646023&use=l&cat=p&typeid=i","cat":314032},{"id":35823,"n":"Roquefort AOP en portions Les Croisés - 25gx4 -100g","p":2.31,"u":"23,10 €/KG","img":"https://fd1-photos.leclercdrive.fr/image.ashx?id=2645945&use=l&cat=p&typeid=i","cat":314032},{"id":35824,"n":"Fromage à tartiner Les Croisés Allégé Nature - 150g","p":1.24,"u":"8,27 €/KG","img":"https://fd1-photos.leclercdrive.fr/image.ashx?id=2366307&use=l&cat=p&typeid=i","cat":314029},{"id":35825,"n":"Fromage Pavé d'Affinois Original - 200g","p":2.47,"u":"12,35 €/KG","img":"https://fd1-photos.leclercdrive.fr/image.ashx?id=3002078&use=l&cat=p&typeid=i","cat":314033},{"id":35830,"n":"Yaourt La Laitière   Fruits panachés - 8x125g","p":3.65,"u":"3,65 €/KG","img":"https://fd1-photos.leclercdrive.fr/image.ashx?id=2744590&use=l&cat=p&typeid=i","cat":286006},{"id":35833,"n":"Yaourt La Laitière Citron - 4x125g","p":1.94,"u":"3,88 €/KG","img":"https://fd1-photos.leclercdrive.fr/image.ashx?id=2904065&use=l&cat=p&typeid=i","cat":286006},{"id":35837,"n":"Fromage blanc Bio Vrai Nature - 3.6%mg - 500g","p":1.75,"u":"3,50 €/KG","img":"https://fd1-photos.leclercdrive.fr/image.ashx?id=2516278&use=l&cat=p&typeid=i","cat":284409},{"id":35838,"n":"Yaourts nature Vrai Bio - 4x125g","p":1.25,"u":"2,50 €/KG","img":"https://fd1-photos.leclercdrive.fr/image.ashx?id=2360707&use=l&cat=p&typeid=i","cat":284409},{"id":35906,"n":"Gourdes Goûters lactés Délisse Chocolat - 4x85g","p":1.75,"u":"5,15 €/KG","img":"https://fd1-photos.leclercdrive.fr/image.ashx?id=2681424&use=l&cat=p&typeid=i","cat":284506},{"id":35907,"n":"Cassoulet mitonné   William Saurin - 840g","p":2.93,"u":"3,49 €/KG","img":"https://fd1-photos.leclercdrive.fr/image.ashx?id=2890148&use=l&cat=p&typeid=i","cat":284440},{"id":35908,"n":"Cassoulet mitonné   William Saurin - 420g","p":1.87,"u":"4,45 €/KG","img":"https://fd1-photos.leclercdrive.fr/image.ashx?id=2890151&use=l&cat=p&typeid=i","cat":284441},{"id":35909,"n":"Test de grossesse Medicaid 1 pièce","p":0.87,"img":"https://fd1-photos.leclercdrive.fr/image.ashx?id=2432758&use=l&cat=p&typeid=i","cat":324482},{"id":35917,"n":"Bière blonde Forte Extra Strong Canette - 8.4%vol. - 50cl","p":1.15,"u":"2,30 €/L","img":"https://fd1-photos.leclercdrive.fr/image.ashx?id=2927998&use=l&cat=p&typeid=i","cat":334853},{"id":35918,"n":"Jus de pomme Jafaden A base de concentré - 6x20cl","p":1.32,"u":"1,10 €/L","img":"https://fd1-photos.leclercdrive.fr/image.ashx?id=2949185&use=l&cat=p&typeid=i","cat":284524},{"id":35919,"n":"Jus de raisin Jafaden Briquettes - 6x20cl","p":2.46,"u":"2,05 €/L","img":"https://fd1-photos.leclercdrive.fr/image.ashx?id=2989935&use=l&cat=p&typeid=i","cat":284915},{"id":35921,"n":"Pur jus de pomme Jafaden 1,5L","p":1.48,"u":"0,99 €/L","img":"https://fd1-photos.leclercdrive.fr/image.ashx?id=1936641&use=l&cat=p&typeid=i","cat":284522},{"id":35922,"n":"Bière blonde Forte Extra Strong Canette - 10%vol - 50cl","p":1.19,"u":"2,38 €/L","img":"https://fd1-photos.leclercdrive.fr/image.ashx?id=2928004&use=l&cat=p&typeid=i","cat":334853},{"id":35924,"n":"Cocktail Punch planteur Lagoa 15%vol - 70cl","p":4.29,"u":"6,13 €/L","img":"https://fd1-photos.leclercdrive.fr/image.ashx?id=2958338&use=l&cat=p&typeid=i","cat":284551},{"id":35927,"n":"Cocktail Mojito Lagoa 15%vol - 70cl","p":4.99,"u":"7,13 €/L","img":"https://fd1-photos.leclercdrive.fr/image.ashx?id=2958344&use=l&cat=p&typeid=i","cat":284551},{"id":35954,"n":"AOC Buzet vin rosé Terrasses d'Autan - BIB 3L","p":12.99,"u":"4,33 €/L","img":"https://fd1-photos.leclercdrive.fr/image.ashx?id=2977159&use=l&cat=p&typeid=i","cat":289560},{"id":35995,"n":"Lait de toilette Mots d'Enfants Bio - 250ml","p":2.35,"u":"9,40 €/L","img":"https://fd1-photos.leclercdrive.fr/image.ashx?id=2485080&use=l&cat=p&typeid=i","cat":284741},{"id":36009,"n":"Bâtonnets Trium Vanille Amandes x4 - 314g","p":2.05,"u":"6,53 €/KG","img":"https://fd1-photos.leclercdrive.fr/image.ashx?id=2931775&use=l&cat=p&typeid=i","cat":284265},{"id":36010,"n":"Bâtonnets Trium Vanille chocolat blanc x4 -308g","p":2.59,"u":"8,41 €/KG","img":"https://fd1-photos.leclercdrive.fr/image.ashx?id=2920776&use=l&cat=p&typeid=i","cat":284265},{"id":36037,"n":"Crème UHT Elle&Vire Fluide Entière - 30% MG - 3x20cl","p":3.14,"u":"5,23 €/L","img":"https://fd1-photos.leclercdrive.fr/image.ashx?id=3008551&use=l&cat=p&typeid=i","cat":284381},{"id":36039,"n":"Crème légère fluide UHT Délisse 12%mg - 3x20cl","p":1.84,"u":"3,07 €/L","img":"https://fd1-photos.leclercdrive.fr/image.ashx?id=2909392&use=l&cat=p&typeid=i","cat":284381},{"id":36040,"n":"Spécialité laitière UHT Délisse Semi-épaisse 4%mg - 3x20cl","p":2.21,"u":"3,68 €/L","img":"https://fd1-photos.leclercdrive.fr/image.ashx?id=3002599&use=l&cat=p&typeid=i","cat":284381},{"id":36041,"n":"Crème semi-épaisse entière UHT Délisse 30%mg - 3x20cl","p":3.5,"u":"5,83 €/L","img":"https://fd1-photos.leclercdrive.fr/image.ashx?id=2494099&use=l&cat=p&typeid=i","cat":284381},{"id":36124,"n":"Haricots blancs Notre Jardin - 500g","p":1.03,"u":"2,06 €/KG","img":"https://fd1-photos.leclercdrive.fr/image.ashx?id=2988072&use=l&cat=p&typeid=i","cat":312606},{"id":36125,"n":"Haricots blancs Notre Jardin 250g","p":0.85,"u":"3,40 €/KG","img":"https://fd1-photos.leclercdrive.fr/image.ashx?id=3002602&use=l&cat=p&typeid=i","cat":312606},{"id":36193,"n":"Dés de jambon Tradilège -25% de sel - 2x75g","p":1.5,"u":"10,00 €/KG","img":"https://fd1-photos.leclercdrive.fr/image.ashx?id=2984191&use=l&cat=p&typeid=i","cat":316011},{"id":36194,"n":"Dés de jambon Tradilège Maxi format 2x125g","p":2.47,"u":"9,88 €/KG","img":"https://fd1-photos.leclercdrive.fr/image.ashx?id=2970465&use=l&cat=p&typeid=i","cat":316011},{"id":36197,"n":"Truite fumée Landvika Mini tranches - 100g","p":2.71,"u":"27,10 €/KG","img":"https://fd1-photos.leclercdrive.fr/image.ashx?id=2159415&use=l&cat=p&typeid=i","cat":285188},{"id":36198,"n":"Lardons supérieurs Tradilège Fumés maxi format 2x200g","p":3.39,"u":"8,48 €/KG","img":"https://fd1-photos.leclercdrive.fr/image.ashx?id=2921381&use=l&cat=p&typeid=i","cat":316011},{"id":36268,"n":"Soufflés ExtraTerrestres Tokapi Jambon fromage - 80g","p":0.8,"u":"10,00 €/KG","img":"https://fd1-photos.leclercdrive.fr/image.ashx?id=2922929&use=l&cat=p&typeid=i","cat":284449},{"id":36269,"n":"Soufflés ExtraTerrestres Tokapi Ketchup - 80g","p":0.8,"u":"10,00 €/KG","img":"https://fd1-photos.leclercdrive.fr/image.ashx?id=1915578&use=l&cat=p&typeid=i","cat":284449},{"id":36270,"n":"Soufflés ExtraTerrestres Tokapi Salé - 80g","p":0.8,"u":"10,00 €/KG","img":"https://fd1-photos.leclercdrive.fr/image.ashx?id=1932960&use=l&cat=p&typeid=i","cat":284449},{"id":36308,"n":"Shampooing Nateïs Camomille abricot - 250ml","p":1.39,"u":"5,56 €/L","img":"https://fd1-photos.leclercdrive.fr/image.ashx?id=2626790&use=l&cat=p&typeid=i","cat":284606},{"id":36309,"n":"Shampooing Nateïs Cranberry Huile de jojoba 250ml","p":1.4,"u":"5,60 €/L","img":"https://fd1-photos.leclercdrive.fr/image.ashx?id=2358700&use=l&cat=p&typeid=i","cat":284606},{"id":36310,"n":"Shampooing Nateïs Argile Pamplemousse - 250ml","p":1.39,"u":"5,56 €/L","img":"https://fd1-photos.leclercdrive.fr/image.ashx?id=2358697&use=l&cat=p&typeid=i","cat":284606},{"id":36311,"n":"Shampooing Nateïs Huile d'argan - 250ml","p":1.29,"u":"5,16 €/L","img":"https://fd1-photos.leclercdrive.fr/image.ashx?id=2652906&use=l&cat=p&typeid=i","cat":284606},{"id":36312,"n":"Shampooing Nateïs Henné / Cassis - 250ml","p":1.57,"u":"6,28 €/L","img":"https://fd1-photos.leclercdrive.fr/image.ashx?id=2652903&use=l&cat=p&typeid=i","cat":284606},{"id":36313,"n":"Shampooing extra-doux Nateïs Karité / Huile d'avocat - 250ml","p":1.39,"u":"5,56 €/L","img":"https://fd1-photos.leclercdrive.fr/image.ashx?id=2345559&use=l&cat=p&typeid=i","cat":284606},{"id":36314,"n":"Shampooing Nateïs Fleur de tilleul pomme verte - 250ml","p":1.27,"u":"5,08 €/L","img":"https://fd1-photos.leclercdrive.fr/image.ashx?id=2369645&use=l&cat=p&typeid=i","cat":284606},{"id":36317,"n":"Dessert fruitier pomme Douceur Verger s/sucre 8x100g","p":1.99,"u":"2,49 €/KG","img":"https://fd1-photos.leclercdrive.fr/image.ashx?id=3012406&use=l&cat=p&typeid=i","cat":284416},{"id":36347,"n":"Rondelé aux Noix 125g","p":1.62,"u":"12,96 €/KG","img":"https://fd1-photos.leclercdrive.fr/image.ashx?id=2967732&use=l&cat=p&typeid=i","cat":314029},{"id":36354,"n":"Crème hydratante Mots d'Enfants Bio visage et corps - 75ml","p":2.19,"u":"29,20 €/L","img":"https://fd1-photos.leclercdrive.fr/image.ashx?id=3015078&use=l&cat=p&typeid=i","cat":284741},{"id":36356,"n":"Compote Douceur du Verger Pomme Framboise - 4x100g","p":1.46,"u":"3,65 €/KG","img":"https://fd1-photos.leclercdrive.fr/image.ashx?id=1910634&use=l&cat=p&typeid=i","cat":284416},{"id":36394,"n":"Yaourt aromatisé aux Fruits Panachés Frulos - 16x125g","p":3.19,"u":"1,60 €/KG","img":"https://fd1-photos.leclercdrive.fr/image.ashx?id=2799895&use=l&cat=p&typeid=i","cat":286006},{"id":36395,"n":"Yaourt Nature Sucré Yoplait - 12x125g","p":2.67,"u":"1,78 €/KG","img":"https://fd1-photos.leclercdrive.fr/image.ashx?id=2796827&use=l&cat=p&typeid=i","cat":284409},{"id":36396,"n":"Gâteau fourré Mini BN Chocolat 175g","p":1.87,"u":"10,69 €/KG","img":"https://fd1-photos.leclercdrive.fr/image.ashx?id=2746854&use=l&cat=p&typeid=i","cat":284488},{"id":36397,"n":"Biscuits Mini BN Goûter à la fraise - 175g","p":1.85,"u":"10,57 €/KG","img":"https://fd1-photos.leclercdrive.fr/image.ashx?id=2748212&use=l&cat=p&typeid=i","cat":284489},{"id":36399,"n":"Pizza La Pizz Sodebo Chèvre lardons - 470g","p":3.45,"u":"7,34 €/KG","img":"https://fd1-photos.leclercdrive.fr/image.ashx?id=2851494&use=l&cat=p&typeid=i","cat":333679},{"id":36400,"n":"Pizza La Pizz Sodebo 4 fromages - 470g","p":3.3,"u":"7,02 €/KG","img":"https://fd1-photos.leclercdrive.fr/image.ashx?id=2905366&use=l&cat=p&typeid=i","cat":333679},{"id":36401,"n":"Pizza Dolce Sodebo 4 fromaggi - 380g","p":3.64,"u":"9,58 €/KG","img":"https://fd1-photos.leclercdrive.fr/image.ashx?id=2921636&use=l&cat=p&typeid=i","cat":333679},{"id":36402,"n":"Pizza Dolce Sodebo Prosciutto Jambon Mozza - 400g","p":3.51,"u":"8,78 €/KG","img":"https://fd1-photos.leclercdrive.fr/image.ashx?id=2919277&use=l&cat=p&typeid=i","cat":333679},{"id":36403,"n":"Pizza Dolce Sodebo Campanella Jambon Speck - 380g","p":3.59,"u":"9,45 €/KG","img":"https://fd1-photos.leclercdrive.fr/image.ashx?id=2921639&use=l&cat=p&typeid=i","cat":333679},{"id":36404,"n":"Pizza Dolce Sodebo Regina Jambon Champignons 400g","p":3.31,"u":"8,28 €/KG","img":"https://fd1-photos.leclercdrive.fr/image.ashx?id=3008251&use=l&cat=p&typeid=i","cat":333679},{"id":36412,"n":"Compote Douceur du Verger Coupelle pomme - 16x100g","p":3.09,"u":"1,93 €/KG","img":"https://fd1-photos.leclercdrive.fr/image.ashx?id=2663515&use=l&cat=p&typeid=i","cat":284508},{"id":36414,"n":"Compote Douceur du Verger Coupelle pomme - 8x100g","p":1.89,"u":"2,36 €/KG","img":"https://fd1-photos.leclercdrive.fr/image.ashx?id=2663509&use=l&cat=p&typeid=i","cat":284508},{"id":36416,"n":"Compote Douceur du Verger Coupelle pomme rhubarbe -4x100g","p":1.3,"u":"3,25 €/KG","img":"https://fd1-photos.leclercdrive.fr/image.ashx?id=2663521&use=l&cat=p&typeid=i","cat":284508},{"id":36417,"n":"Compote Douceur du Verger Gourdes multivariétés - 4x90g","p":1.69,"u":"4,69 €/KG","img":"https://fd1-photos.leclercdrive.fr/image.ashx?id=2805030&use=l&cat=p&typeid=i","cat":284508},{"id":36418,"n":"Compote Douceur du Verger Gourdes Pomme Poire - 4x90g","p":1.49,"u":"4,14 €/KG","img":"https://fd1-photos.leclercdrive.fr/image.ashx?id=2837054&use=l&cat=p&typeid=i","cat":284508},{"id":36419,"n":"Compote Douceur du Verger Coupelle pomme - 4x100g","p":0.99,"u":"2,48 €/KG","img":"https://fd1-photos.leclercdrive.fr/image.ashx?id=2663527&use=l&cat=p&typeid=i","cat":284508},{"id":36424,"n":"Brownie P'tit Deli Chocolat noisette 285g","p":1.85,"u":"6,49 €/KG","img":"https://fd1-photos.leclercdrive.fr/image.ashx?id=2892055&use=l&cat=p&typeid=i","cat":294776},{"id":36437,"n":"Friandises pour chien Lydog Assortiment sticks - x15 126g","p":1.33,"u":"10,56 €/KG","img":"https://fd1-photos.leclercdrive.fr/image.ashx?id=1947271&use=l&cat=p&typeid=i","cat":294527},{"id":36441,"n":"Aiguillettes poulet Tradilège Rôti - 2x75g","p":2.02,"u":"13,47 €/KG","img":"https://fd1-photos.leclercdrive.fr/image.ashx?id=2994375&use=l&cat=p&typeid=i","cat":316011},{"id":36445,"n":"Râpé de jambon Tradilège Fumé - 150g","p":1.79,"u":"11,93 €/KG","img":"https://fd1-photos.leclercdrive.fr/image.ashx?id=2970468&use=l&cat=p&typeid=i","cat":316011},{"id":36454,"n":"Pastilles NRT  Du Bassin de Vichy - 230g","p":0.98,"u":"4,26 €/KG","img":"https://fd1-photos.leclercdrive.fr/image.ashx?id=2771079&use=l&cat=p&typeid=i","cat":304252},{"id":36475,"n":"Thé glacé Fresh Tea Pêche - 6x25cl","p":2.85,"u":"1,90 €/L","img":"https://fd1-photos.leclercdrive.fr/image.ashx?id=2622263&use=l&cat=p&typeid=i","cat":295019},{"id":36504,"n":"Pizza La Pizz Sodebo Jambon emmental - 470g","p":2.89,"u":"6,15 €/KG","img":"https://fd1-photos.leclercdrive.fr/image.ashx?id=2886786&use=l&cat=p&typeid=i","cat":333679},{"id":36515,"n":"Dragées Choco Peanuts Cacahuètes - 300g","p":2.39,"u":"7,97 €/KG","img":"https://fd1-photos.leclercdrive.fr/image.ashx?id=2474063&use=l&cat=p&typeid=i","cat":304238},{"id":36568,"n":"Farine de blé noir Bigoudenne Moulin de l'Ecluse - 1kg","p":3.2,"u":"3,20 €/KG","img":"https://fd1-photos.leclercdrive.fr/image.ashx?id=2773490&use=l&cat=p&typeid=i","cat":284503},{"id":36569,"n":"Farine de blé Bigoudenne Moulin de l'Ecluse - 1kg","p":1.83,"u":"1,83 €/KG","img":"https://fd1-photos.leclercdrive.fr/image.ashx?id=2184209&use=l&cat=p&typeid=i","cat":284503},{"id":36574,"n":"Délice Breizh Pom Pomme 4x100g","p":1.67,"u":"4,18 €/KG","img":"https://fd1-photos.leclercdrive.fr/image.ashx?id=2655487&use=l&cat=p&typeid=i","cat":284508},{"id":36575,"n":"Crêpes bretonnes Crampouz Mad Au froment - x12 300g","p":3.2,"u":"10,67 €/KG","img":"https://fd1-photos.leclercdrive.fr/image.ashx?id=2352726&use=l&cat=p&typeid=i","cat":284494},{"id":36577,"n":"Crêpes bretonnes Fait main - x12 370g","p":5.7,"u":"15,41 €/KG","img":"https://fd1-photos.leclercdrive.fr/image.ashx?id=717476&use=l&cat=p&typeid=i","cat":284494},{"id":36578,"n":"Galettes aux pommes A l'ancienne x6 - 370g","p":4.2,"u":"11,35 €/KG","img":"https://fd1-photos.leclercdrive.fr/image.ashx?id=2180154&use=l&cat=p&typeid=i","cat":284494},{"id":36580,"n":"Limonade Breizh Limo Bouteille - 1,5L","p":1.79,"u":"1,19 €/L","img":"https://fd1-photos.leclercdrive.fr/image.ashx?id=2907605&use=l&cat=p&typeid=i","cat":284531},{"id":36583,"n":"Whisky Grey Rock Brocéliande 70cl","p":31.06,"u":"44,37 €/L","img":"https://fd1-photos.leclercdrive.fr/image.ashx?id=2311681&use=l&cat=p&typeid=i","cat":284547},{"id":36584,"n":"Bière blanche Britt Malt froment 4,8%vol. - 6x25cl","p":5.25,"u":"3,50 €/L","img":"https://fd1-photos.leclercdrive.fr/image.ashx?id=2193572&use=l&cat=p&typeid=i","cat":334878},{"id":36602,"n":"Pavés de saumon  2x125g","p":7.6,"u":"30,40 €/KG","img":"https://fd1-photos.leclercdrive.fr/image.ashx?id=630586&use=l&cat=p&typeid=i","cat":284342},{"id":36633,"n":"Glace Cône Nestlé Extrême Crème brulée x6 - 426g","p":3.49,"u":"8,19 €/KG","img":"https://fd1-photos.leclercdrive.fr/image.ashx?id=2831672&use=l&cat=p&typeid=i","cat":284264},{"id":36649,"n":"Infusion Tiséa pomme cannelle 25 sachets 55g","p":1.38,"u":"25,09 €/KG","img":"https://fd1-photos.leclercdrive.fr/image.ashx?id=2469562&use=l&cat=p&typeid=i","cat":293234},{"id":36650,"n":"Barres céréales Bio Village Bio Fraise x6 125g","p":1.79,"u":"14,32 €/KG","img":"https://fd1-photos.leclercdrive.fr/image.ashx?id=2807306&use=l&cat=p&typeid=i","cat":285869},{"id":36651,"n":"Barres céréales Bio Village Bio Chocolat noir x6 125g","p":1.95,"u":"15,60 €/KG","img":"https://fd1-photos.leclercdrive.fr/image.ashx?id=2807309&use=l&cat=p&typeid=i","cat":285869},{"id":36656,"n":"Soupe liquide Liebig  Velouté 10 légumes - Brique 1L","p":1.68,"u":"1,68 €/L","img":"https://fd1-photos.leclercdrive.fr/image.ashx?id=2892133&use=l&cat=p&typeid=i","cat":284462},{"id":36658,"n":"Soupe liquide Liebig  Mouliné 10 légumes - Brique 1L","p":1.7,"u":"1,70 €/L","img":"https://fd1-photos.leclercdrive.fr/image.ashx?id=2651396&use=l&cat=p&typeid=i","cat":284462},{"id":36672,"n":"Repas Babybio Bio Dinde haricots verts 230g","p":2.13,"u":"9,26 €/KG","img":"https://fd1-photos.leclercdrive.fr/image.ashx?id=2859353&use=l&cat=p&typeid=i","cat":312237},{"id":36704,"n":"Sucre en morceaux Daddy Demi-morceaux rond - 750g","p":1.73,"u":"2,31 €/KG","img":"https://fd1-photos.leclercdrive.fr/image.ashx?id=2907947&use=l&cat=p&typeid=i","cat":284502},{"id":36710,"n":"Sucre canne Béghin Say Pure - en morceaux - 750g","p":2.35,"u":"3,13 €/KG","img":"https://fd1-photos.leclercdrive.fr/image.ashx?id=2948830&use=l&cat=p&typeid=i","cat":284502},{"id":36711,"n":"Sucre cassonade Béghin Say En poudre - 750g","p":2.29,"u":"3,05 €/KG","img":"https://fd1-photos.leclercdrive.fr/image.ashx?id=2949928&use=l&cat=p&typeid=i","cat":284502},{"id":36714,"n":"Sucre en poudre Saint Louis 1kg","p":2.19,"u":"2,19 €/KG","img":"https://fd1-photos.leclercdrive.fr/image.ashx?id=2624242&use=l&cat=p&typeid=i","cat":284502},{"id":36715,"n":"Ravioli Panzani Bolognaise - 1.2kg","p":4.95,"u":"4,13 €/KG","img":"https://fd1-photos.leclercdrive.fr/image.ashx?id=2939514&use=l&cat=p&typeid=i","cat":284442},{"id":36720,"n":"Haricots blancs à la tomate 400 g","p":0.75,"u":"1,88 €/KG","img":"https://fd1-photos.leclercdrive.fr/image.ashx?id=2988078&use=l&cat=p&typeid=i","cat":312606},{"id":36721,"n":"Lait chat et chaton Whiskas 3x200ml","p":2.67,"u":"4,45 €/L","img":"https://fd1-photos.leclercdrive.fr/image.ashx?id=2759670&use=l&cat=p&typeid=i","cat":285285},{"id":36756,"n":"Haricots Blancs à la tomate 800g","p":1.08,"u":"1,35 €/KG","img":"https://fd1-photos.leclercdrive.fr/image.ashx?id=2988075&use=l&cat=p&typeid=i","cat":312606},{"id":36811,"n":"Chewing-gum Freedent Fraise 5x10 dragées 70g","p":1.99,"u":"28,43 €/KG","img":"https://fd1-photos.leclercdrive.fr/image.ashx?id=2325485&use=l&cat=p&typeid=i","cat":304251},{"id":36819,"n":"Chocolat Noir After Eight Fourré Menthe - 300g","p":4.66,"u":"15,53 €/KG","img":"https://fd1-photos.leclercdrive.fr/image.ashx?id=2348782&use=l&cat=p&typeid=i","cat":284499},{"id":36825,"n":"Tablette chocolat Minis Milka Chocolat au lait - 200g","p":3.71,"u":"18,55 €/KG","img":"https://fd1-photos.leclercdrive.fr/image.ashx?id=2188521&use=l&cat=p&typeid=i","cat":284497},{"id":36833,"n":"BB Crème teintée médium Inell Hydratante 5 en 1 - 50ml","p":3.45,"u":"69,00 €/L","img":"https://fd1-photos.leclercdrive.fr/image.ashx?id=2822120&use=l&cat=p&typeid=i","cat":325345},{"id":36834,"n":"BB Crème teintée clair Inell  Hydratante 5en1 - 50ml","p":3.45,"u":"69,00 €/L","img":"https://fd1-photos.leclercdrive.fr/image.ashx?id=2691649&use=l&cat=p&typeid=i","cat":325345},{"id":36835,"n":"Crochets anti-mites Insectivor Lavande 2x3ml","p":1.69,"u":"0,85 €/P","img":"https://fd1-photos.leclercdrive.fr/image.ashx?id=2849581&use=l&cat=p&typeid=i","cat":298368},{"id":36847,"n":"Tablette chocolat Milka Chocolat au lait/Oreo - 2x100g","p":3.07,"u":"15,35 €/KG","img":"https://fd1-photos.leclercdrive.fr/image.ashx?id=2382321&use=l&cat=p&typeid=i","cat":284497},{"id":36849,"n":"Recharges plumeaux Clair Jetables x10","p":4.46,"u":"0,45 €/P","img":"https://fd1-photos.leclercdrive.fr/image.ashx?id=2832948&use=l&cat=p&typeid=i","cat":325364},{"id":36878,"n":"IGP Côtes de Gascogne moelleux Terrasses d'Autan 11.5% - 75cl","p":4.03,"u":"5,37 €/L","img":"https://fd1-photos.leclercdrive.fr/image.ashx?id=2929870&use=l&cat=p&typeid=i","cat":289557},{"id":36886,"n":"Miel de montagne L'Apiculteur Crémeux - 500g","p":5.45,"u":"10,90 €/KG","img":"https://fd1-photos.leclercdrive.fr/image.ashx?id=2310926&use=l&cat=p&typeid=i","cat":287643},{"id":36920,"n":"Protège-slips Doulys Ultra-mince - Large - x30","p":0.82,"u":"0,03 €/P","img":"https://fd1-photos.leclercdrive.fr/image.ashx?id=2847967&use=l&cat=p&typeid=i","cat":284625},{"id":37014,"n":"Cuadro Novi Chocolat  noisettes - 150g","p":4.59,"u":"30,60 €/KG","img":"https://fd1-photos.leclercdrive.fr/image.ashx?id=2615167&use=l&cat=p&typeid=i","cat":327595},{"id":37030,"n":"Farine suprême Francine 1kg","p":1.69,"u":"1,69 €/KG","img":"https://fd1-photos.leclercdrive.fr/image.ashx?id=2902654&use=l&cat=p&typeid=i","cat":284503},{"id":37031,"n":"Huile d'olive Puget Vierge extra - 1,5L","p":17.46,"u":"11,64 €/L","img":"https://fd1-photos.leclercdrive.fr/image.ashx?id=2144452&use=l&cat=p&typeid=i","cat":284453},{"id":37049,"n":"Sauce Samourai Amora 255g","p":1.61,"u":"7,16 €/KG","img":"https://fd1-photos.leclercdrive.fr/image.ashx?id=2893838&use=l&cat=p&typeid=i","cat":318431},{"id":37053,"n":"Sucre pure canne Beghin Say Petits morceaux - 1kg","p":3.02,"u":"3,02 €/KG","img":"https://fd1-photos.leclercdrive.fr/image.ashx?id=2949922&use=l&cat=p&typeid=i","cat":284502},{"id":37054,"n":"Sucre pure canne Beghin Say Morceaux - 1kg","p":2.42,"u":"2,42 €/KG","img":"https://fd1-photos.leclercdrive.fr/image.ashx?id=2978688&use=l&cat=p&typeid=i","cat":284502},{"id":37076,"n":"Crêpes de froment   12x1p","p":4.85,"u":"0,40 €/P","img":"https://fd1-photos.leclercdrive.fr/image.ashx?id=723645&use=l&cat=p&typeid=i","cat":284494},{"id":37105,"n":"Beurre de cacahuètes Skippy Creamy - 340g","p":3.84,"u":"11,29 €/KG","img":"https://fd1-photos.leclercdrive.fr/image.ashx?id=2652203&use=l&cat=p&typeid=i","cat":284481},{"id":37107,"n":"Gel lavant mains Manava Spécial cuisine - 300ml","p":0.99,"u":"3,30 €/L","img":"https://fd1-photos.leclercdrive.fr/image.ashx?id=2935495&use=l&cat=p&typeid=i","cat":284597},{"id":37120,"n":"Sauce Soja sucrée Kikkoman 250ml","p":4.16,"u":"16,64 €/L","img":"https://fd1-photos.leclercdrive.fr/image.ashx?id=2536296&use=l&cat=p&typeid=i","cat":288992},{"id":37149,"n":"Cookies Méga pépites P'tit Déli Chocolat noisettes 184g","p":1.51,"u":"8,21 €/KG","img":"https://fd1-photos.leclercdrive.fr/image.ashx?id=2116149&use=l&cat=p&typeid=i","cat":325066},{"id":37260,"n":"Boisson au thé Fresh Tea Citron vert - 1,5L","p":1.23,"u":"0,82 €/L","img":"https://fd1-photos.leclercdrive.fr/image.ashx?id=2622257&use=l&cat=p&typeid=i","cat":295019},{"id":37261,"n":"Boisson au thé Fresh Tea Mangue - 1,5L","p":1.25,"u":"0,83 €/L","img":"https://fd1-photos.leclercdrive.fr/image.ashx?id=2622260&use=l&cat=p&typeid=i","cat":295019},{"id":37262,"n":"Boisson au thé Fresh Tea Framboise - 1,5L","p":1.33,"u":"0,89 €/L","img":"https://fd1-photos.leclercdrive.fr/image.ashx?id=2982619&use=l&cat=p&typeid=i","cat":295019},{"id":37278,"n":"Orangina Pik Haribo Sachet bonbons acidulés - 250g","p":1.62,"u":"6,48 €/KG","img":"https://fd1-photos.leclercdrive.fr/image.ashx?id=2806090&use=l&cat=p&typeid=i","cat":304250},{"id":37281,"n":"Bonbons Longfizz Lutti 200g","p":1.34,"u":"6,70 €/KG","img":"https://fd1-photos.leclercdrive.fr/image.ashx?id=2962173&use=l&cat=p&typeid=i","cat":304250},{"id":37286,"n":"Paëlla royale Marie 900g","p":4.69,"u":"5,21 €/KG","img":"https://fd1-photos.leclercdrive.fr/image.ashx?id=2996770&use=l&cat=p&typeid=i","cat":284254},{"id":37400,"n":"Clémenvilla  1kg","p":3.99,"u":"3,99 €/KG","img":"https://fd1-photos.leclercdrive.fr/image.ashx?id=1629061&use=l&cat=p&typeid=i","cat":284356},{"id":37403,"n":"Sachet fraîcheur chien Pedigree  Mixte en sauce - 12x100g","p":5.09,"u":"4,24 €/KG","img":"https://fd1-photos.leclercdrive.fr/image.ashx?id=2870242&use=l&cat=p&typeid=i","cat":284673},{"id":37405,"n":"Foie de morue Connétable MSC Nature - 121g","p":1.89,"u":"15,62 €/KG","img":"https://fd1-photos.leclercdrive.fr/image.ashx?id=2918718&use=l&cat=p&typeid=i","cat":305147},{"id":37410,"n":"Joker Le Fruit Jus de pomme 1,5L","p":2.66,"u":"1,77 €/L","img":"https://fd1-photos.leclercdrive.fr/image.ashx?id=2785730&use=l&cat=p&typeid=i","cat":284522},{"id":37417,"n":"Boisson à base de vin rosé  Festalie - 75 cl","p":2.52,"u":"3,36 €/L","img":"https://fd1-photos.leclercdrive.fr/image.ashx?id=2774900&use=l&cat=p&typeid=i","cat":304569},{"id":37436,"n":"Brosse à dents enfant Dentamyl Clignotante - Multicoloris x1","p":1.99,"img":"https://fd1-photos.leclercdrive.fr/image.ashx?id=1953648&use=l&cat=p&typeid=i","cat":288897},{"id":37438,"n":"Papier cuisson Elembal Rouleau 15m","p":1.79,"img":"https://fd1-photos.leclercdrive.fr/image.ashx?id=2824952&use=l&cat=p&typeid=i","cat":334134},{"id":37453,"n":"Lardons de volaille Tradilège Fumés 2x75g","p":1.75,"u":"11,67 €/KG","img":"https://fd1-photos.leclercdrive.fr/image.ashx?id=2882358&use=l&cat=p&typeid=i","cat":316011},{"id":37455,"n":"Viande hachée de porc Férial  350g","p":4.59,"u":"13,11 €/KG","img":"https://fd1-photos.leclercdrive.fr/image.ashx?id=2922959&use=l&cat=p&typeid=i","cat":284332},{"id":37456,"n":"Saucisse fumée Tradilège VPF x3 375g","p":3.18,"u":"8,48 €/KG","img":"https://fd1-photos.leclercdrive.fr/image.ashx?id=2659085&use=l&cat=p&typeid=i","cat":316012},{"id":37457,"n":"Yaourt bio Les 2 Vaches brassé nature - 4x115g","p":1.3,"u":"2,83 €/KG","img":"https://fd1-photos.leclercdrive.fr/image.ashx?id=2571545&use=l&cat=p&typeid=i","cat":284409},{"id":37461,"n":"Rutabaga  1kg","p":2.39,"u":"2,39 €/KG","img":"https://fd1-photos.leclercdrive.fr/image.ashx?id=1632626&use=l&cat=p&typeid=i","cat":284352},{"id":37467,"n":"Infusion Tiséa Fruits rouges 25 sachets 40g","p":0.92,"u":"23,00 €/KG","img":"https://fd1-photos.leclercdrive.fr/image.ashx?id=2922506&use=l&cat=p&typeid=i","cat":293234},{"id":37468,"n":"Jambon cru Fine Fondante Aoste Sans conservateur - x6 - 100g","p":3.33,"u":"33,30 €/KG","img":"https://fd1-photos.leclercdrive.fr/image.ashx?id=2937172&use=l&cat=p&typeid=i","cat":316007},{"id":37540,"n":"Compote bébé Bio Village Bio Pomme vanille 4 mois 4x100g","p":1.99,"u":"4,98 €/KG","img":"https://fd1-photos.leclercdrive.fr/image.ashx?id=2704750&use=l&cat=p&typeid=i","cat":312387},{"id":37541,"n":"Compote bébé Bio Village Bio Pomme /Banane 4 mois 4x100g","p":1.89,"u":"4,73 €/KG","img":"https://fd1-photos.leclercdrive.fr/image.ashx?id=2704753&use=l&cat=p&typeid=i","cat":312387},{"id":37542,"n":"Compote bébé Bio Village bio Poire williams - 4 mois -4x100g","p":1.89,"u":"4,73 €/KG","img":"https://fd1-photos.leclercdrive.fr/image.ashx?id=2704747&use=l&cat=p&typeid=i","cat":312387},{"id":37580,"n":"Soupe Régal Soupe Légumes et vermicelles - 1L","p":1.84,"u":"1,84 €/L","img":"https://fd1-photos.leclercdrive.fr/image.ashx?id=2983802&use=l&cat=p&typeid=i","cat":284462},{"id":37593,"n":"Snacks chats Tous mes amis Poulet fromage - 60g","p":0.84,"u":"14,00 €/KG","img":"https://fd1-photos.leclercdrive.fr/image.ashx?id=1947280&use=l&cat=p&typeid=i","cat":285285},{"id":37594,"n":"Snacks chats Tous mes amis Boeuf - 60g","p":0.94,"u":"15,67 €/KG","img":"https://fd1-photos.leclercdrive.fr/image.ashx?id=2046107&use=l&cat=p&typeid=i","cat":285285},{"id":37595,"n":"Snacks chats Tous mes amis Saumon - 60g","p":0.89,"u":"14,83 €/KG","img":"https://fd1-photos.leclercdrive.fr/image.ashx?id=1938588&use=l&cat=p&typeid=i","cat":285285},{"id":37596,"n":"Snacks chats Tous mes amis Contre les boules de poils- 60g","p":0.99,"u":"16,50 €/KG","img":"https://fd1-photos.leclercdrive.fr/image.ashx?id=1947277&use=l&cat=p&typeid=i","cat":285285},{"id":37605,"n":"Protège-slips Doulys Extra fin - Plié - x32","p":1.36,"u":"0,04 €/P","img":"https://fd1-photos.leclercdrive.fr/image.ashx?id=2824757&use=l&cat=p&typeid=i","cat":284625},{"id":37623,"n":"Trancetto Balconi Cacao x10 280g","p":1.39,"u":"4,96 €/KG","img":"https://fd1-photos.leclercdrive.fr/image.ashx?id=2878414&use=l&cat=p&typeid=i","cat":284495},{"id":37699,"n":"Pur jus d'orange maison  1L","p":3.75,"u":"3,75 €/L","img":"https://fd1-photos.leclercdrive.fr/image.ashx?id=728254&use=l&cat=p&typeid=i","cat":285435},{"id":37712,"n":"Haricots Verts Cassegrain Extra Fins Cueillis main 390g","p":3.0,"u":"7,69 €/KG","img":"https://fd1-photos.leclercdrive.fr/image.ashx?id=2913025&use=l&cat=p&typeid=i","cat":312606},{"id":37719,"n":"Noix de macadamia Tokapi 100g","p":2.48,"u":"24,80 €/KG","img":"https://fd1-photos.leclercdrive.fr/image.ashx?id=2795562&use=l&cat=p&typeid=i","cat":284448},{"id":37775,"n":"Serviette incontinence Chorys Maxi - x12","p":3.65,"u":"0,30 €/P","img":"https://fd1-photos.leclercdrive.fr/image.ashx?id=2393884&use=l&cat=p&typeid=i","cat":284628},{"id":37778,"n":"Lait corps Inell Réparateur - 250ml","p":2.33,"u":"9,32 €/L","img":"https://fd1-photos.leclercdrive.fr/image.ashx?id=2691664&use=l&cat=p&typeid=i","cat":325349},{"id":37835,"n":"AOP Beaujolais Villages Nouveau Vin rouge Georges Duboeuf -75cl","p":7.85,"u":"10,47 €/L","img":"https://fd1-photos.leclercdrive.fr/image.ashx?id=2966291&use=l&cat=p&typeid=i","cat":289556},{"id":37842,"n":"Thé glacé zéro Fresh Tea  Pêche - 1,5L","p":1.29,"u":"0,86 €/L","img":"https://fd1-photos.leclercdrive.fr/image.ashx?id=2622266&use=l&cat=p&typeid=i","cat":295019},{"id":37843,"n":"100% Pur jus d'orange Jafaden Sans pulpe - 2L","p":3.54,"u":"1,77 €/L","img":"https://fd1-photos.leclercdrive.fr/image.ashx?id=2796052&use=l&cat=p&typeid=i","cat":284521},{"id":37863,"n":"Compresses stériles Primoplast Ultra-douces x20","p":2.6,"u":"0,13 €/P","img":"https://fd1-photos.leclercdrive.fr/image.ashx?id=2832960&use=l&cat=p&typeid=i","cat":284630},{"id":37864,"n":"Bouchons oreilles Primoplast Mousse x8","p":3.99,"u":"0,50 €/P","img":"https://fd1-photos.leclercdrive.fr/image.ashx?id=2856516&use=l&cat=p&typeid=i","cat":284630},{"id":37866,"n":"Lavette Mamisson Microfibre spécial vitres x1","p":0.85,"img":"https://fd1-photos.leclercdrive.fr/image.ashx?id=2595107&use=l&cat=p&typeid=i","cat":284667},{"id":37867,"n":"Rillettes Tradilège poulet 110g","p":1.4,"u":"12,73 €/KG","img":"https://fd1-photos.leclercdrive.fr/image.ashx?id=2683586&use=l&cat=p&typeid=i","cat":316008},{"id":37875,"n":"Sucre en poudre Beghin Say Extra fin - 750g","p":2.02,"u":"2,69 €/KG","img":"https://fd1-photos.leclercdrive.fr/image.ashx?id=2313882&use=l&cat=p&typeid=i","cat":284502},{"id":37948,"n":"Cuisto Dingo (2 à 6 joueurs) Jeu de société - Dès 4 ans","p":18.5,"img":"https://fd1-photos.leclercdrive.fr/image.ashx?id=1723778&use=l&cat=p&typeid=i","cat":334378},{"id":38000,"n":"Shampooing douche Petit Manava Pomme-poire - 500ml","p":2.19,"u":"4,38 €/L","img":"https://fd1-photos.leclercdrive.fr/image.ashx?id=2403694&use=l&cat=p&typeid=i","cat":284606},{"id":38026,"n":"Soufflés Frites Tokapi Bacon - 80g","p":0.79,"u":"9,88 €/KG","img":"https://fd1-photos.leclercdrive.fr/image.ashx?id=2597028&use=l&cat=p&typeid=i","cat":284449},{"id":38027,"n":"Quinoa gourmand Tipiak 400g","p":2.14,"u":"5,35 €/KG","img":"https://fd1-photos.leclercdrive.fr/image.ashx?id=2640617&use=l&cat=p&typeid=i","cat":284429},{"id":38035,"n":"Shampooing Petit Nateis 2en1 Enfants - 250ml","p":1.35,"u":"5,40 €/L","img":"https://fd1-photos.leclercdrive.fr/image.ashx?id=2626799&use=l&cat=p&typeid=i","cat":284606},{"id":38100,"n":"Chocolat en poudre Nesquik Boîte 490g","p":3.69,"u":"7,53 €/KG","img":"https://fd1-photos.leclercdrive.fr/image.ashx?id=3005305&use=l&cat=p&typeid=i","cat":293235},{"id":38220,"n":"Pansements Primoplast Anti-ampoules x6","p":3.15,"img":"https://fd1-photos.leclercdrive.fr/image.ashx?id=2955716&use=l&cat=p&typeid=i","cat":284630},{"id":38226,"n":"Compresses stériles Primoplast Gaze x60","p":4.99,"u":"0,08 €/P","img":"https://fd1-photos.leclercdrive.fr/image.ashx?id=2834181&use=l&cat=p&typeid=i","cat":284630},{"id":38227,"n":"Compresses stériles Primoplast Gaze x10","p":1.3,"u":"0,13 €/P","img":"https://fd1-photos.leclercdrive.fr/image.ashx?id=2856510&use=l&cat=p&typeid=i","cat":284630},{"id":38230,"n":"Mouchoirs blancs 4 plis Caresse Pock kid mouchoirs papier x10","p":1.12,"u":"0,11 €/P","img":"https://fd1-photos.leclercdrive.fr/image.ashx?id=2856687&use=l&cat=p&typeid=i","cat":284638},{"id":38232,"n":"Mouchoirs blancs 3 plis Caresse Boîte décor aléatoire Kids -x60","p":1.75,"u":"0,03 €/P","img":"https://fd1-photos.leclercdrive.fr/image.ashx?id=2814432&use=l&cat=p&typeid=i","cat":284638},{"id":38234,"n":"Dessert - P'tit Brassé Nestlé Banane - dès 6 mois - 4x100g","p":1.88,"u":"4,70 €/KG","img":"https://fd1-photos.leclercdrive.fr/image.ashx?id=2615131&use=l&cat=p&typeid=i","cat":312392},{"id":38235,"n":"Dessert - P'tit Brassé Nestlé Framboise - dès 6 mois - 4x100g","p":1.69,"u":"4,23 €/KG","img":"https://fd1-photos.leclercdrive.fr/image.ashx?id=2604876&use=l&cat=p&typeid=i","cat":312392},{"id":38236,"n":"Dessert - P'tit Brassé Nestlé Abricot - dès 6 mois - 4x100g","p":1.69,"u":"4,23 €/KG","img":"https://fd1-photos.leclercdrive.fr/image.ashx?id=2600569&use=l&cat=p&typeid=i","cat":312392},{"id":38237,"n":"Dessert - P'tit Brassé Nestlé Poire - dès 6 mois - 4x100g","p":1.79,"u":"4,48 €/KG","img":"https://fd1-photos.leclercdrive.fr/image.ashx?id=2615756&use=l&cat=p&typeid=i","cat":312392},{"id":38238,"n":"Dessert - P'tit Brassé Nestlé Fraise - dès 6 mois - 4x100g","p":1.55,"u":"3,88 €/KG","img":"https://fd1-photos.leclercdrive.fr/image.ashx?id=2510187&use=l&cat=p&typeid=i","cat":312392},{"id":38239,"n":"Dessert - P'tit Brassé Nestlé Myrtille - dès 6 mois - 4x100g","p":1.89,"u":"4,73 €/KG","img":"https://fd1-photos.leclercdrive.fr/image.ashx?id=2583235&use=l&cat=p&typeid=i","cat":312392},{"id":38286,"n":"Bière blonde Paulaner WeissBier 5.5%vol. - 50cl","p":1.86,"u":"3,72 €/L","img":"https://fd1-photos.leclercdrive.fr/image.ashx?id=2354620&use=l&cat=p&typeid=i","cat":334872},{"id":38290,"n":"Bière blonde Tsingtao Chinoise 4,5%vol. - 33cl","p":1.43,"u":"4,33 €/L","img":"https://fd1-photos.leclercdrive.fr/image.ashx?id=2433527&use=l&cat=p&typeid=i","cat":334872},{"id":38297,"n":"Matière grasse St Hubert Omega3 52%mg - demi-sel - 510g","p":3.56,"u":"6,98 €/KG","img":"https://fd1-photos.leclercdrive.fr/image.ashx?id=2734099&use=l&cat=p&typeid=i","cat":315229},{"id":38298,"n":"Matière grasse St Hubert Omega 3 - 52%mg - doux - 510g","p":3.32,"u":"6,51 €/KG","img":"https://fd1-photos.leclercdrive.fr/image.ashx?id=2734108&use=l&cat=p&typeid=i","cat":315229},{"id":38322,"n":"Compote Douceur du Verger Gourdes multivariétés - 20x90g","p":5.95,"u":"3,31 €/KG","img":"https://fd1-photos.leclercdrive.fr/image.ashx?id=2837057&use=l&cat=p&typeid=i","cat":284508},{"id":38345,"n":"Vodka premium Grey Goose Original 40° - 70cl","p":36.99,"u":"52,84 €/L","img":"https://fd1-photos.leclercdrive.fr/image.ashx?id=2848331&use=l&cat=p&typeid=i","cat":284550},{"id":38373,"n":"Rasoirs jetables Siliss 3 lames x6","p":1.98,"u":"0,50 €/P","img":"https://fd1-photos.leclercdrive.fr/image.ashx?id=2873549&use=l&cat=p&typeid=i","cat":325352},{"id":38374,"n":"Brosse à dents Dentamyl Super pro interdent x1","p":1.3,"img":"https://fd1-photos.leclercdrive.fr/image.ashx?id=2790970&use=l&cat=p&typeid=i","cat":284614},{"id":38510,"n":"Shampooing 2en1 Manava Lait amande douce - 500ml","p":1.0,"u":"2,00 €/L","img":"https://fd1-photos.leclercdrive.fr/image.ashx?id=1903860&use=l&cat=p&typeid=i","cat":284606},{"id":38511,"n":"Dattes 500g","p":1.97,"u":"3,94 €/KG","img":"https://fd1-photos.leclercdrive.fr/image.ashx?id=738693&use=l&cat=p&typeid=i","cat":284357},{"id":38524,"n":"Tendres perles Blé Tipiak Prêt en 5 min - 350g","p":1.48,"u":"4,23 €/KG","img":"https://fd1-photos.leclercdrive.fr/image.ashx?id=2640614&use=l&cat=p&typeid=i","cat":284429},{"id":38562,"n":"Cône Nestlé Extrême  Vanille de Madagascar x6 - 426g","p":3.46,"u":"8,12 €/KG","img":"https://fd1-photos.leclercdrive.fr/image.ashx?id=3000432&use=l&cat=p&typeid=i","cat":284264},{"id":38563,"n":"Cône Extrême Nestlé Chocolat intense 6x71g","p":3.66,"u":"8,59 €/KG","img":"https://fd1-photos.leclercdrive.fr/image.ashx?id=2353089&use=l&cat=p&typeid=i","cat":284264},{"id":38679,"n":"Meringue vanille Sachet 200g","p":3.38,"u":"16,90 €/KG","img":"https://fd1-photos.leclercdrive.fr/image.ashx?id=1616076&use=l&cat=p&typeid=i","cat":284360},{"id":38705,"n":"Chocolat Pâtissier Nestlé Dessert - 2x205g","p":5.86,"u":"14,29 €/KG","img":"https://fd1-photos.leclercdrive.fr/image.ashx?id=2959491&use=l&cat=p&typeid=i","cat":285562},{"id":38735,"n":"Lait de douche Manava Lait et miel - 250ml","p":0.94,"u":"3,76 €/L","img":"https://fd1-photos.leclercdrive.fr/image.ashx?id=2618338&use=l&cat=p&typeid=i","cat":284594},{"id":38744,"n":"Beurre allégé Les Croisés Demi-sel - 60% MG - 250g","p":1.89,"u":"7,56 €/KG","img":"https://fd1-photos.leclercdrive.fr/image.ashx?id=2897787&use=l&cat=p&typeid=i","cat":284379},{"id":38764,"n":"Cidre artisanal Les Goelleries Brut 5,5% - 75cl","p":2.49,"u":"3,32 €/L","img":"https://fd1-photos.leclercdrive.fr/image.ashx?id=2842301&use=l&cat=p&typeid=i","cat":334880},{"id":38765,"n":"Soda Jean's Cola Cherry Bouteille - 1,5L","p":1.49,"u":"0,99 €/L","img":"https://fd1-photos.leclercdrive.fr/image.ashx?id=2957551&use=l&cat=p&typeid=i","cat":284530},{"id":38773,"n":"Pur jus d'orange Jafaden Avec pulpe - 1,5L","p":3.0,"u":"2,00 €/L","img":"https://fd1-photos.leclercdrive.fr/image.ashx?id=2796058&use=l&cat=p&typeid=i","cat":284521},{"id":38776,"n":"AOC Côtes du Marmandais vin rosé Terrasses d'Autan - 75cl","p":3.17,"u":"4,23 €/L","img":"https://fd1-photos.leclercdrive.fr/image.ashx?id=2894728&use=l&cat=p&typeid=i","cat":289558},{"id":38781,"n":"Mouchoirs blancs 4 plis Caresse Boîte mouchoirs papier - x80","p":1.1,"u":"0,01 €/P","img":"https://fd1-photos.leclercdrive.fr/image.ashx?id=2801049&use=l&cat=p&typeid=i","cat":284638},{"id":38799,"n":"Essuie-tout Mimosa Demi-feuille - x3","p":4.9,"u":"1,63 €/P","img":"https://fd1-photos.leclercdrive.fr/image.ashx?id=2752625&use=l&cat=p&typeid=i","cat":284635},{"id":38801,"n":"Déodorant spray Manava Vanille 100ml","p":1.39,"u":"13,90 €/L","img":"https://fd1-photos.leclercdrive.fr/image.ashx?id=2671408&use=l&cat=p&typeid=i","cat":284595},{"id":38802,"n":"Déodorant spray Manava Pierre d'alun/Aloe Vera - 100ml","p":1.44,"u":"14,40 €/L","img":"https://fd1-photos.leclercdrive.fr/image.ashx?id=3013609&use=l&cat=p&typeid=i","cat":284595},{"id":38803,"n":"Déodorant spray grenade Manava A l'huile sauge sclarée - 100ml","p":1.39,"u":"13,90 €/L","img":"https://fd1-photos.leclercdrive.fr/image.ashx?id=2656448&use=l&cat=p&typeid=i","cat":284595},{"id":38812,"n":"Pains au lait Pasquier x10 - 350g","p":1.4,"u":"4,00 €/KG","img":"https://fd1-photos.leclercdrive.fr/image.ashx?id=2576940&use=l&cat=p&typeid=i","cat":293505},{"id":38857,"n":"Fromage Boursin cuisine Ail & fines herbes - 240g","p":2.22,"u":"9,25 €/KG","img":"https://fd1-photos.leclercdrive.fr/image.ashx?id=2615418&use=l&cat=p&typeid=i","cat":314029},{"id":38868,"n":"Chips ondulées Pom'Lisse Poulet rôti - 135g","p":1.05,"u":"7,78 €/KG","img":"https://fd1-photos.leclercdrive.fr/image.ashx?id=2919625&use=l&cat=p&typeid=i","cat":284447},{"id":38869,"n":"Purée de tomates Turini Saveur basilic - 200g","p":0.79,"u":"3,95 €/KG","img":"https://fd1-photos.leclercdrive.fr/image.ashx?id=2174702&use=l&cat=p&typeid=i","cat":288384},{"id":38985,"n":"Beurre Grand Fermage  Demi-sel - 80% MG - 250g","p":2.59,"u":"10,36 €/KG","img":"https://fd1-photos.leclercdrive.fr/image.ashx?id=2915569&use=l&cat=p&typeid=i","cat":284379},{"id":39009,"n":"Pain de mie complet Epi d'Or Extra moelleux - 500g","p":1.79,"u":"3,58 €/KG","img":"https://fd1-photos.leclercdrive.fr/image.ashx?id=2860742&use=l&cat=p&typeid=i","cat":284477},{"id":39020,"n":"AOP Haut Médoc rouge Château Barreyres - 75cl","p":11.61,"u":"15,48 €/L","img":"https://fd1-photos.leclercdrive.fr/image.ashx?id=2467769&use=l&cat=p&typeid=i","cat":289556},{"id":39022,"n":"AOP Graves de Vayres rouge Château Cantelaudette - 75cl","p":6.15,"u":"8,20 €/L","img":"https://fd1-photos.leclercdrive.fr/image.ashx?id=2944768&use=l&cat=p&typeid=i","cat":289556},{"id":39024,"n":"AOP Entre-deux-mers blanc Cuvée Hortense - 75cl","p":4.93,"u":"6,57 €/L","img":"https://fd1-photos.leclercdrive.fr/image.ashx?id=2516068&use=l&cat=p&typeid=i","cat":289557},{"id":39039,"n":"Vin de France rouge HVE Cabernet Sauvignon - BIB 5L","p":13.98,"u":"2,80 €/L","img":"https://fd1-photos.leclercdrive.fr/image.ashx?id=2938749&use=l&cat=p&typeid=i","cat":289560},{"id":39059,"n":"Salade Maxi sachet Bonduelle Mesclun - 145g","p":2.24,"u":"15,45 €/KG","img":"https://fd1-photos.leclercdrive.fr/image.ashx?id=2939244&use=l&cat=p&typeid=i","cat":284353},{"id":39061,"n":"Film étirable Alfapac Rouleau 35m x 29cm","p":1.49,"img":"https://fd1-photos.leclercdrive.fr/image.ashx?id=2918268&use=l&cat=p&typeid=i","cat":334134},{"id":39066,"n":"Tablettes lave vaisselle Sun Classic x40 - 380g","p":5.11,"u":"13,45 €/KG","img":"https://fd1-photos.leclercdrive.fr/image.ashx?id=2776232&use=l&cat=p&typeid=i","cat":284656},{"id":39067,"n":"Tablettes lave vaisselle Sun Classic x60 - 570g","p":6.95,"u":"12,19 €/KG","img":"https://fd1-photos.leclercdrive.fr/image.ashx?id=2775745&use=l&cat=p&typeid=i","cat":284656},{"id":39068,"n":"Tablettes lave vaisselle Sun Classic citron x40 - 380g","p":5.11,"u":"13,45 €/KG","img":"https://fd1-photos.leclercdrive.fr/image.ashx?id=2831152&use=l&cat=p&typeid=i","cat":284656},{"id":39107,"n":"Gel lavant Manava Savon de Marseille - 300ml","p":1.06,"u":"3,53 €/L","img":"https://fd1-photos.leclercdrive.fr/image.ashx?id=2935498&use=l&cat=p&typeid=i","cat":284597},{"id":39122,"n":"Fromage de chèvre Soignon Bûche Sainte Maure - 300g","p":3.19,"u":"10,63 €/KG","img":"https://fd1-photos.leclercdrive.fr/image.ashx?id=2963331&use=l&cat=p&typeid=i","cat":314031},{"id":39143,"n":"Beurre Les Eleveurs de Bretagne Demi-sel Extra-fin -80% MG 500g","p":5.2,"u":"10,40 €/KG","img":"https://fd1-photos.leclercdrive.fr/image.ashx?id=2128839&use=l&cat=p&typeid=i","cat":284379},{"id":39144,"n":"Oeufs Eleveurs de Bretagne Plein air - x20","p":4.59,"u":"0,23 €/P","img":"https://fd1-photos.leclercdrive.fr/image.ashx?id=2187589&use=l&cat=p&typeid=i","cat":284378},{"id":39145,"n":"Mouchoirs blancs 4 plis Caresse Etuis x15 - Mentholés","p":1.98,"u":"0,13 €/P","img":"https://fd1-photos.leclercdrive.fr/image.ashx?id=2572996&use=l&cat=p&typeid=i","cat":284638},{"id":39172,"n":"AOP Cabernet d'Anjou vin rosé Les Caractères - 75cl","p":3.99,"u":"5,32 €/L","img":"https://fd1-photos.leclercdrive.fr/image.ashx?id=2908846&use=l&cat=p&typeid=i","cat":289558},{"id":39205,"n":"Tartinable Ronde des Mers Thon - 120g","p":1.84,"u":"15,33 €/KG","img":"https://fd1-photos.leclercdrive.fr/image.ashx?id=2631441&use=l&cat=p&typeid=i","cat":285191},{"id":39206,"n":"Tartinable Ronde des Mers Surimi-crabe - 120g","p":1.69,"u":"14,08 €/KG","img":"https://fd1-photos.leclercdrive.fr/image.ashx?id=2631438&use=l&cat=p&typeid=i","cat":285191},{"id":39232,"n":"AOP Champagne rosé Demoiselle Brut Vranken - 75cl","p":30.03,"u":"40,04 €/L","img":"https://fd1-photos.leclercdrive.fr/image.ashx?id=2020254&use=l&cat=p&typeid=i","cat":284542},{"id":39233,"n":"AOP Côtes de Provence rosé Estandon - 75cl","p":7.3,"u":"9,73 €/L","img":"https://fd1-photos.leclercdrive.fr/image.ashx?id=2868966&use=l&cat=p&typeid=i","cat":289558},{"id":39265,"n":"AOC Picpoul de Pinet vin blanc Prieur Barsanne - 75cl","p":4.8,"u":"6,40 €/L","img":"https://fd1-photos.leclercdrive.fr/image.ashx?id=2869796&use=l&cat=p&typeid=i","cat":289557},{"id":39266,"n":"AOP Corse vin rosé Terres Ocrées - 75cl","p":4.99,"u":"6,65 €/L","img":"https://fd1-photos.leclercdrive.fr/image.ashx?id=2865242&use=l&cat=p&typeid=i","cat":289558},{"id":39267,"n":"AOC Languedoc vin rosé Prieur Barsanne - 75cl","p":2.99,"u":"3,99 €/L","img":"https://fd1-photos.leclercdrive.fr/image.ashx?id=2694341&use=l&cat=p&typeid=i","cat":289558},{"id":39268,"n":"AOP Bergerac vin blanc sec Terrasses d'Autan - 75cl","p":2.99,"u":"3,99 €/L","img":"https://fd1-photos.leclercdrive.fr/image.ashx?id=2858108&use=l&cat=p&typeid=i","cat":289557},{"id":39269,"n":"AOC Cabernet d'Anjou vin rosé Les Caractères - 37,5cl","p":2.99,"u":"7,97 €/L","img":"https://fd1-photos.leclercdrive.fr/image.ashx?id=2898248&use=l&cat=p&typeid=i","cat":289558},{"id":39270,"n":"AOP Touraine Sauvignon vin Blanc - Les Caractères - 75cl","p":4.99,"u":"6,65 €/L","img":"https://fd1-photos.leclercdrive.fr/image.ashx?id=2699693&use=l&cat=p&typeid=i","cat":289557},{"id":39271,"n":"AOP Alsace Pinot gris  vin blanc Rebmann - 75 cl","p":4.99,"u":"6,65 €/L","img":"https://fd1-photos.leclercdrive.fr/image.ashx?id=2907467&use=l&cat=p&typeid=i","cat":289557},{"id":39272,"n":"AOP Bourgogne Chardonnay vin blanc Antoine Barrier - 75cl","p":5.94,"u":"7,92 €/L","img":"https://fd1-photos.leclercdrive.fr/image.ashx?id=2925973&use=l&cat=p&typeid=i","cat":289557},{"id":39328,"n":"Vin mousseux Kriter Brut 3x20cl","p":5.22,"u":"8,70 €/L","img":"https://fd1-photos.leclercdrive.fr/image.ashx?id=2538509&use=l&cat=p&typeid=i","cat":284544},{"id":39332,"n":"Shampooing Manava Cheveux normaux à gras 500ml","p":1.28,"u":"2,56 €/L","img":"https://fd1-photos.leclercdrive.fr/image.ashx?id=1885059&use=l&cat=p&typeid=i","cat":284606},{"id":39338,"n":"Moutarde Savora Amora 385g","p":2.17,"u":"5,64 €/KG","img":"https://fd1-photos.leclercdrive.fr/image.ashx?id=2775685&use=l&cat=p&typeid=i","cat":288850},{"id":39339,"n":"Moutarde Amora Fine & douce - 190g","p":1.63,"u":"8,58 €/KG","img":"https://fd1-photos.leclercdrive.fr/image.ashx?id=2738791&use=l&cat=p&typeid=i","cat":288850},{"id":39376,"n":"Pur jus d'orange Tropicana Sans pulpe - 1,5L","p":3.26,"u":"2,17 €/L","img":"https://fd1-photos.leclercdrive.fr/image.ashx?id=2509637&use=l&cat=p&typeid=i","cat":284521},{"id":39387,"n":"AOC Tursan rosé Secret d'Eugénie - 75cl","p":5.87,"u":"7,83 €/L","img":"https://fd1-photos.leclercdrive.fr/image.ashx?id=2827335&use=l&cat=p&typeid=i","cat":289558},{"id":39388,"n":"Haricots verts Bio Village Bio - 360g","p":1.89,"u":"5,25 €/KG","img":"https://fd1-photos.leclercdrive.fr/image.ashx?id=3002659&use=l&cat=p&typeid=i","cat":312606},{"id":39389,"n":"Haricots beurre Notre Jardin Extra fins 1kg","p":2.29,"u":"2,29 €/KG","img":"https://fd1-photos.leclercdrive.fr/image.ashx?id=2431134&use=l&cat=p&typeid=i","cat":319805},{"id":39403,"n":"Joker Pur Jus Engagé Orange  sans pulpe - 1L","p":2.63,"u":"2,63 €/L","img":"https://fd1-photos.leclercdrive.fr/image.ashx?id=2984982&use=l&cat=p&typeid=i","cat":284521},{"id":39418,"n":"Boisson Sunny Delight Doux California - 1,25L","p":2.11,"u":"1,69 €/L","img":"https://fd1-photos.leclercdrive.fr/image.ashx?id=2309963&use=l&cat=p&typeid=i","cat":285435},{"id":39421,"n":"Jus innocent pomme 900ml","p":2.5,"u":"2,78 €/L","img":"https://fd1-photos.leclercdrive.fr/image.ashx?id=2891703&use=l&cat=p&typeid=i","cat":284354},{"id":39443,"n":"Jus innocent  orange avec pulpe 1.5L","p":3.4,"u":"2,27 €/L","img":"https://fd1-photos.leclercdrive.fr/image.ashx?id=2891223&use=l&cat=p&typeid=i","cat":285435},{"id":39444,"n":"Jus innocent orange avec pulpe 900ml","p":2.65,"u":"2,94 €/L","img":"https://fd1-photos.leclercdrive.fr/image.ashx?id=2891700&use=l&cat=p&typeid=i","cat":285435},{"id":39445,"n":"Confiture Douceur Du Verger Extra myrtilles allegée - 340g","p":1.89,"u":"5,56 €/KG","img":"https://fd1-photos.leclercdrive.fr/image.ashx?id=2965515&use=l&cat=p&typeid=i","cat":284480},{"id":39471,"n":"Mousse aux oeufs Bonne Maman Chocolat - 4x50g","p":2.38,"u":"11,90 €/KG","img":"https://fd1-photos.leclercdrive.fr/image.ashx?id=2571509&use=l&cat=p&typeid=i","cat":284417},{"id":39472,"n":"Mousse aux oeufs Bonne Maman Chocolat au lait - 4x50g","p":2.38,"u":"11,90 €/KG","img":"https://fd1-photos.leclercdrive.fr/image.ashx?id=2571512&use=l&cat=p&typeid=i","cat":284417},{"id":39475,"n":"Barre chocolatée Balisto Fruits des bois - x10 - 185g","p":2.76,"u":"14,92 €/KG","img":"https://fd1-photos.leclercdrive.fr/image.ashx?id=1930983&use=l&cat=p&typeid=i","cat":284498},{"id":39480,"n":"Chips ondulées Pom'Lisse Nature - 6x30g","p":1.57,"u":"8,72 €/KG","img":"https://fd1-photos.leclercdrive.fr/image.ashx?id=2728246&use=l&cat=p&typeid=i","cat":284447},{"id":39485,"n":"Barre chocolatée Balisto Miel amande - x10 barres - 185g","p":2.95,"u":"15,95 €/KG","img":"https://fd1-photos.leclercdrive.fr/image.ashx?id=1930977&use=l&cat=p&typeid=i","cat":284498},{"id":39497,"n":"Barre chocolatée P'tit Déli Bille de riz - 162g","p":1.5,"u":"9,26 €/KG","img":"https://fd1-photos.leclercdrive.fr/image.ashx?id=2529599&use=l&cat=p&typeid=i","cat":284488},{"id":39498,"n":"Biscottes Epi d'Or Gout brioché x36 - 300g","p":1.51,"u":"5,03 €/KG","img":"https://fd1-photos.leclercdrive.fr/image.ashx?id=2684028&use=l&cat=p&typeid=i","cat":284479},{"id":39502,"n":"Biscuits Cookies P'tit Déli Coeur fondant noisette - 200g","p":1.44,"u":"7,20 €/KG","img":"https://fd1-photos.leclercdrive.fr/image.ashx?id=2577296&use=l&cat=p&typeid=i","cat":325066},{"id":39507,"n":"Moutarde Rustica Douce - 435g","p":1.39,"u":"3,20 €/KG","img":"https://fd1-photos.leclercdrive.fr/image.ashx?id=2052019&use=l&cat=p&typeid=i","cat":288850},{"id":39508,"n":"Mini canapés Epi d'Or Nature - 255g","p":1.12,"u":"4,39 €/KG","img":"https://fd1-photos.leclercdrive.fr/image.ashx?id=2129233&use=l&cat=p&typeid=i","cat":285454},{"id":39511,"n":"Thé lady grey Twinings x20 sachets -  40g","p":2.51,"u":"62,75 €/KG","img":"https://fd1-photos.leclercdrive.fr/image.ashx?id=2875552&use=l&cat=p&typeid=i","cat":293233},{"id":39517,"n":"Thé vert Twinings Citron x25 sachets -50g","p":2.11,"u":"42,20 €/KG","img":"https://fd1-photos.leclercdrive.fr/image.ashx?id=2893012&use=l&cat=p&typeid=i","cat":293233},{"id":39521,"n":"Cacahuètes enrobées Tokapi Salées - 150g","p":0.85,"u":"5,67 €/KG","img":"https://fd1-photos.leclercdrive.fr/image.ashx?id=1957812&use=l&cat=p&typeid=i","cat":284448},{"id":39522,"n":"Cacahuètes enrobées Tokapi Bacon - 150g","p":0.85,"u":"5,67 €/KG","img":"https://fd1-photos.leclercdrive.fr/image.ashx?id=1951858&use=l&cat=p&typeid=i","cat":284448},{"id":39523,"n":"Cacahuètes enrobées Tokapi Paprika - 150g","p":0.85,"u":"5,67 €/KG","img":"https://fd1-photos.leclercdrive.fr/image.ashx?id=1972828&use=l&cat=p&typeid=i","cat":284448},{"id":39524,"n":"Cacahuètes enrobées Tokapi Epicées - 150g","p":0.85,"u":"5,67 €/KG","img":"https://fd1-photos.leclercdrive.fr/image.ashx?id=763519&use=l&cat=p&typeid=i","cat":284448},{"id":39529,"n":"Jus de citron Rustica Sicile - 50cl","p":1.67,"u":"3,34 €/L","img":"https://fd1-photos.leclercdrive.fr/image.ashx?id=2974804&use=l&cat=p&typeid=i","cat":288383},{"id":39530,"n":"Dessert bébé BabyBio Bio 6 mois Pomme / Fraise - 260g","p":1.79,"u":"6,88 €/KG","img":"https://fd1-photos.leclercdrive.fr/image.ashx?id=2827509&use=l&cat=p&typeid=i","cat":312388},{"id":39531,"n":"Compote bébé Babybio Bio 4 mois Pomme / Mangue - 260g","p":1.9,"u":"7,31 €/KG","img":"https://fd1-photos.leclercdrive.fr/image.ashx?id=2827500&use=l&cat=p&typeid=i","cat":312387},{"id":39534,"n":"Barres énergétiques Ovomaltine x5 barres - 100g","p":2.42,"u":"24,20 €/KG","img":"https://fd1-photos.leclercdrive.fr/image.ashx?id=2413029&use=l&cat=p&typeid=i","cat":318652},{"id":39547,"n":"Duo Haricots verts et beurre Notre Jardin - 225g","p":1.03,"u":"4,58 €/KG","img":"https://fd1-photos.leclercdrive.fr/image.ashx?id=2988060&use=l&cat=p&typeid=i","cat":312606},{"id":39548,"n":"Haricots verts Notre Jardin Extra fins - 3x110g","p":1.83,"u":"5,55 €/KG","img":"https://fd1-photos.leclercdrive.fr/image.ashx?id=2472514&use=l&cat=p&typeid=i","cat":312606},{"id":39550,"n":"Sirop d'agave bio Bio Village 345g","p":1.99,"u":"5,77 €/KG","img":"https://fd1-photos.leclercdrive.fr/image.ashx?id=2764961&use=l&cat=p&typeid=i","cat":287643},{"id":39551,"n":"Tablettes pour chien Lydog Boeuf, poulet, agneau - 104g","p":1.22,"u":"11,73 €/KG","img":"https://fd1-photos.leclercdrive.fr/image.ashx?id=1947265&use=l&cat=p&typeid=i","cat":294527},{"id":39554,"n":"Mélange 4 champignons N.Jardin 230g","p":2.57,"u":"11,17 €/KG","img":"https://fd1-photos.leclercdrive.fr/image.ashx?id=2072719&use=l&cat=p&typeid=i","cat":312610},{"id":39555,"n":"Repas bébé bio Babybio - 6 mois Veau / Légumes - 2x200g","p":2.79,"u":"6,98 €/KG","img":"https://fd1-photos.leclercdrive.fr/image.ashx?id=2850545&use=l&cat=p&typeid=i","cat":312236},{"id":39556,"n":"Gaufres liégeoises P'tit Déli Sucrées - 550g","p":2.69,"u":"4,89 €/KG","img":"https://fd1-photos.leclercdrive.fr/image.ashx?id=2430219&use=l&cat=p&typeid=i","cat":294777},{"id":39558,"n":"Croquettes chat Tous mes amis Stérilisés - 2kg","p":3.24,"u":"1,62 €/KG","img":"https://fd1-photos.leclercdrive.fr/image.ashx?id=2301490&use=l&cat=p&typeid=i","cat":284680},{"id":39559,"n":"Céréales Jordans Spécial Muesli Fruits et Noix - 750g","p":3.45,"u":"4,60 €/KG","img":"https://fd1-photos.leclercdrive.fr/image.ashx?id=2966770&use=l&cat=p&typeid=i","cat":309512},{"id":39560,"n":"Duo Haricots verts et beurre Notre Jardin - 455g","p":1.99,"u":"4,37 €/KG","img":"https://fd1-photos.leclercdrive.fr/image.ashx?id=2291408&use=l&cat=p&typeid=i","cat":312606},{"id":39561,"n":"Petits pots bio Babybio Carotte boeuf - 8mois 2x200g","p":3.65,"u":"9,13 €/KG","img":"https://fd1-photos.leclercdrive.fr/image.ashx?id=2733286&use=l&cat=p&typeid=i","cat":312236},{"id":39562,"n":"Céréales Bio Jordans Muesli - 500g","p":2.8,"u":"5,60 €/KG","img":"https://fd1-photos.leclercdrive.fr/image.ashx?id=2475897&use=l&cat=p&typeid=i","cat":309512},{"id":39566,"n":"Repas bébé Babynat 6 mois Cabillaud Légumes - 2x200g","p":2.98,"u":"7,45 €/KG","img":"https://fd1-photos.leclercdrive.fr/image.ashx?id=2832008&use=l&cat=p&typeid=i","cat":312235},{"id":39569,"n":"Céréales Jordans Country Crisp Chocolat Noir 70% - 550g","p":3.59,"u":"6,53 €/KG","img":"https://fd1-photos.leclercdrive.fr/image.ashx?id=3000836&use=l&cat=p&typeid=i","cat":309512},{"id":39570,"n":"Céréales Jordans Country Crisp 4 Noix - 550g","p":3.1,"u":"5,64 €/KG","img":"https://fd1-photos.leclercdrive.fr/image.ashx?id=2973487&use=l&cat=p&typeid=i","cat":309512},{"id":39572,"n":"Biscuits batonnets P'tit Déli Chocolat au lait 90g","p":1.29,"u":"14,33 €/KG","img":"https://fd1-photos.leclercdrive.fr/image.ashx?id=2927182&use=l&cat=p&typeid=i","cat":284488},{"id":39576,"n":"AOP Côtes de Provence rosé Berne Grande récolte - 75cl","p":8.9,"u":"11,87 €/L","img":"https://fd1-photos.leclercdrive.fr/image.ashx?id=2857530&use=l&cat=p&typeid=i","cat":289558},{"id":39616,"n":"Sirop Moulin de Valdonne Fraise - 70cl","p":3.28,"u":"4,69 €/L","img":"https://fd1-photos.leclercdrive.fr/image.ashx?id=2170559&use=l&cat=p&typeid=i","cat":295020},{"id":39617,"n":"Sirop Moulin de Valdonne Menthe - 70cl","p":3.0,"u":"4,29 €/L","img":"https://fd1-photos.leclercdrive.fr/image.ashx?id=2170550&use=l&cat=p&typeid=i","cat":295020},{"id":39621,"n":"Boisson énergisante Red Bull 4x355ml","p":6.17,"u":"4,35 €/L","img":"https://fd1-photos.leclercdrive.fr/image.ashx?id=3011983&use=l&cat=p&typeid=i","cat":284533},{"id":39651,"n":"Sel fin iodé Cérébos Boîte 125g","p":0.49,"u":"3,92 €/KG","img":"https://fd1-photos.leclercdrive.fr/image.ashx?id=2817536&use=l&cat=p&typeid=i","cat":284457},{"id":39740,"n":"Tortilla dürüm Antalya 12x30cm","p":3.69,"u":"3,08 €/KG","img":"https://fd1-photos.leclercdrive.fr/image.ashx?id=1594844&use=l&cat=p&typeid=i","cat":288993},{"id":39763,"n":"Préparation de fruits Recette Mirabelles 320g","p":2.83,"u":"8,84 €/KG","img":"https://fd1-photos.leclercdrive.fr/image.ashx?id=1581141&use=l&cat=p&typeid=i","cat":284480},{"id":39768,"n":"Préparation de fruits Myrtilles  Lucien Georgelin 320g","p":2.49,"u":"7,78 €/KG","img":"https://fd1-photos.leclercdrive.fr/image.ashx?id=1953840&use=l&cat=p&typeid=i","cat":284480},{"id":39769,"n":"Préparation de fruits Figues  rouges Lucien Georgelin 320g","p":1.89,"u":"5,91 €/KG","img":"https://fd1-photos.leclercdrive.fr/image.ashx?id=1611755&use=l&cat=p&typeid=i","cat":284480},{"id":39770,"n":"Edulcorant Canderel Pot, poudre 80g","p":2.29,"u":"28,63 €/KG","img":"https://fd1-photos.leclercdrive.fr/image.ashx?id=2811020&use=l&cat=p&typeid=i","cat":324846},{"id":39777,"n":"AOP Crémant d'Alsace Blanc Brut Arthur Metz - 75cl","p":5.95,"u":"7,93 €/L","img":"https://fd1-photos.leclercdrive.fr/image.ashx?id=2422926&use=l&cat=p&typeid=i","cat":284544},{"id":39783,"n":"Liqueur Malibu Coco 18% vol - 1L","p":15.45,"u":"15,45 €/L","img":"https://fd1-photos.leclercdrive.fr/image.ashx?id=2396881&use=l&cat=p&typeid=i","cat":284551},{"id":39796,"n":"Bûche de chèvre Soignon Crémeuse - 180g","p":3.06,"u":"17,00 €/KG","img":"https://fd1-photos.leclercdrive.fr/image.ashx?id=2787134&use=l&cat=p&typeid=i","cat":314031},{"id":39847,"n":"Eau minérale Plancoët 6x1.5L","p":2.7,"u":"0,30 €/L","img":"https://fd1-photos.leclercdrive.fr/image.ashx?id=2565032&use=l&cat=p&typeid=i","cat":284535},{"id":39858,"n":"Sirop Frucci Fruits exotiques - 75cl","p":2.65,"u":"3,53 €/L","img":"https://fd1-photos.leclercdrive.fr/image.ashx?id=2842313&use=l&cat=p&typeid=i","cat":295020},{"id":39871,"n":"Pur jus d'orange Jafaden 4x20cl","p":3.33,"u":"4,16 €/L","img":"https://fd1-photos.leclercdrive.fr/image.ashx?id=2802293&use=l&cat=p&typeid=i","cat":284521},{"id":39872,"n":"Pur jus d'ananas Jafaden 4x20cl","p":3.35,"u":"4,19 €/L","img":"https://fd1-photos.leclercdrive.fr/image.ashx?id=2553333&use=l&cat=p&typeid=i","cat":284524},{"id":39889,"n":"Tendres perles Blé Tipiak Prêt en 4 min - 700g","p":2.86,"u":"4,09 €/KG","img":"https://fd1-photos.leclercdrive.fr/image.ashx?id=2789095&use=l&cat=p&typeid=i","cat":284429},{"id":39903,"n":"Pâté de campagne à l'Andouille NRT -180g","p":1.98,"u":"11,00 €/KG","img":"https://fd1-photos.leclercdrive.fr/image.ashx?id=2560512&use=l&cat=p&typeid=i","cat":305149},{"id":39927,"n":"AOC Bordeaux vin blanc moelleux Chantet Blanet - 75cl","p":3.35,"u":"4,47 €/L","img":"https://fd1-photos.leclercdrive.fr/image.ashx?id=2918463&use=l&cat=p&typeid=i","cat":289557},{"id":39934,"n":"Yaourts à la Grecque Délisse Nature - 8x125g","p":2.15,"u":"2,15 €/KG","img":"https://fd1-photos.leclercdrive.fr/image.ashx?id=2699480&use=l&cat=p&typeid=i","cat":314999},{"id":39941,"n":"Laque Fixation Forte 24h Dop Vivelle - 250ml","p":3.75,"u":"15,00 €/L","img":"https://fd1-photos.leclercdrive.fr/image.ashx?id=2457239&use=l&cat=p&typeid=i","cat":284609},{"id":39943,"n":"Laque fixation Extra-Forte Dop Vivelle - 250ml","p":3.79,"u":"15,16 €/L","img":"https://fd1-photos.leclercdrive.fr/image.ashx?id=2457236&use=l&cat=p&typeid=i","cat":284609},{"id":39950,"n":"Yaourts Lait de brebis Délisse Nature - 4x125g","p":2.19,"u":"4,38 €/KG","img":"https://fd1-photos.leclercdrive.fr/image.ashx?id=1872007&use=l&cat=p&typeid=i","cat":314998},{"id":39951,"n":"Crème dessert Délisse Pistache - 4x125g","p":0.89,"u":"1,78 €/KG","img":"https://fd1-photos.leclercdrive.fr/image.ashx?id=2441333&use=l&cat=p&typeid=i","cat":285041},{"id":39953,"n":"crème dessert chocolat danette pop billes 3 chocolats - 4x117g","p":2.42,"u":"5,17 €/KG","img":"https://fd1-photos.leclercdrive.fr/image.ashx?id=2926230&use=l&cat=p&typeid=i","cat":285041},{"id":39954,"n":"Crème dessert vanille Danette  Billes 3 chocolats - 4x117g","p":2.42,"u":"5,17 €/KG","img":"https://fd1-photos.leclercdrive.fr/image.ashx?id=2926227&use=l&cat=p&typeid=i","cat":285041},{"id":39961,"n":"Emiettés de sardines Gastromer Citron - 150g","p":1.99,"pp":1.31,"u":"8,73 €/KG","img":"https://fd1-photos.leclercdrive.fr/image.ashx?id=1605758&use=l&cat=p&typeid=i","cat":285191},{"id":39967,"n":"Poivre gris moulu Ducros n°7 - 90g","p":2.81,"u":"31,22 €/KG","img":"https://fd1-photos.leclercdrive.fr/image.ashx?id=2983207&use=l&cat=p&typeid=i","cat":284457},{"id":39970,"n":"Poivre noir moulu Ducros N°8 - 38g","p":1.87,"u":"49,21 €/KG","img":"https://fd1-photos.leclercdrive.fr/image.ashx?id=2311051&use=l&cat=p&typeid=i","cat":284457},{"id":39972,"n":"Basilic Ducros 11g","p":1.24,"u":"112,73 €/KG","img":"https://fd1-photos.leclercdrive.fr/image.ashx?id=2559469&use=l&cat=p&typeid=i","cat":298297},{"id":39973,"n":"Plat bébé Blédina 12 mois  Boulghour tomate saumon -2x200g","p":2.69,"u":"6,73 €/KG","img":"https://fd1-photos.leclercdrive.fr/image.ashx?id=2975083&use=l&cat=p&typeid=i","cat":312237},{"id":39974,"n":"Plat bébé Blédina 6 mois  Purée butternut poulet - 2x200g","p":2.72,"u":"6,80 €/KG","img":"https://fd1-photos.leclercdrive.fr/image.ashx?id=2975080&use=l&cat=p&typeid=i","cat":312236},{"id":39988,"n":"Crème de douche Manava Douceur de crème - 250ml","p":1.05,"u":"4,20 €/L","img":"https://fd1-photos.leclercdrive.fr/image.ashx?id=2699282&use=l&cat=p&typeid=i","cat":284594},{"id":39989,"n":"Savon douceur Manava 1/4 de crème 100g","p":0.93,"u":"9,30 €/KG","img":"https://fd1-photos.leclercdrive.fr/image.ashx?id=2331318&use=l&cat=p&typeid=i","cat":284597},{"id":39990,"n":"Savon Manava Fleur de Tiaré orchidée 100g","p":0.89,"u":"8,90 €/KG","img":"https://fd1-photos.leclercdrive.fr/image.ashx?id=2751898&use=l&cat=p&typeid=i","cat":284597},{"id":39992,"n":"Gel douche Manava Monoï de Polynésie 250ml","p":1.15,"u":"4,60 €/L","img":"https://fd1-photos.leclercdrive.fr/image.ashx?id=2626805&use=l&cat=p&typeid=i","cat":284594},{"id":39994,"n":"Lait douche Manava Fleur d'oranger 250ml","p":1.29,"u":"5,16 €/L","img":"https://fd1-photos.leclercdrive.fr/image.ashx?id=2618335&use=l&cat=p&typeid=i","cat":284594},{"id":39995,"n":"Recharge gel lavant Manava Savon de Marseil. Olive - 250ml","p":0.66,"u":"2,64 €/L","img":"https://fd1-photos.leclercdrive.fr/image.ashx?id=2935501&use=l&cat=p&typeid=i","cat":284597},{"id":40004,"n":"Saucisson Mini Justin Bridou  Bâton de Berger - 100g","p":2.19,"u":"21,90 €/KG","img":"https://fd1-photos.leclercdrive.fr/image.ashx?id=3011440&use=l&cat=p&typeid=i","cat":316006},{"id":40006,"n":"Houmous Extra l'Atelier Blini 175g","p":2.49,"u":"14,23 €/KG","img":"https://fd1-photos.leclercdrive.fr/image.ashx?id=2795093&use=l&cat=p&typeid=i","cat":315999},{"id":40010,"n":"Emiettés de thon chorizo  Gastromer - 150g","p":1.99,"pp":1.31,"u":"8,73 €/KG","img":"https://fd1-photos.leclercdrive.fr/image.ashx?id=2049910&use=l&cat=p&typeid=i","cat":285191},{"id":40015,"n":"Tarama Blini Extra - 175g","p":2.51,"u":"14,34 €/KG","img":"https://fd1-photos.leclercdrive.fr/image.ashx?id=2795096&use=l&cat=p&typeid=i","cat":315999},{"id":40017,"n":"Tzatziki Blini Extra - 175g","p":2.15,"u":"12,29 €/KG","img":"https://fd1-photos.leclercdrive.fr/image.ashx?id=2973703&use=l&cat=p&typeid=i","cat":315999},{"id":40026,"n":"Filets de maquereaux Delpierre Fumés au poivre - 150g","p":2.97,"u":"19,80 €/KG","img":"https://fd1-photos.leclercdrive.fr/image.ashx?id=2959016&use=l&cat=p&typeid=i","cat":285188},{"id":40027,"n":"Tartinable Thon Cap Océan MSC Fromage Frais Ciboulette - 140g","p":1.88,"u":"13,43 €/KG","img":"https://fd1-photos.leclercdrive.fr/image.ashx?id=2434425&use=l&cat=p&typeid=i","cat":285191},{"id":40034,"n":"Menthe Pastille Giffard 24%vol - 70cl","p":11.85,"pp":10.85,"u":"15,50 €/L","img":"https://fd1-photos.leclercdrive.fr/image.ashx?id=2529903&use=l&cat=p&typeid=i","cat":286032},{"id":40038,"n":"Bière Lindemans Kriek 3.5%vol. - 25cl","p":1.69,"u":"6,76 €/L","img":"https://fd1-photos.leclercdrive.fr/image.ashx?id=2830894&use=l&cat=p&typeid=i","cat":334872},{"id":40046,"n":"Bière blonde triple Chimay 8%vol -  33cl","p":1.79,"u":"5,42 €/L","img":"https://fd1-photos.leclercdrive.fr/image.ashx?id=1758846&use=l&cat=p&typeid=i","cat":334872},{"id":40053,"n":"Saucisse aux herbes x5 Hénaff - 277g","p":5.1,"u":"18,41 €/KG","img":"https://fd1-photos.leclercdrive.fr/image.ashx?id=2795171&use=l&cat=p&typeid=i","cat":284334},{"id":40055,"n":"Saucisse Henaff x2 Nature - 250g","p":4.22,"u":"16,88 €/KG","img":"https://fd1-photos.leclercdrive.fr/image.ashx?id=2812885&use=l&cat=p&typeid=i","cat":284334},{"id":40056,"n":"Crêpe dentelle Gavottes Au chocolat noir - 90g","p":2.04,"u":"22,67 €/KG","img":"https://fd1-photos.leclercdrive.fr/image.ashx?id=2659662&use=l&cat=p&typeid=i","cat":284487},{"id":40068,"n":"Terrine de lapin Hénaff Au serpolet - 180g","p":2.14,"u":"11,89 €/KG","img":"https://fd1-photos.leclercdrive.fr/image.ashx?id=2268560&use=l&cat=p&typeid=i","cat":305149},{"id":40069,"n":"Rillettes de St Jacques Les Mouettes d'Arvor - 125g","p":3.72,"u":"29,76 €/KG","img":"https://fd1-photos.leclercdrive.fr/image.ashx?id=1891150&use=l&cat=p&typeid=i","cat":305147},{"id":40072,"n":"Bières Lancelot 5,58% - 6x33cl","p":9.9,"pp":6.93,"u":"3,50 €/L","img":"https://fd1-photos.leclercdrive.fr/image.ashx?id=1863642&use=l&cat=p&typeid=i","cat":334872},{"id":40089,"n":"Gel douche Manava Cranberry myrtille - 250ml","p":1.15,"u":"4,60 €/L","img":"https://fd1-photos.leclercdrive.fr/image.ashx?id=2626802&use=l&cat=p&typeid=i","cat":284594},{"id":40090,"n":"Lait corps Inell Nourrissant - 250ml","p":2.33,"u":"9,32 €/L","img":"https://fd1-photos.leclercdrive.fr/image.ashx?id=2691661&use=l&cat=p&typeid=i","cat":325349},{"id":40092,"n":"Saucisson sec Saint Azay Stick au noix 100g","p":1.99,"u":"19,90 €/KG","img":"https://fd1-photos.leclercdrive.fr/image.ashx?id=2977165&use=l&cat=p&typeid=i","cat":316006},{"id":40094,"n":"Saucissons secs Saint Azay Stick nature 100g","p":1.99,"u":"19,90 €/KG","img":"https://fd1-photos.leclercdrive.fr/image.ashx?id=2977162&use=l&cat=p&typeid=i","cat":316006},{"id":40101,"n":"Saucisson Saint-Azay  Fuet Catalan - 170 g","p":2.09,"u":"12,29 €/KG","img":"https://fd1-photos.leclercdrive.fr/image.ashx?id=2856302&use=l&cat=p&typeid=i","cat":316006},{"id":40102,"n":"Savon de toilette Manava Fleur oranger 100g","p":0.79,"u":"7,90 €/KG","img":"https://fd1-photos.leclercdrive.fr/image.ashx?id=2930048&use=l&cat=p&typeid=i","cat":284597},{"id":40122,"n":"AOP Côtes de Provence vin rosé Terres Ocrées - 75cl - 13%","p":4.99,"u":"6,65 €/L","img":"https://fd1-photos.leclercdrive.fr/image.ashx?id=2896895&use=l&cat=p&typeid=i","cat":289558},{"id":40133,"n":"Gaufrettes Paille d'Or LU Framboise - 170g","p":1.85,"u":"10,88 €/KG","img":"https://fd1-photos.leclercdrive.fr/image.ashx?id=2883753&use=l&cat=p&typeid=i","cat":284489},{"id":40134,"n":"Biscottes Heudebert  Nature - 830g","p":3.32,"u":"4,00 €/KG","img":"https://fd1-photos.leclercdrive.fr/image.ashx?id=2473705&use=l&cat=p&typeid=i","cat":284479},{"id":40135,"n":"Biscottes Heudebert  Nature - 300g","p":1.33,"u":"4,43 €/KG","img":"https://fd1-photos.leclercdrive.fr/image.ashx?id=2368291&use=l&cat=p&typeid=i","cat":284479},{"id":40137,"n":"Biscuits Pocket Petit Ecolier  LU Chocolat au lait - 250g","p":3.02,"u":"12,08 €/KG","img":"https://fd1-photos.leclercdrive.fr/image.ashx?id=3005326&use=l&cat=p&typeid=i","cat":284488},{"id":40138,"n":"Biscuits Petit Ecolier Chocolat au lait - 150g","p":1.68,"u":"11,20 €/KG","img":"https://fd1-photos.leclercdrive.fr/image.ashx?id=2323844&use=l&cat=p&typeid=i","cat":284488},{"id":40140,"n":"Pain grillé Pelletier Froment - 500g","p":2.17,"u":"4,34 €/KG","img":"https://fd1-photos.leclercdrive.fr/image.ashx?id=3002249&use=l&cat=p&typeid=i","cat":284479},{"id":40142,"n":"Compote Douceur du Verger Coupelle multivariétés -16x100g","p":3.99,"u":"2,49 €/KG","img":"https://fd1-photos.leclercdrive.fr/image.ashx?id=2663533&use=l&cat=p&typeid=i","cat":284508},{"id":40169,"n":"IGP Sel fin Le Guérandais  Label rouge - 250g","p":1.99,"u":"7,96 €/KG","img":"https://fd1-photos.leclercdrive.fr/image.ashx?id=2457887&use=l&cat=p&typeid=i","cat":284457},{"id":40173,"n":"Préfou Paso Tomate basilic - 350g","p":3.52,"img":"https://fd1-photos.leclercdrive.fr/image.ashx?id=2676765&use=l&cat=p&typeid=i","cat":316003},{"id":40180,"n":"Emiettés surimi crabe Gastromer 150g","p":1.99,"pp":1.31,"u":"8,73 €/KG","img":"https://fd1-photos.leclercdrive.fr/image.ashx?id=1605662&use=l&cat=p&typeid=i","cat":285191},{"id":40214,"n":"Sauce Pesto Barilla Basilic et Roquette - 190g","p":1.87,"u":"9,84 €/KG","img":"https://fd1-photos.leclercdrive.fr/image.ashx?id=2457980&use=l&cat=p&typeid=i","cat":287599},{"id":40215,"n":"Petit pot soir Babybio Bio P.pois maïs riz, 6 mois 2x200g","p":2.62,"u":"6,55 €/KG","img":"https://fd1-photos.leclercdrive.fr/image.ashx?id=2827476&use=l&cat=p&typeid=i","cat":312239},{"id":40217,"n":"Petits pots Babybio Bio Légumes jambon - 8mois 2x200g","p":3.03,"u":"7,58 €/KG","img":"https://fd1-photos.leclercdrive.fr/image.ashx?id=2838464&use=l&cat=p&typeid=i","cat":312236},{"id":40277,"n":"Barres glacées Bounty  Chocolat & Noix de Coco x6 235g","p":2.43,"u":"10,34 €/KG","img":"https://fd1-photos.leclercdrive.fr/image.ashx?id=1935069&use=l&cat=p&typeid=i","cat":284264},{"id":40278,"n":"Barres glacées Twix  Caramel & Biscuit x6 - 205g","p":2.57,"u":"12,54 €/KG","img":"https://fd1-photos.leclercdrive.fr/image.ashx?id=2906742&use=l&cat=p&typeid=i","cat":284264},{"id":40279,"n":"Jus innocent orange sans pulpe 900ml","p":2.31,"u":"2,57 €/L","img":"https://fd1-photos.leclercdrive.fr/image.ashx?id=2736583&use=l&cat=p&typeid=i","cat":285435},{"id":40303,"n":"Coton Duo Démaquillants Inell Ovale - Aloé véra - Disques x60","p":1.69,"img":"https://fd1-photos.leclercdrive.fr/image.ashx?id=1926957&use=l&cat=p&typeid=i","cat":285593},{"id":40311,"n":"Biscuits cacao P'tit Déli Chocolat noir/blanc - 115g","p":2.0,"u":"17,39 €/KG","img":"https://fd1-photos.leclercdrive.fr/image.ashx?id=2566197&use=l&cat=p&typeid=i","cat":284488},{"id":40318,"n":"Mini cornichons Rustica 210g","p":2.03,"u":"9,67 €/KG","img":"https://fd1-photos.leclercdrive.fr/image.ashx?id=2916704&use=l&cat=p&typeid=i","cat":284458},{"id":40321,"n":"Bonbons Confiseo Menthe Extrême - 250g","p":1.5,"u":"6,00 €/KG","img":"https://fd1-photos.leclercdrive.fr/image.ashx?id=2934712&use=l&cat=p&typeid=i","cat":304252},{"id":40330,"n":"Sablés P'tit Déli Pur beurre framboise - 100g","p":1.18,"u":"11,80 €/KG","img":"https://fd1-photos.leclercdrive.fr/image.ashx?id=2669747&use=l&cat=p&typeid=i","cat":284487},{"id":40332,"n":"Bière aromatisée Desperados 5.9%vol. - 20x25cl","p":18.2,"u":"3,64 €/L","img":"https://fd1-photos.leclercdrive.fr/image.ashx?id=2977300&use=l&cat=p&typeid=i","cat":334878},{"id":40336,"n":"Bière blonde Heineken 12x33cl","p":11.3,"u":"2,85 €/L","img":"https://fd1-photos.leclercdrive.fr/image.ashx?id=3008110&use=l&cat=p&typeid=i","cat":334873},{"id":40342,"n":"Serviette Tena Lady - Maxi Night - x12","p":5.89,"u":"0,49 €/P","img":"https://fd1-photos.leclercdrive.fr/image.ashx?id=2597232&use=l&cat=p&typeid=i","cat":284628},{"id":40369,"n":"Gingembre Tanoshi En fines lamelles - 200g","p":3.89,"u":"19,45 €/KG","img":"https://fd1-photos.leclercdrive.fr/image.ashx?id=2921157&use=l&cat=p&typeid=i","cat":288992},{"id":40412,"n":"Thon entier Petit Navire Huile de tournesol - 160g","p":1.83,"u":"11,44 €/KG","img":"https://fd1-photos.leclercdrive.fr/image.ashx?id=2523846&use=l&cat=p&typeid=i","cat":303867},{"id":40430,"n":"Plat bébé soir Blédiner 8 mois  Patate douce carotte - 2x200g","p":2.21,"u":"5,53 €/KG","img":"https://fd1-photos.leclercdrive.fr/image.ashx?id=2902969&use=l&cat=p&typeid=i","cat":312239},{"id":40490,"n":"Compote Andros Pomme abricot - 8x100g","p":2.54,"u":"3,18 €/KG","img":"https://fd1-photos.leclercdrive.fr/image.ashx?id=2968097&use=l&cat=p&typeid=i","cat":284416},{"id":40491,"n":"Compotes Andros Pomme poire 8x100g","p":2.69,"u":"3,36 €/KG","img":"https://fd1-photos.leclercdrive.fr/image.ashx?id=2883943&use=l&cat=p&typeid=i","cat":284416},{"id":40495,"n":"Gâteau mix max Balconi Cacao 350g","p":1.92,"u":"5,49 €/KG","img":"https://fd1-photos.leclercdrive.fr/image.ashx?id=2878408&use=l&cat=p&typeid=i","cat":284495},{"id":40516,"n":"Compote Douceur du Verger Gourdes multivariétés - 12x90g","p":4.09,"u":"3,79 €/KG","img":"https://fd1-photos.leclercdrive.fr/image.ashx?id=2837048&use=l&cat=p&typeid=i","cat":284508},{"id":40518,"n":"Kit burritos Old El Paso extra doux - 491g","p":4.52,"u":"9,21 €/KG","img":"https://fd1-photos.leclercdrive.fr/image.ashx?id=2759496&use=l&cat=p&typeid=i","cat":288993},{"id":40519,"n":"Kit fajitas Old El Paso extra doux - 478g","p":4.66,"u":"9,75 €/KG","img":"https://fd1-photos.leclercdrive.fr/image.ashx?id=2765405&use=l&cat=p&typeid=i","cat":288993},{"id":40573,"n":"Tablette chocolat Milka Chocolat lait/Noisette - 2x100g","p":3.37,"u":"16,85 €/KG","img":"https://fd1-photos.leclercdrive.fr/image.ashx?id=2832422&use=l&cat=p&typeid=i","cat":284497},{"id":40574,"n":"Tablette chocolat Milka Chocolat lait/Riz - 2x100g","p":3.05,"u":"15,25 €/KG","img":"https://fd1-photos.leclercdrive.fr/image.ashx?id=2400448&use=l&cat=p&typeid=i","cat":284497},{"id":40610,"n":"Pérail Lou Pérac Fromage de brebis - 100g","p":2.04,"u":"20,40 €/KG","img":"https://fd1-photos.leclercdrive.fr/image.ashx?id=2848545&use=l&cat=p&typeid=i","cat":314031},{"id":40612,"n":"Fromage de Brebis Etorki  180g","p":3.39,"u":"18,83 €/KG","img":"https://fd1-photos.leclercdrive.fr/image.ashx?id=2702816&use=l&cat=p&typeid=i","cat":329184},{"id":40620,"n":"Jus innocent  orange sans pulpe 1.5L","p":3.29,"u":"2,19 €/L","img":"https://fd1-photos.leclercdrive.fr/image.ashx?id=2889811&use=l&cat=p&typeid=i","cat":285435},{"id":40625,"n":"AOC Fronton vin rosé Terrasses d'Autan - 75cl","p":2.99,"u":"3,99 €/L","img":"https://fd1-photos.leclercdrive.fr/image.ashx?id=2678797&use=l&cat=p&typeid=i","cat":289558},{"id":40626,"n":"AOC Rosé de Loire vin rosé Les Caractères - 75cl","p":3.69,"u":"4,92 €/L","img":"https://fd1-photos.leclercdrive.fr/image.ashx?id=2756149&use=l&cat=p&typeid=i","cat":289558},{"id":40627,"n":"AOC Rosé d'Anjou vin rosé Les Caractères - 75cl","p":3.89,"u":"5,19 €/L","img":"https://fd1-photos.leclercdrive.fr/image.ashx?id=2756146&use=l&cat=p&typeid=i","cat":289558},{"id":40628,"n":"AOC vin rouge Bergerac Bio Terrasses d'Autan - 75cl","p":3.99,"u":"5,32 €/L","img":"https://fd1-photos.leclercdrive.fr/image.ashx?id=2661960&use=l&cat=p&typeid=i","cat":289556},{"id":40631,"n":"Levure Chimique Alsacienne alsa 8 sachets - 88g","p":0.68,"u":"7,73 €/KG","img":"https://fd1-photos.leclercdrive.fr/image.ashx?id=3009335&use=l&cat=p&typeid=i","cat":294686},{"id":40642,"n":"AOP Faugères Vin rosé Cuvée Anne Sophie - 75cl","p":3.6,"u":"4,80 €/L","img":"https://fd1-photos.leclercdrive.fr/image.ashx?id=1877294&use=l&cat=p&typeid=i","cat":289558},{"id":40649,"n":"Pansement Primoplast Transparents x40","p":0.99,"u":"0,02 €/P","img":"https://fd1-photos.leclercdrive.fr/image.ashx?id=2832957&use=l&cat=p&typeid=i","cat":284630},{"id":40656,"n":"Gel douche Manava Surgras - 500ml","p":1.85,"u":"3,70 €/L","img":"https://fd1-photos.leclercdrive.fr/image.ashx?id=2799239&use=l&cat=p&typeid=i","cat":284594},{"id":40666,"n":"Antiseptique Primoplast Spray - 100ml","p":2.4,"u":"24,00 €/L","img":"https://fd1-photos.leclercdrive.fr/image.ashx?id=2856522&use=l&cat=p&typeid=i","cat":284630},{"id":40676,"n":"Beurre Tendre Président Demi-sel - 80% MG - 250g","p":3.25,"u":"13,00 €/KG","img":"https://fd1-photos.leclercdrive.fr/image.ashx?id=2731420&use=l&cat=p&typeid=i","cat":284379},{"id":40708,"n":"IGP Gard vin rosé Rives & Terrasses 12% vol - BIB 5L","p":13.99,"u":"2,80 €/L","img":"https://fd1-photos.leclercdrive.fr/image.ashx?id=2882325&use=l&cat=p&typeid=i","cat":289560},{"id":40723,"n":"Fromage à tartiner Les Croisés Echalote et Ciboulette - 150g","p":1.66,"u":"11,07 €/KG","img":"https://fd1-photos.leclercdrive.fr/image.ashx?id=2959221&use=l&cat=p&typeid=i","cat":314029},{"id":40736,"n":"Saumon fumé Labeyrie Norvège 2 tranches - 75g","p":4.35,"u":"58,00 €/KG","img":"https://fd1-photos.leclercdrive.fr/image.ashx?id=2729905&use=l&cat=p&typeid=i","cat":285188},{"id":40739,"n":"AOC Savoie vin blanc Antoine Barrier - 75cl","p":6.79,"u":"9,05 €/L","img":"https://fd1-photos.leclercdrive.fr/image.ashx?id=2684829&use=l&cat=p&typeid=i","cat":289557},{"id":40774,"n":"Lingettes nettoyantes La Croix Désinfectant Javel - x 25","p":1.53,"u":"0,06 €/P","img":"https://fd1-photos.leclercdrive.fr/image.ashx?id=2540106&use=l&cat=p&typeid=i","cat":325358},{"id":40786,"n":"Riz au lait Bio Bio Village Vanille - 4x100g","p":1.79,"u":"4,48 €/KG","img":"https://fd1-photos.leclercdrive.fr/image.ashx?id=2992636&use=l&cat=p&typeid=i","cat":284418},{"id":40789,"n":"Yaourts à boire Délisse Fraise - 8x100g","p":1.95,"u":"2,44 €/KG","img":"https://fd1-photos.leclercdrive.fr/image.ashx?id=2762504&use=l&cat=p&typeid=i","cat":284415},{"id":40790,"n":"Yaourt brassé Bio Bio Village Nature - 4x125g","p":1.2,"u":"2,40 €/KG","img":"https://fd1-photos.leclercdrive.fr/image.ashx?id=2064624&use=l&cat=p&typeid=i","cat":284409},{"id":40799,"n":"Cylindre d'échange CO2 Sodastream - à visser - 60L","p":10.9,"img":"https://fd1-photos.leclercdrive.fr/image.ashx?id=2858690&use=l&cat=p&typeid=i","cat":335916},{"id":40870,"n":"Purée de courgettes Florette 2x200g","p":2.49,"u":"6,23 €/KG","img":"https://fd1-photos.leclercdrive.fr/image.ashx?id=2790006&use=l&cat=p&typeid=i","cat":333665},{"id":40872,"n":"Ecrasé de légumes Florette Pomme de terre carottes 2x200g","p":2.91,"u":"7,28 €/KG","img":"https://fd1-photos.leclercdrive.fr/image.ashx?id=2767696&use=l&cat=p&typeid=i","cat":333665},{"id":40873,"n":"Pizza 4 fromages  430g","p":8.95,"u":"20,81 €/KG","img":"https://fd1-photos.leclercdrive.fr/image.ashx?id=2942042&use=l&cat=p&typeid=i","cat":333679},{"id":40904,"n":"Pesto rosso Turini 190g","p":1.68,"u":"8,84 €/KG","img":"https://fd1-photos.leclercdrive.fr/image.ashx?id=2546257&use=l&cat=p&typeid=i","cat":287599},{"id":40908,"n":"Sauce pizza Tomapizza Panzani aux tomates et origan - 390g","p":1.34,"u":"3,44 €/KG","img":"https://fd1-photos.leclercdrive.fr/image.ashx?id=2744626&use=l&cat=p&typeid=i","cat":288384},{"id":40938,"n":"Whisky Dalwhinnie 15 ans 43%vol. - 70cl","p":37.4,"u":"53,43 €/L","img":"https://fd1-photos.leclercdrive.fr/image.ashx?id=2215194&use=l&cat=p&typeid=i","cat":284547},{"id":40941,"n":"Whisky Crangganmore 12 ans Classic malt 40%vol. - 70cl","p":33.25,"u":"47,50 €/L","img":"https://fd1-photos.leclercdrive.fr/image.ashx?id=1992735&use=l&cat=p&typeid=i","cat":284547},{"id":40943,"n":"Whisky Single malt Caol Ila 12ans 43%vol - 70cl","p":37.9,"u":"54,14 €/L","img":"https://fd1-photos.leclercdrive.fr/image.ashx?id=1853499&use=l&cat=p&typeid=i","cat":284547},{"id":40944,"n":"Whisky Singleton Duftown 12 ans - 70cl","p":29.99,"u":"42,84 €/L","img":"https://fd1-photos.leclercdrive.fr/image.ashx?id=2149453&use=l&cat=p&typeid=i","cat":284547},{"id":40949,"n":"Whisky slow matured Knockando Single malt 18ans 43%vol - 70cl","p":41.75,"u":"59,64 €/L","img":"https://fd1-photos.leclercdrive.fr/image.ashx?id=1847776&use=l&cat=p&typeid=i","cat":284547},{"id":40967,"n":"AOP Bourgogne Aligoté vin blanc Antoine Barrier - 75cl","p":6.49,"u":"8,65 €/L","img":"https://fd1-photos.leclercdrive.fr/image.ashx?id=2883011&use=l&cat=p&typeid=i","cat":289557},{"id":40968,"n":"AOP Bordeaux Supérieur rouge Château Labatut Prestige - 75cl","p":5.9,"u":"7,87 €/L","img":"https://fd1-photos.leclercdrive.fr/image.ashx?id=2860973&use=l&cat=p&typeid=i","cat":289556},{"id":40988,"n":"Détachant Ace Délicat Système 8+ 2L","p":4.41,"u":"2,21 €/L","img":"https://fd1-photos.leclercdrive.fr/image.ashx?id=2559152&use=l&cat=p&typeid=i","cat":284651},{"id":41002,"n":"Repas fraicheur pour chat Sheba Volaille en sauce - 6x50g","p":2.49,"u":"8,30 €/KG","img":"https://fd1-photos.leclercdrive.fr/image.ashx?id=2888097&use=l&cat=p&typeid=i","cat":285286},{"id":41004,"n":"Bâtonnets Dentastix Pedigree  Fresh Petit chien x7 - 110g","p":1.82,"u":"16,55 €/KG","img":"https://fd1-photos.leclercdrive.fr/image.ashx?id=2850168&use=l&cat=p&typeid=i","cat":294527},{"id":41006,"n":"Biscuits chien Pedigree Markies fourrés - 500g","p":1.74,"u":"3,48 €/KG","img":"https://fd1-photos.leclercdrive.fr/image.ashx?id=2254319&use=l&cat=p&typeid=i","cat":294527},{"id":41009,"n":"Friandises chat Catisfactions Fromage - 60g","p":1.11,"u":"18,50 €/KG","img":"https://fd1-photos.leclercdrive.fr/image.ashx?id=2912608&use=l&cat=p&typeid=i","cat":285285},{"id":41014,"n":"Boîte chat Whiskas Terrine mer & campagne - 4x400g","p":4.53,"u":"2,83 €/KG","img":"https://fd1-photos.leclercdrive.fr/image.ashx?id=2619983&use=l&cat=p&typeid=i","cat":285601},{"id":41016,"n":"Sachet fraîcheur chat Sheba Poissons en sauce - 4x85g","p":1.99,"u":"5,85 €/KG","img":"https://fd1-photos.leclercdrive.fr/image.ashx?id=2759625&use=l&cat=p&typeid=i","cat":285286},{"id":41018,"n":"Pur jus d'ananas Jafaden Bouteille 1L","p":1.99,"u":"1,99 €/L","img":"https://fd1-photos.leclercdrive.fr/image.ashx?id=2956729&use=l&cat=p&typeid=i","cat":284916},{"id":41019,"n":"Pur jus de raisin Jafaden Bouteille 1L","p":1.54,"u":"1,54 €/L","img":"https://fd1-photos.leclercdrive.fr/image.ashx?id=2860757&use=l&cat=p&typeid=i","cat":284915},{"id":41020,"n":"Pur jus Jafaden Clémentine - 1L","p":1.91,"u":"1,91 €/L","img":"https://fd1-photos.leclercdrive.fr/image.ashx?id=2895786&use=l&cat=p&typeid=i","cat":284915},{"id":41022,"n":"Sachet fraicheur chat Sheba Thon cabillaud en sauce - 6x50g","p":2.49,"u":"8,30 €/KG","img":"https://fd1-photos.leclercdrive.fr/image.ashx?id=2347128&use=l&cat=p&typeid=i","cat":285286},{"id":41063,"n":"Anchois Fumeries Occitanes A la crème d'ail - 200g","p":4.3,"u":"21,50 €/KG","img":"https://fd1-photos.leclercdrive.fr/image.ashx?id=1912736&use=l&cat=p&typeid=i","cat":285190},{"id":41074,"n":"Jambon au torchon Tallec 4 tranches Avec couenne - 220g","p":6.49,"u":"29,50 €/KG","img":"https://fd1-photos.leclercdrive.fr/image.ashx?id=2432118&use=l&cat=p&typeid=i","cat":316009},{"id":41111,"n":"Confiture Les Recettes Cuites 4 agrumes 320g","p":1.96,"u":"6,13 €/KG","img":"https://fd1-photos.leclercdrive.fr/image.ashx?id=1638433&use=l&cat=p&typeid=i","cat":284480},{"id":41112,"n":"Préparation de fruits Cerises noires Lucien Georgelin 320g","p":2.48,"u":"7,75 €/KG","img":"https://fd1-photos.leclercdrive.fr/image.ashx?id=1638547&use=l&cat=p&typeid=i","cat":284480},{"id":41117,"n":"Vinaigre de nettoyage Clair Citron - 750ml","p":1.95,"u":"2,60 €/L","img":"https://fd1-photos.leclercdrive.fr/image.ashx?id=2949188&use=l&cat=p&typeid=i","cat":325365},{"id":41140,"n":"Filets maquereaux Pêche Océan Naturel - 95g","p":1.48,"u":"15,58 €/KG","img":"https://fd1-photos.leclercdrive.fr/image.ashx?id=2515685&use=l&cat=p&typeid=i","cat":303868},{"id":41147,"n":"Bain de bouche Dentamyl Expert Sensitive - 500ml","p":1.89,"u":"3,78 €/L","img":"https://fd1-photos.leclercdrive.fr/image.ashx?id=2594570&use=l&cat=p&typeid=i","cat":284613},{"id":41161,"n":"Olives Apéritives A la provençale - 250g","p":2.66,"u":"10,64 €/KG","img":"https://fd1-photos.leclercdrive.fr/image.ashx?id=2833699&use=l&cat=p&typeid=i","cat":316002},{"id":41162,"n":"Olives Apéritives Cassées à l'ail - 250g","p":2.62,"u":"10,48 €/KG","img":"https://fd1-photos.leclercdrive.fr/image.ashx?id=2833696&use=l&cat=p&typeid=i","cat":316002},{"id":41175,"n":"Confiture Les Recettes Cuites Poire william vanille - 320g","p":2.07,"u":"6,47 €/KG","img":"https://fd1-photos.leclercdrive.fr/image.ashx?id=2015657&use=l&cat=p&typeid=i","cat":284480},{"id":41188,"n":"Captain Morgan Original Spiced Boisson à base de rhum- 70cl","p":12.69,"u":"18,13 €/L","img":"https://fd1-photos.leclercdrive.fr/image.ashx?id=2518403&use=l&cat=p&typeid=i","cat":284551},{"id":41190,"n":"Liqueur de Whisky Jack Daniel's Honey 70cL","p":19.95,"pp":17.95,"u":"25,64 €/L","img":"https://fd1-photos.leclercdrive.fr/image.ashx?id=2973982&use=l&cat=p&typeid=i","cat":286032},{"id":41223,"n":"Chips natures paysannes Bret's Au sel de Guérande 250g","p":2.25,"u":"9,00 €/KG","img":"https://fd1-photos.leclercdrive.fr/image.ashx?id=2217651&use=l&cat=p&typeid=i","cat":284447},{"id":41236,"n":"Beurre gastronomique Président Demi-sel - 80% MG - 250g","p":2.83,"u":"11,32 €/KG","img":"https://fd1-photos.leclercdrive.fr/image.ashx?id=2962257&use=l&cat=p&typeid=i","cat":284379},{"id":41237,"n":"Beurre La Motte Président Doux - 82%mg - 250g","p":3.19,"u":"12,76 €/KG","img":"https://fd1-photos.leclercdrive.fr/image.ashx?id=2896955&use=l&cat=p&typeid=i","cat":284379},{"id":41238,"n":"Beurre La Motte Président Sel de mer - 80% MG - 250g","p":3.19,"u":"12,76 €/KG","img":"https://fd1-photos.leclercdrive.fr/image.ashx?id=2896958&use=l&cat=p&typeid=i","cat":284379},{"id":41265,"n":"Abricots pelés St Mamet Boîte 4/4 475g","p":3.65,"u":"7,68 €/KG","img":"https://fd1-photos.leclercdrive.fr/image.ashx?id=2593896&use=l&cat=p&typeid=i","cat":284507},{"id":41270,"n":"Croquettes chiens Fido Adulte - Boeuf - 3kg","p":6.59,"u":"2,20 €/KG","img":"https://fd1-photos.leclercdrive.fr/image.ashx?id=2973291&use=l&cat=p&typeid=i","cat":284672},{"id":41275,"n":"Croquettes chat Purina One Sterilisé - Poulet - 1,5kg","p":6.72,"u":"4,48 €/KG","img":"https://fd1-photos.leclercdrive.fr/image.ashx?id=2488046&use=l&cat=p&typeid=i","cat":284680},{"id":41282,"n":"Croquettes petit chien Ultima  Jack Russell poulet - 1,5kg","p":6.38,"u":"4,25 €/KG","img":"https://fd1-photos.leclercdrive.fr/image.ashx?id=2918089&use=l&cat=p&typeid=i","cat":294526},{"id":41283,"n":"Sachets pour chats Gourmet Multivariétés - 12x85g","p":5.44,"u":"5,33 €/KG","img":"https://fd1-photos.leclercdrive.fr/image.ashx?id=2902343&use=l&cat=p&typeid=i","cat":285286},{"id":41285,"n":"Croquettes chaton Purina One  Junior -Poulet/Céréales - 1,5kg","p":7.15,"u":"4,77 €/KG","img":"https://fd1-photos.leclercdrive.fr/image.ashx?id=2433563&use=l&cat=p&typeid=i","cat":284680},{"id":41286,"n":"Croquettes chat Purina One  Stérilisé Adulte-Saumon/Blé-3kg","p":13.31,"u":"4,44 €/KG","img":"https://fd1-photos.leclercdrive.fr/image.ashx?id=2488049&use=l&cat=p&typeid=i","cat":284680},{"id":41287,"n":"Croquettes chiens Purina One Minis chiens adultes -  1,5kg","p":5.29,"u":"3,53 €/KG","img":"https://fd1-photos.leclercdrive.fr/image.ashx?id=2899674&use=l&cat=p&typeid=i","cat":294526},{"id":41289,"n":"Croquettes chat Purina One Urinary care - Poulet - 450g","p":2.69,"u":"5,98 €/KG","img":"https://fd1-photos.leclercdrive.fr/image.ashx?id=2459940&use=l&cat=p&typeid=i","cat":284680},{"id":41291,"n":"Croquettes chat Purina One Stérilisé Adulte-Boeuf/blé -3kg","p":12.86,"u":"4,29 €/KG","img":"https://fd1-photos.leclercdrive.fr/image.ashx?id=2488043&use=l&cat=p&typeid=i","cat":284680},{"id":41293,"n":"Sachets repas chats Purina One Stérilisés - Saumon Dinde 4x85g","p":2.05,"u":"6,03 €/KG","img":"https://fd1-photos.leclercdrive.fr/image.ashx?id=2902349&use=l&cat=p&typeid=i","cat":285286},{"id":41337,"n":"Lait céréales Blédidej 9 mois Madeleine - 4x250ml","p":3.49,"u":"3,49 €/L","img":"https://fd1-photos.leclercdrive.fr/image.ashx?id=2921052&use=l&cat=p&typeid=i","cat":312226},{"id":41357,"n":"Steak *** Charal 130g","p":3.75,"u":"28,85 €/KG","img":"https://fd1-photos.leclercdrive.fr/image.ashx?id=1893005&use=l&cat=p&typeid=i","cat":284328},{"id":41366,"n":"Nuggets de poulet Côté Croc Croustillant - 200g","p":1.79,"u":"8,95 €/KG","img":"https://fd1-photos.leclercdrive.fr/image.ashx?id=2462257&use=l&cat=p&typeid=i","cat":333684},{"id":41422,"n":"Fromage à Tartiner St Môret  Nature - 300g","p":3.41,"u":"11,37 €/KG","img":"https://fd1-photos.leclercdrive.fr/image.ashx?id=2755465&use=l&cat=p&typeid=i","cat":314029},{"id":41447,"n":"Fromage fruité bloc Les Croisés 220g","p":2.75,"u":"12,50 €/KG","img":"https://fd1-photos.leclercdrive.fr/image.ashx?id=1961168&use=l&cat=p&typeid=i","cat":314034},{"id":41460,"n":"Pain de mie 100% Mie Harrys Complet sans croûte - 500g","p":1.79,"u":"3,58 €/KG","img":"https://fd1-photos.leclercdrive.fr/image.ashx?id=2731864&use=l&cat=p&typeid=i","cat":284477},{"id":41463,"n":"Autocollants Insectivor Anti-mouches - x4","p":2.54,"u":"0,64 €/P","img":"https://fd1-photos.leclercdrive.fr/image.ashx?id=2606828&use=l&cat=p&typeid=i","cat":298368},{"id":41464,"n":"Purée de tomates Turini Brique 500g","p":0.75,"u":"1,50 €/KG","img":"https://fd1-photos.leclercdrive.fr/image.ashx?id=1686100&use=l&cat=p&typeid=i","cat":288384},{"id":41465,"n":"Cotons Inell Maxi confort x80","p":1.78,"img":"https://fd1-photos.leclercdrive.fr/image.ashx?id=1926969&use=l&cat=p&typeid=i","cat":284636},{"id":41466,"n":"Coton carré bébé Mots d'Enfants Aloe vera x50","p":1.67,"u":"0,03 €/P","img":"https://fd1-photos.leclercdrive.fr/image.ashx?id=3014236&use=l&cat=p&typeid=i","cat":284739},{"id":41467,"n":"Sauce Pesto Tradizioni d'Italia Rosso - 180g","p":1.82,"u":"10,11 €/KG","img":"https://fd1-photos.leclercdrive.fr/image.ashx?id=2840034&use=l&cat=p&typeid=i","cat":287599},{"id":41478,"n":"Mouchoirs blancs 3 plis Univert Boîte mouchoirs en papier -x100","p":1.55,"u":"0,02 €/P","img":"https://fd1-photos.leclercdrive.fr/image.ashx?id=1960038&use=l&cat=p&typeid=i","cat":284638},{"id":41488,"n":"Sachets Insectivor Anti-mites anti-acariens - x24","p":2.89,"u":"0,12 €/P","img":"https://fd1-photos.leclercdrive.fr/image.ashx?id=2930352&use=l&cat=p&typeid=i","cat":298368},{"id":41492,"n":"Tartines croustillantes Wasa Fibres - 230g","p":1.52,"u":"6,61 €/KG","img":"https://fd1-photos.leclercdrive.fr/image.ashx?id=3011854&use=l&cat=p&typeid=i","cat":284479},{"id":41493,"n":"Tartines croustillantes Wasa Authentique - 275g","p":1.46,"u":"5,31 €/KG","img":"https://fd1-photos.leclercdrive.fr/image.ashx?id=3011857&use=l&cat=p&typeid=i","cat":284479},{"id":41517,"n":"Couches bébé Mots d'Enfants T6 Douceur - 16kg+ - x58 changes","p":12.75,"img":"https://fd1-photos.leclercdrive.fr/image.ashx?id=2699483&use=l&cat=p&typeid=i","cat":284737},{"id":41524,"n":"Ossau Iraty AOP Istara Fromage de brebis - 180g","p":3.56,"u":"19,78 €/KG","img":"https://fd1-photos.leclercdrive.fr/image.ashx?id=2766193&use=l&cat=p&typeid=i","cat":329184},{"id":41532,"n":"Gressins Tradizioni d'Italia A la turinoise - 250g","p":2.29,"u":"9,16 €/KG","img":"https://fd1-photos.leclercdrive.fr/image.ashx?id=2743918&use=l&cat=p&typeid=i","cat":297000},{"id":41534,"n":"Déodorant Spray Homme Nivea Men Black&White Original - 200ml","p":2.22,"u":"11,10 €/L","img":"https://fd1-photos.leclercdrive.fr/image.ashx?id=3005218&use=l&cat=p&typeid=i","cat":284618},{"id":41538,"n":"Déodorant Homme Stick Williams Peau Sensible 75ml","p":2.4,"u":"32,00 €/L","img":"https://fd1-photos.leclercdrive.fr/image.ashx?id=2905102&use=l&cat=p&typeid=i","cat":284618},{"id":41551,"n":"Soda Schweppes Saveur Citron - 1,5L","p":1.95,"u":"1,30 €/L","img":"https://fd1-photos.leclercdrive.fr/image.ashx?id=2852417&use=l&cat=p&typeid=i","cat":284532},{"id":41556,"n":"Boisson aux fruits Oasis Orange - 2L","p":2.49,"u":"1,25 €/L","img":"https://fd1-photos.leclercdrive.fr/image.ashx?id=2688653&use=l&cat=p&typeid=i","cat":295018},{"id":41601,"n":"Chips Vico Kettled cooked Sel de mer - 120g","p":1.88,"u":"15,67 €/KG","img":"https://fd1-photos.leclercdrive.fr/image.ashx?id=2801890&use=l&cat=p&typeid=i","cat":284447},{"id":41625,"n":"Tomates Tradizioni d'Italia Séchées à huile d'olive - 270g","p":3.49,"u":"12,93 €/KG","img":"https://fd1-photos.leclercdrive.fr/image.ashx?id=2840037&use=l&cat=p&typeid=i","cat":284458},{"id":41646,"n":"AOC Buzet vin rosé Terrasses d'Autan - 75cl","p":3.95,"u":"5,27 €/L","img":"https://fd1-photos.leclercdrive.fr/image.ashx?id=2893561&use=l&cat=p&typeid=i","cat":289558},{"id":41647,"n":"AOP Alsace Gewurztraminer   vin blanc Rebmann - 75 cl","p":5.99,"u":"7,99 €/L","img":"https://fd1-photos.leclercdrive.fr/image.ashx?id=2836322&use=l&cat=p&typeid=i","cat":289557},{"id":41691,"n":"AOP Cabernet d'Anjou BIO vin  rosé Les Caractères - 75cl","p":4.99,"u":"6,65 €/L","img":"https://fd1-photos.leclercdrive.fr/image.ashx?id=2816484&use=l&cat=p&typeid=i","cat":289558},{"id":41700,"n":"Sauce Tomate Cuisinée Heinz Ail & Oignon - 520g","p":1.37,"u":"2,63 €/KG","img":"https://fd1-photos.leclercdrive.fr/image.ashx?id=2950849&use=l&cat=p&typeid=i","cat":288384},{"id":41781,"n":"Whisky Cardhu Gold reserve 40%vol. - 70cl","p":32.38,"u":"46,26 €/L","img":"https://fd1-photos.leclercdrive.fr/image.ashx?id=2518400&use=l&cat=p&typeid=i","cat":284547},{"id":41782,"n":"Whisky Talisker Skye 45,8%vol. Etui - 70cl","p":33.9,"u":"48,43 €/L","img":"https://fd1-photos.leclercdrive.fr/image.ashx?id=2165887&use=l&cat=p&typeid=i","cat":284547},{"id":41797,"n":"Sauce Barbecue Heinz Classic - 480g","p":1.87,"u":"3,90 €/KG","img":"https://fd1-photos.leclercdrive.fr/image.ashx?id=2928351&use=l&cat=p&typeid=i","cat":318431},{"id":41800,"n":"Mayonnaise Fine & Douce Lesieur 475g","p":2.1,"u":"4,42 €/KG","img":"https://fd1-photos.leclercdrive.fr/image.ashx?id=2918541&use=l&cat=p&typeid=i","cat":298295},{"id":41803,"n":"Asperges vertes d'aucy  21,2cl","p":2.03,"u":"20,30 €/KG","img":"https://fd1-photos.leclercdrive.fr/image.ashx?id=2597723&use=l&cat=p&typeid=i","cat":312611},{"id":41804,"n":"Asperges vertes d'aucy  37cl","p":3.25,"u":"17,57 €/KG","img":"https://fd1-photos.leclercdrive.fr/image.ashx?id=2665901&use=l&cat=p&typeid=i","cat":312611},{"id":41806,"n":"Ketchup nature Amora 850g","p":2.26,"u":"2,66 €/KG","img":"https://fd1-photos.leclercdrive.fr/image.ashx?id=2589690&use=l&cat=p&typeid=i","cat":284455},{"id":41819,"n":"Sauce Andalouse Heinz - 220g","p":1.66,"u":"7,55 €/KG","img":"https://fd1-photos.leclercdrive.fr/image.ashx?id=2973327&use=l&cat=p&typeid=i","cat":318431},{"id":41821,"n":"Pomme dauphine Maison Tino 500g","p":4.5,"u":"9,00 €/KG","img":"https://fd1-photos.leclercdrive.fr/image.ashx?id=1746056&use=l&cat=p&typeid=i","cat":333665},{"id":41823,"n":"Sauce barbecue/miel Amora 282g","p":1.49,"u":"5,28 €/KG","img":"https://fd1-photos.leclercdrive.fr/image.ashx?id=2654188&use=l&cat=p&typeid=i","cat":318431},{"id":41826,"n":"AOC Costières de Nîmes vin rosé Rives & Terrasses - 75cl","p":3.48,"u":"4,64 €/L","img":"https://fd1-photos.leclercdrive.fr/image.ashx?id=1929334&use=l&cat=p&typeid=i","cat":289558},{"id":41827,"n":"Nuggets de Poulet Père Dodu   x20 - 400g - Familial","p":3.92,"u":"9,80 €/KG","img":"https://fd1-photos.leclercdrive.fr/image.ashx?id=2957167&use=l&cat=p&typeid=i","cat":333684},{"id":41828,"n":"AOC Bergerac vin rosé  Terrasses d'Autan - 75cl","p":2.95,"u":"3,93 €/L","img":"https://fd1-photos.leclercdrive.fr/image.ashx?id=2865068&use=l&cat=p&typeid=i","cat":289558},{"id":41829,"n":"AOP Bordeaux vin rosé  Chantet Blanet - 75cl","p":2.99,"u":"3,99 €/L","img":"https://fd1-photos.leclercdrive.fr/image.ashx?id=2869492&use=l&cat=p&typeid=i","cat":289558},{"id":41831,"n":"AOC Bordeaux Sauvignon vin  blanc Chantet Blanet - 75cl","p":3.95,"u":"5,27 €/L","img":"https://fd1-photos.leclercdrive.fr/image.ashx?id=2934957&use=l&cat=p&typeid=i","cat":289557},{"id":41832,"n":"Saucisse Strasbourg Stoeffler Cuites et fumées 6x40g","p":2.07,"u":"8,63 €/KG","img":"https://fd1-photos.leclercdrive.fr/image.ashx?id=2767534&use=l&cat=p&typeid=i","cat":316012},{"id":41834,"n":"AOC Bandol vin rosé Terres Ocrées - 75cl","p":7.49,"u":"9,99 €/L","img":"https://fd1-photos.leclercdrive.fr/image.ashx?id=2900151&use=l&cat=p&typeid=i","cat":289558},{"id":41835,"n":"AOC Bourgueil vin rouge Les Caractères - 75cl","p":4.49,"u":"5,99 €/L","img":"https://fd1-photos.leclercdrive.fr/image.ashx?id=2942789&use=l&cat=p&typeid=i","cat":289556},{"id":41836,"n":"AOP Bergerac vin rouge Terrasses d'Autan - 75cl","p":2.99,"u":"3,99 €/L","img":"https://fd1-photos.leclercdrive.fr/image.ashx?id=2709695&use=l&cat=p&typeid=i","cat":289556},{"id":41838,"n":"AOP Alsace Sylvaner  vin blanc Rebmann - 75 cl","p":4.49,"u":"5,99 €/L","img":"https://fd1-photos.leclercdrive.fr/image.ashx?id=2717355&use=l&cat=p&typeid=i","cat":289557},{"id":41839,"n":"AOC Côtes du Rhône vin rouge Grégoire XI - 37,5 cl","p":2.39,"u":"6,37 €/L","img":"https://fd1-photos.leclercdrive.fr/image.ashx?id=2714986&use=l&cat=p&typeid=i","cat":289556},{"id":41840,"n":"AOC Costières de Nîmes vin rouge Rives & Terrasses - 75cl","p":2.99,"u":"3,99 €/L","img":"https://fd1-photos.leclercdrive.fr/image.ashx?id=2845143&use=l&cat=p&typeid=i","cat":289556},{"id":41841,"n":"AOP Bordeaux vin rouge Chantet Blanet - 75cl","p":2.89,"u":"3,85 €/L","img":"https://fd1-photos.leclercdrive.fr/image.ashx?id=2741285&use=l&cat=p&typeid=i","cat":289556},{"id":41842,"n":"AOC Buzet vin rouge Terrasses d'Autan - 37,5cl","p":2.83,"u":"7,55 €/L","img":"https://fd1-photos.leclercdrive.fr/image.ashx?id=2242826&use=l&cat=p&typeid=i","cat":289556},{"id":41844,"n":"AOC Côtes du Rhône Villages vin rouge Plan de Diey - 75cl","p":4.99,"u":"6,65 €/L","img":"https://fd1-photos.leclercdrive.fr/image.ashx?id=2742620&use=l&cat=p&typeid=i","cat":289556},{"id":41845,"n":"Génoise fourrée Kinder Pingui Lait et cacao x8 - 240g","p":2.24,"u":"9,33 €/KG","img":"https://fd1-photos.leclercdrive.fr/image.ashx?id=2855352&use=l&cat=p&typeid=i","cat":284420},{"id":41847,"n":"AOC Cairanne vin rouge Rives & Terrasses - 75cl","p":5.71,"u":"7,61 €/L","img":"https://fd1-photos.leclercdrive.fr/image.ashx?id=2983808&use=l&cat=p&typeid=i","cat":289556},{"id":41852,"n":"Sauce pomme frite Amora 260g","p":1.68,"u":"6,46 €/KG","img":"https://fd1-photos.leclercdrive.fr/image.ashx?id=2957776&use=l&cat=p&typeid=i","cat":318431},{"id":41858,"n":"Yaourt SMARTIES Fraise bonbons chocolat 4x120g","p":2.13,"u":"4,44 €/KG","img":"https://fd1-photos.leclercdrive.fr/image.ashx?id=2890046&use=l&cat=p&typeid=i","cat":284414},{"id":41860,"n":"AOC Côtes de Provence vin rosé Prestige Terres Ocrées - 75cl","p":6.49,"u":"8,65 €/L","img":"https://fd1-photos.leclercdrive.fr/image.ashx?id=2925704&use=l&cat=p&typeid=i","cat":289558},{"id":41861,"n":"AOC Luberon Rosé Rives & Terrasses - 75cl","p":3.49,"u":"4,65 €/L","img":"https://fd1-photos.leclercdrive.fr/image.ashx?id=2709680&use=l&cat=p&typeid=i","cat":289558},{"id":41862,"n":"Compotes Andros 6 Pommes  et 6 pommes fraises - 12x100g","p":4.17,"u":"3,48 €/KG","img":"https://fd1-photos.leclercdrive.fr/image.ashx?id=2988318&use=l&cat=p&typeid=i","cat":284416},{"id":41865,"n":"AOC Coteaux Varois en Provence vin rosé Terres Ocrées - 75cl","p":4.49,"u":"5,99 €/L","img":"https://fd1-photos.leclercdrive.fr/image.ashx?id=2750141&use=l&cat=p&typeid=i","cat":289558},{"id":41867,"n":"AOC Côtes de Provence vin rosé Terres Ocrées - 37,5cl","p":2.99,"u":"7,97 €/L","img":"https://fd1-photos.leclercdrive.fr/image.ashx?id=2891782&use=l&cat=p&typeid=i","cat":289558},{"id":41868,"n":"Bûche de chèvre Soignon 400g","p":4.25,"u":"10,63 €/KG","img":"https://fd1-photos.leclercdrive.fr/image.ashx?id=2840988&use=l&cat=p&typeid=i","cat":314031},{"id":41869,"n":"AOC Gros Plant du Pays nantais vin blanc Les Caractères - 75cl","p":3.67,"u":"4,89 €/L","img":"https://fd1-photos.leclercdrive.fr/image.ashx?id=2705086&use=l&cat=p&typeid=i","cat":289557},{"id":41871,"n":"AOC Côtes du Roussillon vin  rouge Prieur Barsanne - 75cl","p":2.95,"u":"3,93 €/L","img":"https://fd1-photos.leclercdrive.fr/image.ashx?id=2713177&use=l&cat=p&typeid=i","cat":289556},{"id":41874,"n":"AOC Muscadet Sèvre et Maine sur Lie Les Caractères - 37,5cl","p":3.29,"u":"8,77 €/L","img":"https://fd1-photos.leclercdrive.fr/image.ashx?id=2958038&use=l&cat=p&typeid=i","cat":289557},{"id":41876,"n":"AOP Tavel vin rosé Rives & Terrasses - 75cl","p":6.85,"u":"9,13 €/L","img":"https://fd1-photos.leclercdrive.fr/image.ashx?id=2890015&use=l&cat=p&typeid=i","cat":289558},{"id":41878,"n":"Bière aromatisée Desquiles Red 5,9%vol. - 50cl","p":1.49,"u":"2,98 €/L","img":"https://fd1-photos.leclercdrive.fr/image.ashx?id=2664809&use=l&cat=p&typeid=i","cat":334853},{"id":41880,"n":"AOC Graves vin rouge Chantet Blanet - 75cl","p":4.75,"u":"6,33 €/L","img":"https://fd1-photos.leclercdrive.fr/image.ashx?id=2721361&use=l&cat=p&typeid=i","cat":289556},{"id":41881,"n":"AOC Gaillac vin rouge Terrasses d'Autan - 75cl","p":2.99,"u":"3,99 €/L","img":"https://fd1-photos.leclercdrive.fr/image.ashx?id=2751901&use=l&cat=p&typeid=i","cat":289556},{"id":41882,"n":"AOC Fronton vin rouge Terrasses d'Autan - 75cl","p":2.99,"u":"3,99 €/L","img":"https://fd1-photos.leclercdrive.fr/image.ashx?id=2716006&use=l&cat=p&typeid=i","cat":289556},{"id":41903,"n":"Jus de pomme Jafaden A base de concentré - 2L","p":1.85,"u":"0,93 €/L","img":"https://fd1-photos.leclercdrive.fr/image.ashx?id=2470240&use=l&cat=p&typeid=i","cat":284522},{"id":41912,"n":"Sirop fraise de Plougastel NRT 70cl","p":3.2,"u":"4,57 €/L","img":"https://fd1-photos.leclercdrive.fr/image.ashx?id=2590481&use=l&cat=p&typeid=i","cat":295020},{"id":41914,"n":"Crème hydratante Inell Visage-corps 200ml","p":2.07,"u":"10,35 €/L","img":"https://fd1-photos.leclercdrive.fr/image.ashx?id=1903869&use=l&cat=p&typeid=i","cat":325345},{"id":41915,"n":"AOP Morgon vin rouge Antoine Barrier - 75cl","p":6.99,"u":"9,32 €/L","img":"https://fd1-photos.leclercdrive.fr/image.ashx?id=2919640&use=l&cat=p&typeid=i","cat":289556},{"id":41917,"n":"AOC Ventoux vin rouge Rives & Terrasses - 75cl","p":2.99,"u":"3,99 €/L","img":"https://fd1-photos.leclercdrive.fr/image.ashx?id=2712300&use=l&cat=p&typeid=i","cat":289556},{"id":41920,"n":"Patch pureté Inell x6","p":2.4,"u":"0,40 €/P","img":"https://fd1-photos.leclercdrive.fr/image.ashx?id=2657727&use=l&cat=p&typeid=i","cat":284603},{"id":41922,"n":"Vin d'Union Européenne rosé Adrien Champaud - 75 cl","p":1.85,"u":"2,47 €/L","img":"https://fd1-photos.leclercdrive.fr/image.ashx?id=2955728&use=l&cat=p&typeid=i","cat":289558},{"id":41923,"n":"Vin d'Union Européenne rosé Adrien Champaud 11% vol BIB 5L","p":8.49,"u":"1,70 €/L","img":"https://fd1-photos.leclercdrive.fr/image.ashx?id=2959707&use=l&cat=p&typeid=i","cat":289560},{"id":41924,"n":"Vin d'Union Européenne rouge Adrien Champaud 12% vol BIB 5L","p":8.49,"u":"1,70 €/L","img":"https://fd1-photos.leclercdrive.fr/image.ashx?id=2959710&use=l&cat=p&typeid=i","cat":289560},{"id":41925,"n":"Vin d'Union Européenne rouge Adrien Champaud - BIB 10L","p":16.99,"u":"1,70 €/L","img":"https://fd1-photos.leclercdrive.fr/image.ashx?id=2959719&use=l&cat=p&typeid=i","cat":289560},{"id":41942,"n":"Bière Extreme 8.6 Canette - 10.5%vol. - 50cl","p":1.5,"pp":1.05,"u":"2,10 €/L","img":"https://fd1-photos.leclercdrive.fr/image.ashx?id=1883597&use=l&cat=p&typeid=i","cat":334853},{"id":41990,"n":"Steaks Hachés Limousin Charal Pur Bœuf 12%MG - 8x125g - 1kg","p":15.23,"u":"15,23 €/KG","img":"https://fd1-photos.leclercdrive.fr/image.ashx?id=2974626&use=l&cat=p&typeid=i","cat":319778},{"id":42043,"n":"IGP Fleur de sel Le Guérandais Sachet - 250g","p":3.83,"u":"15,32 €/KG","img":"https://fd1-photos.leclercdrive.fr/image.ashx?id=2457884&use=l&cat=p&typeid=i","cat":284457},{"id":42044,"n":"Noix de cajou Maître Prunille Sans sel, grillé, sachet 200g","p":4.25,"u":"21,25 €/KG","img":"https://fd1-photos.leclercdrive.fr/image.ashx?id=1750478&use=l&cat=p&typeid=i","cat":284357},{"id":42045,"n":"Amande grillée Maître Prunille Décortiquée sans sel 250g","p":4.0,"u":"16,00 €/KG","img":"https://fd1-photos.leclercdrive.fr/image.ashx?id=1750481&use=l&cat=p&typeid=i","cat":284448},{"id":42046,"n":"Pruneaux d'Agen Maître Prunille IGP Dénoyautés - 500g","p":5.06,"u":"10,12 €/KG","img":"https://fd1-photos.leclercdrive.fr/image.ashx?id=2016029&use=l&cat=p&typeid=i","cat":284357},{"id":42057,"n":"Asperges blanches d'aucy  21,2cl","p":2.09,"u":"19,00 €/KG","img":"https://fd1-photos.leclercdrive.fr/image.ashx?id=2597720&use=l&cat=p&typeid=i","cat":312611},{"id":42060,"n":"IGP Pays d'Oc Syrah vin rosé Vieux Carion 12% vol - BIB 3L","p":7.99,"u":"2,66 €/L","img":"https://fd1-photos.leclercdrive.fr/image.ashx?id=2900343&use=l&cat=p&typeid=i","cat":289560},{"id":42063,"n":"Madeleines Saint Michel Oeufs de poule plein air - 500g","p":2.0,"u":"4,00 €/KG","img":"https://fd1-photos.leclercdrive.fr/image.ashx?id=2936191&use=l&cat=p&typeid=i","cat":284492},{"id":42067,"n":"Biscuits p'tit déjeuner BN Chocolat - 200g","p":1.74,"u":"8,70 €/KG","img":"https://fd1-photos.leclercdrive.fr/image.ashx?id=2603468&use=l&cat=p&typeid=i","cat":284491},{"id":42071,"n":"Pizza Tartiflette  500g","p":8.95,"u":"17,90 €/KG","img":"https://fd1-photos.leclercdrive.fr/image.ashx?id=2369693&use=l&cat=p&typeid=i","cat":333679},{"id":42117,"n":"Céréales muesli Bjorg Bio Sans sucre ajoutés - 375g","p":1.88,"u":"5,01 €/KG","img":"https://fd1-photos.leclercdrive.fr/image.ashx?id=2906163&use=l&cat=p&typeid=i","cat":309512},{"id":42123,"n":"Jus de pruneaux Gayelord Hauser - 75cl","p":2.89,"u":"3,85 €/L","img":"https://fd1-photos.leclercdrive.fr/image.ashx?id=2962482&use=l&cat=p&typeid=i","cat":284915},{"id":42131,"n":"Huile vierge de colza Cauvin 75cl","p":5.25,"u":"7,00 €/L","img":"https://fd1-photos.leclercdrive.fr/image.ashx?id=2498347&use=l&cat=p&typeid=i","cat":284453},{"id":42140,"n":"Sirop La Maison Guiot Grenadine - 70cl","p":3.06,"u":"4,37 €/L","img":"https://fd1-photos.leclercdrive.fr/image.ashx?id=2857195&use=l&cat=p&typeid=i","cat":295020},{"id":42188,"n":"Fromage fouetté Madame Loïk Échalote Ciboulette - 275g","p":2.91,"u":"10,58 €/KG","img":"https://fd1-photos.leclercdrive.fr/image.ashx?id=2774616&use=l&cat=p&typeid=i","cat":314029},{"id":42218,"n":"Bloc WC Bref Power  Activ'Océan toilettes - 50g x1","p":1.33,"u":"26,60 €/KG","img":"https://fd1-photos.leclercdrive.fr/image.ashx?id=2789802&use=l&cat=p&typeid=i","cat":284662},{"id":42227,"n":"Saucisses épicées x5 Hénaff - 277g","p":5.12,"u":"18,48 €/KG","img":"https://fd1-photos.leclercdrive.fr/image.ashx?id=2795177&use=l&cat=p&typeid=i","cat":284334},{"id":42230,"n":"Saucisses Henaff x5 Aux oignons - 277g","p":5.1,"u":"18,41 €/KG","img":"https://fd1-photos.leclercdrive.fr/image.ashx?id=2795168&use=l&cat=p&typeid=i","cat":284334},{"id":42251,"n":"Biscuit apéritif Too Good PDT/tomates/herbes - 85g","p":1.9,"u":"22,35 €/KG","img":"https://fd1-photos.leclercdrive.fr/image.ashx?id=2995130&use=l&cat=p&typeid=i","cat":297000},{"id":42252,"n":"Biscuit apéritif Too Good PDT barbecue - 85g","p":1.94,"u":"22,82 €/KG","img":"https://fd1-photos.leclercdrive.fr/image.ashx?id=2995127&use=l&cat=p&typeid=i","cat":297000},{"id":42254,"n":"Biscuit apéritif Too Good PDT-sel et poivre - 85g","p":1.94,"u":"22,82 €/KG","img":"https://fd1-photos.leclercdrive.fr/image.ashx?id=2894830&use=l&cat=p&typeid=i","cat":297000},{"id":42289,"n":"Huile pimentée pizza Cauvin A l'huile d'olive - 25cl","p":2.57,"u":"10,28 €/L","img":"https://fd1-photos.leclercdrive.fr/image.ashx?id=2539857&use=l&cat=p&typeid=i","cat":284453},{"id":42290,"n":"Huile de colza Eco + 1L","p":1.46,"u":"1,46 €/L","img":"https://fd1-photos.leclercdrive.fr/image.ashx?id=3002503&use=l&cat=p&typeid=i","cat":284453},{"id":42295,"n":"Vinaigrette bi-phase Rustica Vin rouge/échalote - 50cl","p":2.49,"u":"4,98 €/L","img":"https://fd1-photos.leclercdrive.fr/image.ashx?id=2142190&use=l&cat=p&typeid=i","cat":284456},{"id":42297,"n":"Sauce caesar Rustica 50cl","p":2.59,"u":"5,18 €/L","img":"https://fd1-photos.leclercdrive.fr/image.ashx?id=1972928&use=l&cat=p&typeid=i","cat":284456},{"id":42298,"n":"Boisson végétale Bio Village Avoine bio - 1l","p":1.39,"u":"1,39 €/L","img":"https://fd1-photos.leclercdrive.fr/image.ashx?id=2739538&use=l&cat=p&typeid=i","cat":316067},{"id":42325,"n":"Spray Nettoyant Menager Cif  Antibacterien - 750 ml","p":2.11,"u":"2,81 €/L","img":"https://fd1-photos.leclercdrive.fr/image.ashx?id=2813540&use=l&cat=p&typeid=i","cat":325357},{"id":42331,"n":"Saucisses Knacki Herta Poulet x10 - 350g","p":1.55,"u":"4,43 €/KG","img":"https://fd1-photos.leclercdrive.fr/image.ashx?id=2290431&use=l&cat=p&typeid=i","cat":316012},{"id":42341,"n":"Compotes Pom'Potes Gourdes  Multivariétés Inédits - 12x90g","p":5.53,"u":"5,12 €/KG","img":"https://fd1-photos.leclercdrive.fr/image.ashx?id=2864309&use=l&cat=p&typeid=i","cat":284508},{"id":42347,"n":"Pansements enfants Primoplast x20","p":0.69,"u":"0,03 €/P","img":"https://fd1-photos.leclercdrive.fr/image.ashx?id=2958062&use=l&cat=p&typeid=i","cat":284630},{"id":42428,"n":"Pains au chocolat Pasquier x8 - 360g","p":2.23,"u":"6,19 €/KG","img":"https://fd1-photos.leclercdrive.fr/image.ashx?id=2863446&use=l&cat=p&typeid=i","cat":296366},{"id":42433,"n":"Olives Noires Confites Tramier  Dénoyautées 250g","p":2.92,"u":"11,68 €/KG","img":"https://fd1-photos.leclercdrive.fr/image.ashx?id=2840820&use=l&cat=p&typeid=i","cat":284458},{"id":42448,"n":"Capsules Nescafé Dolce Gusto  Ricoré Latte - x16","p":4.88,"u":"29,05 €/KG","img":"https://fd1-photos.leclercdrive.fr/image.ashx?id=2818085&use=l&cat=p&typeid=i","cat":293239},{"id":42449,"n":"Antipasto tomate séchée Sacla 280g","p":2.74,"u":"9,79 €/KG","img":"https://fd1-photos.leclercdrive.fr/image.ashx?id=2290482&use=l&cat=p&typeid=i","cat":284458},{"id":42452,"n":"Moutarde douce Amora Flacon souple - 260g","p":1.87,"u":"7,19 €/KG","img":"https://fd1-photos.leclercdrive.fr/image.ashx?id=3005401&use=l&cat=p&typeid=i","cat":288850},{"id":42508,"n":"Cookies Nestlé Dessert Pépites de chocolat - 351g","p":3.49,"u":"9,94 €/KG","img":"https://fd1-photos.leclercdrive.fr/image.ashx?id=2848382&use=l&cat=p&typeid=i","cat":284505},{"id":42516,"n":"Préparation Francine Pâte à pizza - 520g","p":1.49,"u":"2,87 €/KG","img":"https://fd1-photos.leclercdrive.fr/image.ashx?id=2989123&use=l&cat=p&typeid=i","cat":284503},{"id":42560,"n":"Jus innocent ananas passion 900ml","p":2.46,"u":"2,73 €/L","img":"https://fd1-photos.leclercdrive.fr/image.ashx?id=2861740&use=l&cat=p&typeid=i","cat":285435},{"id":42563,"n":"Boisson végétale lait d'amande bio bjorg sans sucre - 1l","p":1.71,"u":"1,71 €/L","img":"https://fd1-photos.leclercdrive.fr/image.ashx?id=2939415&use=l&cat=p&typeid=i","cat":316067},{"id":42565,"n":"Vinaigre blanc d'alcool Eco +  - 1,5L","p":0.6,"u":"0,40 €/L","img":"https://fd1-photos.leclercdrive.fr/image.ashx?id=2954049&use=l&cat=p&typeid=i","cat":298543},{"id":42566,"n":"Céréales fourrées bio Bio Village - Tout choco - 375g","p":3.85,"u":"10,27 €/KG","img":"https://fd1-photos.leclercdrive.fr/image.ashx?id=2722402&use=l&cat=p&typeid=i","cat":309513},{"id":42567,"n":"Pâte à tartiner Bio Jardin Bio - 750g","p":6.57,"u":"8,76 €/KG","img":"https://fd1-photos.leclercdrive.fr/image.ashx?id=2918925&use=l&cat=p&typeid=i","cat":284481},{"id":42569,"n":"Double concentré Bio Jardin Bio Tomate - 140g","p":0.78,"u":"5,57 €/KG","img":"https://fd1-photos.leclercdrive.fr/image.ashx?id=2944867&use=l&cat=p&typeid=i","cat":288384},{"id":42574,"n":"Café moulu Bio Ethiquable  100% arabica Honduras - 250g","p":4.3,"u":"17,20 €/KG","img":"https://fd1-photos.leclercdrive.fr/image.ashx?id=2876815&use=l&cat=p&typeid=i","cat":284750},{"id":42624,"n":"Pâtes coudes rayés Panzani 1kg","p":1.95,"u":"1,95 €/KG","img":"https://fd1-photos.leclercdrive.fr/image.ashx?id=2876029&use=l&cat=p&typeid=i","cat":284427},{"id":42628,"n":"Chips Bret's Fromage du Jura - 125g","p":1.1,"u":"8,80 €/KG","img":"https://fd1-photos.leclercdrive.fr/image.ashx?id=1916976&use=l&cat=p&typeid=i","cat":284447},{"id":42655,"n":"Huile merveilleuse Garnier Huile d'argan & camélia - 150ml","p":6.23,"u":"41,53 €/L","img":"https://fd1-photos.leclercdrive.fr/image.ashx?id=2661730&use=l&cat=p&typeid=i","cat":284608},{"id":42665,"n":"Gel shampooing douche Fa Men Extreme cool flacon - 250ml","p":1.42,"u":"5,68 €/L","img":"https://fd1-photos.leclercdrive.fr/image.ashx?id=2995094&use=l&cat=p&typeid=i","cat":284621},{"id":42680,"n":"Gorgonzola AOP Tradizioni d'Italia - 200g","p":3.37,"u":"16,85 €/KG","img":"https://fd1-photos.leclercdrive.fr/image.ashx?id=794147&use=l&cat=p&typeid=i","cat":314032},{"id":42682,"n":"Parmigiano Tradizioni d'Italia Reggiano AOP 30 mois - 200g","p":5.99,"u":"29,95 €/KG","img":"https://fd1-photos.leclercdrive.fr/image.ashx?id=2661963&use=l&cat=p&typeid=i","cat":314034},{"id":42703,"n":"P'tit Basque Istara Fromage de brebis - 220g","p":5.14,"u":"23,36 €/KG","img":"https://fd1-photos.leclercdrive.fr/image.ashx?id=2759876&use=l&cat=p&typeid=i","cat":329184},{"id":42747,"n":"Whisky blend the Famous grouse 40%vol. - 1L","p":22.0,"pp":16.5,"u":"16,50 €/L","img":"https://fd1-photos.leclercdrive.fr/image.ashx?id=2958878&use=l&cat=p&typeid=i","cat":284547},{"id":42759,"n":"Copeaux Parmigiano Reggiano AOP Les Croisés - 80g","p":1.9,"u":"23,75 €/KG","img":"https://fd1-photos.leclercdrive.fr/image.ashx?id=2935504&use=l&cat=p&typeid=i","cat":314035},{"id":42761,"n":"Tranchette de gouda Les Croisés Au cumin - 16,8% MG - 200g","p":2.99,"u":"14,95 €/KG","img":"https://fd1-photos.leclercdrive.fr/image.ashx?id=2051383&use=l&cat=p&typeid=i","cat":314028},{"id":42789,"n":"Cheddar Les Croisés 32% MG Tranchettes - 200g","p":2.64,"u":"13,20 €/KG","img":"https://fd1-photos.leclercdrive.fr/image.ashx?id=2796064&use=l&cat=p&typeid=i","cat":314028},{"id":42799,"n":"Miel liquide Bio Squeezer Bio village - 250g","p":2.95,"u":"11,80 €/KG","img":"https://fd1-photos.leclercdrive.fr/image.ashx?id=2348268&use=l&cat=p&typeid=i","cat":287643},{"id":42809,"n":"Berlingots de javel Clair Eucalyptus - 3x250ml","p":1.3,"u":"1,73 €/L","img":"https://fd1-photos.leclercdrive.fr/image.ashx?id=2949194&use=l&cat=p&typeid=i","cat":284661},{"id":42826,"n":"Nettoyant vitre cristal Clair 750 ml","p":1.75,"u":"2,33 €/L","img":"https://fd1-photos.leclercdrive.fr/image.ashx?id=1647715&use=l&cat=p&typeid=i","cat":325363},{"id":42846,"n":"Cacahuètes Menguy's Grillées et salées - 800g","p":5.5,"u":"6,88 €/KG","img":"https://fd1-photos.leclercdrive.fr/image.ashx?id=2979800&use=l&cat=p&typeid=i","cat":284448},{"id":42858,"n":"Eau gazeuse Vichy Célestins - 6x50cl","p":2.94,"u":"0,98 €/L","img":"https://fd1-photos.leclercdrive.fr/image.ashx?id=2991933&use=l&cat=p&typeid=i","cat":284536},{"id":42872,"n":"Jus innocent pomme framboise 900ml","p":2.39,"u":"2,66 €/L","img":"https://fd1-photos.leclercdrive.fr/image.ashx?id=2862877&use=l&cat=p&typeid=i","cat":285435},{"id":42873,"n":"Jus innocent orange carotte 900ml","p":2.38,"u":"2,64 €/L","img":"https://fd1-photos.leclercdrive.fr/image.ashx?id=2892217&use=l&cat=p&typeid=i","cat":285435},{"id":42874,"n":"Jus innocent poire pêche 900ml","p":2.56,"u":"2,84 €/L","img":"https://fd1-photos.leclercdrive.fr/image.ashx?id=2893000&use=l&cat=p&typeid=i","cat":285435},{"id":42876,"n":"Jus innocent pomme mangue 900ml","p":2.43,"u":"2,70 €/L","img":"https://fd1-photos.leclercdrive.fr/image.ashx?id=2892220&use=l&cat=p&typeid=i","cat":285435},{"id":42877,"n":"Jus innocent orange kiwi 900ml","p":2.35,"u":"2,61 €/L","img":"https://fd1-photos.leclercdrive.fr/image.ashx?id=2891226&use=l&cat=p&typeid=i","cat":285435},{"id":42938,"n":"Soupe instantanée Royco  Bouillon de Volailles 3x200ml","p":1.2,"u":"37,50 €/KG","img":"https://fd1-photos.leclercdrive.fr/image.ashx?id=2651423&use=l&cat=p&typeid=i","cat":293527},{"id":42964,"n":"Os à mâcher Lydog Fourrés boeuf - 2x100g","p":2.3,"u":"11,50 €/KG","img":"https://fd1-photos.leclercdrive.fr/image.ashx?id=1947283&use=l&cat=p&typeid=i","cat":294527},{"id":42965,"n":"Pepites de chocolat au lait Tablier Blanc - 100g","p":2.03,"u":"20,30 €/KG","img":"https://fd1-photos.leclercdrive.fr/image.ashx?id=2723141&use=l&cat=p&typeid=i","cat":284504},{"id":42967,"n":"Haricots verts Notre Jardin Extra fins vapeur - 225g","p":1.6,"u":"7,11 €/KG","img":"https://fd1-photos.leclercdrive.fr/image.ashx?id=2988087&use=l&cat=p&typeid=i","cat":312606},{"id":42969,"n":"Petits pois doux Notre Jardin Vapeur - 265g","p":1.29,"u":"4,87 €/KG","img":"https://fd1-photos.leclercdrive.fr/image.ashx?id=3002611&use=l&cat=p&typeid=i","cat":312607},{"id":42974,"n":"Haricots rouges Notre Jardin A la mexicaine - 800g","p":2.42,"u":"3,03 €/KG","img":"https://fd1-photos.leclercdrive.fr/image.ashx?id=3002614&use=l&cat=p&typeid=i","cat":312612},{"id":42980,"n":"Goûter fourré Bio Village Bio Chocolat noir - 185g","p":2.03,"u":"10,97 €/KG","img":"https://fd1-photos.leclercdrive.fr/image.ashx?id=2704502&use=l&cat=p&typeid=i","cat":284488},{"id":42981,"n":"Goûter fourré Bio Village Bio - Chocolat au lait - 185g","p":2.06,"u":"11,14 €/KG","img":"https://fd1-photos.leclercdrive.fr/image.ashx?id=2704505&use=l&cat=p&typeid=i","cat":284488},{"id":42992,"n":"Tortillas chips Tokapi Fromage - 150g","p":0.99,"u":"6,60 €/KG","img":"https://fd1-photos.leclercdrive.fr/image.ashx?id=2647961&use=l&cat=p&typeid=i","cat":287899},{"id":43009,"n":"Biscuits fourrés P'tit Deli Noisette - 225g","p":1.38,"u":"6,13 €/KG","img":"https://fd1-photos.leclercdrive.fr/image.ashx?id=2861419&use=l&cat=p&typeid=i","cat":284488},{"id":43010,"n":"Biscuit roulé P'tit Deli Cacao/vanille - 154g","p":0.88,"u":"5,71 €/KG","img":"https://fd1-photos.leclercdrive.fr/image.ashx?id=2124110&use=l&cat=p&typeid=i","cat":284488},{"id":43016,"n":"Asperges blanches moyennes Notre Jardin - 205g","p":1.99,"u":"9,71 €/KG","img":"https://fd1-photos.leclercdrive.fr/image.ashx?id=2049058&use=l&cat=p&typeid=i","cat":312611},{"id":43017,"n":"Betterave en Dés Notre Jardin 265g","p":1.02,"u":"3,85 €/KG","img":"https://fd1-photos.leclercdrive.fr/image.ashx?id=1993203&use=l&cat=p&typeid=i","cat":312611},{"id":43019,"n":"Biscuits animaux P'tit Déli Nappés chocolat lait - 225g","p":1.64,"u":"7,29 €/KG","img":"https://fd1-photos.leclercdrive.fr/image.ashx?id=2529602&use=l&cat=p&typeid=i","cat":284488},{"id":43049,"n":"Steak haché charolais Férial  15%mg x4 - 400g","p":6.39,"u":"15,98 €/KG","img":"https://fd1-photos.leclercdrive.fr/image.ashx?id=2823762&use=l&cat=p&typeid=i","cat":319778},{"id":43197,"n":"Tartine Grilletine de Pasquier Briochées - x18 - 242g","p":1.84,"u":"7,60 €/KG","img":"https://fd1-photos.leclercdrive.fr/image.ashx?id=2333054&use=l&cat=p&typeid=i","cat":284479},{"id":43218,"n":"Pains au lait Pasquier x20 - 700g","p":2.74,"u":"3,91 €/KG","img":"https://fd1-photos.leclercdrive.fr/image.ashx?id=2609315&use=l&cat=p&typeid=i","cat":293505},{"id":43237,"n":"Lotion démaquillante Inell Douceur yeux - 150ml","p":1.6,"u":"10,67 €/L","img":"https://fd1-photos.leclercdrive.fr/image.ashx?id=1993197&use=l&cat=p&typeid=i","cat":284603},{"id":43247,"n":"Tuiles apéritives Tokapi Poulet braisé - 170g","p":1.55,"u":"9,12 €/KG","img":"https://fd1-photos.leclercdrive.fr/image.ashx?id=2815752&use=l&cat=p&typeid=i","cat":287899},{"id":43287,"n":"Dentifrice Dentamyl Blancheur extrême - 75ml","p":0.95,"u":"12,67 €/L","img":"https://fd1-photos.leclercdrive.fr/image.ashx?id=2613837&use=l&cat=p&typeid=i","cat":284612},{"id":43292,"n":"Gel peau nette Inell Imperfection - 200ml","p":1.3,"u":"6,50 €/L","img":"https://fd1-photos.leclercdrive.fr/image.ashx?id=2078353&use=l&cat=p&typeid=i","cat":284603},{"id":43293,"n":"Lotion nettoyante Inell 200ml","p":3.29,"u":"16,45 €/L","img":"https://fd1-photos.leclercdrive.fr/image.ashx?id=798208&use=l&cat=p&typeid=i","cat":284603},{"id":43303,"n":"Panna Cotta Fruits rouges Rians 2x120g","p":2.09,"u":"8,71 €/KG","img":"https://fd1-photos.leclercdrive.fr/image.ashx?id=2555412&use=l&cat=p&typeid=i","cat":284419},{"id":43304,"n":"Semoule au lait La Laitière Nature - 4x115g","p":1.84,"u":"4,00 €/KG","img":"https://fd1-photos.leclercdrive.fr/image.ashx?id=2686543&use=l&cat=p&typeid=i","cat":284418},{"id":43308,"n":"Dessert fruits mixés Sojasun Citron - 4x100g","p":1.55,"u":"3,88 €/KG","img":"https://fd1-photos.leclercdrive.fr/image.ashx?id=2355674&use=l&cat=p&typeid=i","cat":316071},{"id":43309,"n":"Dessert végétal Sojasun  Chocolat - 6x100g","p":2.72,"u":"4,53 €/KG","img":"https://fd1-photos.leclercdrive.fr/image.ashx?id=2355692&use=l&cat=p&typeid=i","cat":316071},{"id":43310,"n":"Dessert végétal Sojasun Vanille - 6x100g","p":2.72,"u":"4,53 €/KG","img":"https://fd1-photos.leclercdrive.fr/image.ashx?id=2355695&use=l&cat=p&typeid=i","cat":316071},{"id":43330,"n":"Crème dessert chocolat Danette Pop billes magix - 4x120g","p":2.42,"u":"5,04 €/KG","img":"https://fd1-photos.leclercdrive.fr/image.ashx?id=2935717&use=l&cat=p&typeid=i","cat":285041},{"id":43341,"n":"Thon mariné Petit Navire Basilic - 110g","p":1.92,"u":"17,45 €/KG","img":"https://fd1-photos.leclercdrive.fr/image.ashx?id=2542965&use=l&cat=p&typeid=i","cat":303867},{"id":43349,"n":"Laurier feuille entière Ducros 17g","p":1.39,"u":"81,76 €/KG","img":"https://fd1-photos.leclercdrive.fr/image.ashx?id=2486566&use=l&cat=p&typeid=i","cat":298297},{"id":43350,"n":"Coriandre en feuilles Ducros 7g","p":1.13,"u":"161,43 €/KG","img":"https://fd1-photos.leclercdrive.fr/image.ashx?id=2486584&use=l&cat=p&typeid=i","cat":298297},{"id":43369,"n":"Boisson végétale avoine Bio  Bjorg- 1L","p":1.75,"u":"1,75 €/L","img":"https://fd1-photos.leclercdrive.fr/image.ashx?id=2939430&use=l&cat=p&typeid=i","cat":316067},{"id":43371,"n":"AOC Saint-Nicolas-de-Bourgueil vin rouge Les Caractères - 75cl","p":4.89,"u":"6,52 €/L","img":"https://fd1-photos.leclercdrive.fr/image.ashx?id=2894734&use=l&cat=p&typeid=i","cat":289556},{"id":43372,"n":"AOP Saumur-Champigny vin rouge Les Caractères - 75cl","p":4.99,"u":"6,65 €/L","img":"https://fd1-photos.leclercdrive.fr/image.ashx?id=2979343&use=l&cat=p&typeid=i","cat":289556},{"id":43373,"n":"AOP Vin rouge  Alsace Pinot noir - 75 cl","p":5.99,"u":"7,99 €/L","img":"https://fd1-photos.leclercdrive.fr/image.ashx?id=2709698&use=l&cat=p&typeid=i","cat":289556},{"id":43374,"n":"AOC Bordeaux BIO vin rouge Chantet Blanet - 75cl","p":4.75,"u":"6,33 €/L","img":"https://fd1-photos.leclercdrive.fr/image.ashx?id=2750174&use=l&cat=p&typeid=i","cat":289556},{"id":43381,"n":"Dessert liégeois Viennois  Chocolat - 12x100g","p":3.93,"u":"3,28 €/KG","img":"https://fd1-photos.leclercdrive.fr/image.ashx?id=2875987&use=l&cat=p&typeid=i","cat":285042},{"id":43394,"n":"Spaghetti  Tradizioni d'Italia n°118  Pasta di Gragnano 500g","p":1.52,"u":"3,04 €/KG","img":"https://fd1-photos.leclercdrive.fr/image.ashx?id=2657301&use=l&cat=p&typeid=i","cat":284427},{"id":43398,"n":"Fusilli Tradizioni d'Italia N°140 - 500g","p":1.52,"u":"3,04 €/KG","img":"https://fd1-photos.leclercdrive.fr/image.ashx?id=2657307&use=l&cat=p&typeid=i","cat":284427},{"id":43403,"n":"Orechiette Tradizioni d'Italia N°292 - 500g","p":1.69,"u":"3,38 €/KG","img":"https://fd1-photos.leclercdrive.fr/image.ashx?id=2699507&use=l&cat=p&typeid=i","cat":284427},{"id":43407,"n":"Glace à l'eau Smicy Star  Framboise Orange Citron x8 480g","p":2.59,"u":"5,40 €/KG","img":"https://fd1-photos.leclercdrive.fr/image.ashx?id=2954884&use=l&cat=p&typeid=i","cat":285250},{"id":43408,"n":"AOP Chinon vin rouge Les Caractères - 75cl","p":4.95,"u":"6,60 €/L","img":"https://fd1-photos.leclercdrive.fr/image.ashx?id=2968634&use=l&cat=p&typeid=i","cat":289556},{"id":43409,"n":"AOP Côtes de Bergerac moelleux Terrasses d'Autan - 75cl","p":3.7,"u":"4,93 €/L","img":"https://fd1-photos.leclercdrive.fr/image.ashx?id=2929873&use=l&cat=p&typeid=i","cat":289557},{"id":43410,"n":"AOC Corbières vin rouge Prieur Barsanne - 75cl","p":3.58,"u":"4,77 €/L","img":"https://fd1-photos.leclercdrive.fr/image.ashx?id=2718472&use=l&cat=p&typeid=i","cat":289556},{"id":43417,"n":"IGP Pays d'Oc blanc Roche Mazet Chardonnay 12.5% vol - 75cl","p":3.0,"pp":2.25,"u":"3,00 €/L","img":"https://fd1-photos.leclercdrive.fr/image.ashx?id=2991945&use=l&cat=p&typeid=i","cat":289557},{"id":43514,"n":"Limonade Bouteille - 1.5L","p":1.25,"u":"0,83 €/L","img":"https://fd1-photos.leclercdrive.fr/image.ashx?id=2558553&use=l&cat=p&typeid=i","cat":284531},{"id":43546,"n":"Truite Les éleveurs de Bretagne Fumée 4 tranches - 100g","p":4.76,"u":"47,60 €/KG","img":"https://fd1-photos.leclercdrive.fr/image.ashx?id=800521&use=l&cat=p&typeid=i","cat":285188},{"id":43602,"n":"Jus d'orange Jafaden Avec pulpe - 1.5L","p":3.39,"u":"2,26 €/L","img":"https://fd1-photos.leclercdrive.fr/image.ashx?id=2723144&use=l&cat=p&typeid=i","cat":285435},{"id":43604,"n":"Jus d'orange Jafaden Sans pulpe - 1.5L","p":3.13,"u":"2,09 €/L","img":"https://fd1-photos.leclercdrive.fr/image.ashx?id=2723147&use=l&cat=p&typeid=i","cat":285435},{"id":43605,"n":"Jus de clémentine Jafaden  1.5L","p":2.99,"u":"1,99 €/L","img":"https://fd1-photos.leclercdrive.fr/image.ashx?id=2723150&use=l&cat=p&typeid=i","cat":285435},{"id":43617,"n":"Poivre gris moulu Ducros Classique - 36g","p":1.25,"u":"34,72 €/KG","img":"https://fd1-photos.leclercdrive.fr/image.ashx?id=2559475&use=l&cat=p&typeid=i","cat":284457},{"id":43618,"n":"Flocons d'avoine Quaker Oats 550g","p":1.73,"u":"3,15 €/KG","img":"https://fd1-photos.leclercdrive.fr/image.ashx?id=2140656&use=l&cat=p&typeid=i","cat":309512},{"id":43619,"n":"AOC Blaye Côtes de Bordeaux vin rouge Chantet Blanet - 75cl","p":3.8,"u":"5,07 €/L","img":"https://fd1-photos.leclercdrive.fr/image.ashx?id=2727395&use=l&cat=p&typeid=i","cat":289556},{"id":43621,"n":"Liquide vaisselle Uni vert Ecologique PSS 500ml","p":1.15,"u":"2,30 €/L","img":"https://fd1-photos.leclercdrive.fr/image.ashx?id=2999508&use=l&cat=p&typeid=i","cat":284655},{"id":43623,"n":"AOC Bordeaux vin rouge Chantet Blanet - 37,5cl","p":1.99,"u":"5,31 €/L","img":"https://fd1-photos.leclercdrive.fr/image.ashx?id=2718611&use=l&cat=p&typeid=i","cat":289556},{"id":43625,"n":"AOC Saint-Chinian vin rouge Prieur Barsanne - 75cl","p":3.36,"u":"4,48 €/L","img":"https://fd1-photos.leclercdrive.fr/image.ashx?id=2940914&use=l&cat=p&typeid=i","cat":289556},{"id":43626,"n":"AOC Faugères vin rouge Prieur Barsanne - 75cl","p":3.84,"u":"5,12 €/L","img":"https://fd1-photos.leclercdrive.fr/image.ashx?id=2921408&use=l&cat=p&typeid=i","cat":289556},{"id":43669,"n":"AOC Puisseguin Saint-Émilion vin rouge Chantet Blanet - 75cl","p":6.49,"u":"8,65 €/L","img":"https://fd1-photos.leclercdrive.fr/image.ashx?id=2783431&use=l&cat=p&typeid=i","cat":289556},{"id":43670,"n":"AOC Juliénas vin rouge Antoine Barrier - 75cl","p":6.99,"u":"9,32 €/L","img":"https://fd1-photos.leclercdrive.fr/image.ashx?id=2723368&use=l&cat=p&typeid=i","cat":289556},{"id":43696,"n":"AOC Côtes du Marmandais vin rouge Terrasses d'Autan - 75cl","p":2.99,"u":"3,99 €/L","img":"https://fd1-photos.leclercdrive.fr/image.ashx?id=2750150&use=l&cat=p&typeid=i","cat":289556},{"id":43697,"n":"AOP Côtes de Bourg vin rouge Chantet Blanet - 75cl","p":3.85,"u":"5,13 €/L","img":"https://fd1-photos.leclercdrive.fr/image.ashx?id=2728255&use=l&cat=p&typeid=i","cat":289556},{"id":43707,"n":"Laque Ultra-Forte L'Oréal Paris Thermoprotecteur - 150ml","p":4.44,"u":"29,60 €/L","img":"https://fd1-photos.leclercdrive.fr/image.ashx?id=2582237&use=l&cat=p&typeid=i","cat":284609},{"id":43718,"n":"Croquettes chat Whiskas Stérilisé saumon - 1,75kg","p":4.99,"u":"2,85 €/KG","img":"https://fd1-photos.leclercdrive.fr/image.ashx?id=2915597&use=l&cat=p&typeid=i","cat":284680},{"id":43719,"n":"Croquettes chat Whiskas Stérilisé poulet - 1.75kg","p":5.05,"u":"2,89 €/KG","img":"https://fd1-photos.leclercdrive.fr/image.ashx?id=2952872&use=l&cat=p&typeid=i","cat":284680},{"id":43729,"n":"Collant Well Mon indispensable Opaque noir - T1/2","p":5.35,"img":"https://fd1-photos.leclercdrive.fr/image.ashx?id=2056509&use=l&cat=p&typeid=i","cat":334130},{"id":43758,"n":"AOP Brouilly vin rouge Antoine Barrier - 75cl","p":6.79,"u":"9,05 €/L","img":"https://fd1-photos.leclercdrive.fr/image.ashx?id=3004552&use=l&cat=p&typeid=i","cat":289556},{"id":43760,"n":"Biscuits fourrés Prince Vanille - 300g","p":1.48,"u":"4,93 €/KG","img":"https://fd1-photos.leclercdrive.fr/image.ashx?id=2907695&use=l&cat=p&typeid=i","cat":284488},{"id":43769,"n":"Préservatifs Skyn Manix Original - x10","p":6.49,"img":"https://fd1-photos.leclercdrive.fr/image.ashx?id=2928810&use=l&cat=p&typeid=i","cat":284631},{"id":43771,"n":"Spray démelant  200ml","p":2.55,"u":"12,75 €/L","img":"https://fd1-photos.leclercdrive.fr/image.ashx?id=2712986&use=l&cat=p&typeid=i","cat":284608},{"id":43780,"n":"AOC Anjou vin rouge Les Caractères - 75cl","p":4.29,"u":"5,72 €/L","img":"https://fd1-photos.leclercdrive.fr/image.ashx?id=2922935&use=l&cat=p&typeid=i","cat":289556},{"id":43781,"n":"Céréales Extra Kellogg's Chocolat Noir Noisettes - 800g","p":4.85,"u":"6,06 €/KG","img":"https://fd1-photos.leclercdrive.fr/image.ashx?id=2775026&use=l&cat=p&typeid=i","cat":309512},{"id":43818,"n":"Pralines Raffaello Noix de coco amandes x30 - 300g","p":9.77,"u":"32,57 €/KG","img":"https://fd1-photos.leclercdrive.fr/image.ashx?id=2922197&use=l&cat=p&typeid=i","cat":327595},{"id":43844,"n":"Friandises chats Tous mes amis Sticks au Poulet - 3x5g - 15g","p":0.56,"u":"37,33 €/KG","img":"https://fd1-photos.leclercdrive.fr/image.ashx?id=2858986&use=l&cat=p&typeid=i","cat":285285},{"id":43845,"n":"Friandises chats Tous mes amis Sticks au Saumon  - 3x5g - 15g","p":0.56,"u":"37,33 €/KG","img":"https://fd1-photos.leclercdrive.fr/image.ashx?id=2858989&use=l&cat=p&typeid=i","cat":285285},{"id":43895,"n":"AOC Ventoux vin rosé Rives & Terrasses - 75cl","p":2.99,"u":"3,99 €/L","img":"https://fd1-photos.leclercdrive.fr/image.ashx?id=2869489&use=l&cat=p&typeid=i","cat":289558},{"id":43901,"n":"Filet de poulet blanc 600g","p":7.09,"u":"11,82 €/KG","img":"https://fd1-photos.leclercdrive.fr/image.ashx?id=1747403&use=l&cat=p&typeid=i","cat":284336},{"id":43902,"n":"Aiguillettes poulet blanc 500g","p":6.19,"u":"12,38 €/KG","img":"https://fd1-photos.leclercdrive.fr/image.ashx?id=1747406&use=l&cat=p&typeid=i","cat":284336},{"id":43924,"n":"AOP Vin blanc italien  Prosecco Vilaveroni 75cl","p":7.26,"u":"9,68 €/L","img":"https://fd1-photos.leclercdrive.fr/image.ashx?id=2492351&use=l&cat=p&typeid=i","cat":289461},{"id":43930,"n":"Vin mousseux blanc Festillant Sans alcool - 75cl","p":3.49,"u":"4,65 €/L","img":"https://fd1-photos.leclercdrive.fr/image.ashx?id=2980899&use=l&cat=p&typeid=i","cat":289460},{"id":43933,"n":"Vin pétillant d'Allemagne Festillant Sans alcool - 75cl","p":3.58,"u":"4,77 €/L","img":"https://fd1-photos.leclercdrive.fr/image.ashx?id=2910115&use=l&cat=p&typeid=i","cat":289460},{"id":43943,"n":"Champagne Cordon rouge Mumm Millésime - 75cl","p":37.95,"pp":34.95,"u":"46,60 €/L","img":"https://fd1-photos.leclercdrive.fr/image.ashx?id=2953758&use=l&cat=p&typeid=i","cat":284542},{"id":43964,"n":"Mini bûches Eskiss Fruits - x6 - 333g","p":2.29,"u":"6,88 €/KG","img":"https://fd1-photos.leclercdrive.fr/image.ashx?id=2791317&use=l&cat=p&typeid=i","cat":284266},{"id":44010,"n":"Soda Breizh Cola Bouteille - 1,5L","p":1.95,"u":"1,30 €/L","img":"https://fd1-photos.leclercdrive.fr/image.ashx?id=2458670&use=l&cat=p&typeid=i","cat":284530},{"id":44011,"n":"Soda Breizh Cola Bouteille - 6x1,5L","p":11.64,"u":"1,29 €/L","img":"https://fd1-photos.leclercdrive.fr/image.ashx?id=1654086&use=l&cat=p&typeid=i","cat":284530},{"id":44081,"n":"Eau aromatisée Volvic Juicy Fraise - 1,5L","p":1.36,"u":"0,91 €/L","img":"https://fd1-photos.leclercdrive.fr/image.ashx?id=2964664&use=l&cat=p&typeid=i","cat":284537},{"id":44082,"n":"Eau aromatisée Volvic juicy Fruits exotiques - 1,5L","p":1.36,"u":"0,91 €/L","img":"https://fd1-photos.leclercdrive.fr/image.ashx?id=2964667&use=l&cat=p&typeid=i","cat":284537},{"id":44083,"n":"Eau gazeuse  Badoit verte finement pétillante - 6x1l","p":3.65,"u":"0,61 €/L","img":"https://fd1-photos.leclercdrive.fr/image.ashx?id=2919259&use=l&cat=p&typeid=i","cat":284536},{"id":44090,"n":"AOP Monbazillac vin blanc Moelleux Terrasses d'Autan-75cl","p":5.94,"u":"7,92 €/L","img":"https://fd1-photos.leclercdrive.fr/image.ashx?id=2756873&use=l&cat=p&typeid=i","cat":289557},{"id":44091,"n":"AOC Côtes du Rhône Villages vin rouge Rives & Terrasses - 75cl","p":3.89,"u":"5,19 €/L","img":"https://fd1-photos.leclercdrive.fr/image.ashx?id=2967570&use=l&cat=p&typeid=i","cat":289556},{"id":44092,"n":"AOC Lalande-de-Pomerol vin rouge Chantet Blanet - 75cl","p":7.95,"u":"10,60 €/L","img":"https://fd1-photos.leclercdrive.fr/image.ashx?id=2942792&use=l&cat=p&typeid=i","cat":289556},{"id":44093,"n":"AOC Haut-Médoc vin rouge Chantet Blanet - 75cl","p":4.99,"u":"6,65 €/L","img":"https://fd1-photos.leclercdrive.fr/image.ashx?id=2824283&use=l&cat=p&typeid=i","cat":289556},{"id":44094,"n":"Bière blonde Leffe 6,6% - 50cl canette","p":1.54,"u":"3,08 €/L","img":"https://fd1-photos.leclercdrive.fr/image.ashx?id=2948417&use=l&cat=p&typeid=i","cat":334853},{"id":44095,"n":"Bière blonde Leffe 6,6% - 75cl","p":2.46,"u":"3,28 €/L","img":"https://fd1-photos.leclercdrive.fr/image.ashx?id=1720789&use=l&cat=p&typeid=i","cat":334852},{"id":44096,"n":"Fond pour rotis 110g","p":2.16,"u":"19,64 €/KG","img":"https://fd1-photos.leclercdrive.fr/image.ashx?id=2970453&use=l&cat=p&typeid=i","cat":288379},{"id":44097,"n":"Quinoa 500g","p":2.84,"u":"5,68 €/KG","img":"https://fd1-photos.leclercdrive.fr/image.ashx?id=3012845&use=l&cat=p&typeid=i","cat":284429},{"id":44166,"n":"Vinaigre de Riz Tanoshi Flacon 150ml","p":3.21,"u":"21,40 €/L","img":"https://fd1-photos.leclercdrive.fr/image.ashx?id=2907982&use=l&cat=p&typeid=i","cat":288992},{"id":44168,"n":"Guacamole en pot 300g","p":1.75,"u":"5,83 €/KG","img":"https://fd1-photos.leclercdrive.fr/image.ashx?id=2466072&use=l&cat=p&typeid=i","cat":288993},{"id":44170,"n":"Assaisonnement pour Fajitas Mélange d'épices - 30g","p":1.06,"u":"35,33 €/KG","img":"https://fd1-photos.leclercdrive.fr/image.ashx?id=2477565&use=l&cat=p&typeid=i","cat":288993},{"id":44171,"n":"6 wraps de blé nature 370g","p":1.99,"u":"5,38 €/KG","img":"https://fd1-photos.leclercdrive.fr/image.ashx?id=2679741&use=l&cat=p&typeid=i","cat":288993},{"id":44174,"n":"Après-shampooing doux Nateis Cheveux secs - 250ml","p":1.35,"u":"5,40 €/KG","img":"https://fd1-photos.leclercdrive.fr/image.ashx?id=2626811&use=l&cat=p&typeid=i","cat":284607},{"id":44175,"n":"Masque nourrisant Natéïs Cheuveux secs et frisés - 300ml","p":2.63,"u":"8,77 €/L","img":"https://fd1-photos.leclercdrive.fr/image.ashx?id=1875848&use=l&cat=p&typeid=i","cat":284608},{"id":44179,"n":"Sachets détachants Texil Anti-transferts - x12","p":4.44,"u":"0,37 €/P","img":"https://fd1-photos.leclercdrive.fr/image.ashx?id=2958741&use=l&cat=p&typeid=i","cat":284651},{"id":44181,"n":"Poivrons grillés Florelli Antipasti - 280g","p":2.87,"u":"10,25 €/KG","img":"https://fd1-photos.leclercdrive.fr/image.ashx?id=2633091&use=l&cat=p&typeid=i","cat":289010},{"id":44183,"n":"Tortillas Old El Paso de blé nature x8 - 326g","p":2.35,"u":"7,21 €/KG","img":"https://fd1-photos.leclercdrive.fr/image.ashx?id=2737642&use=l&cat=p&typeid=i","cat":288993},{"id":44184,"n":"Kit fajitas Old El Paso Original doux - 500g","p":4.85,"u":"9,70 €/KG","img":"https://fd1-photos.leclercdrive.fr/image.ashx?id=2940576&use=l&cat=p&typeid=i","cat":288993},{"id":44185,"n":"Kit Burritos Old El Paso Original paprika doux - 510g","p":4.37,"u":"8,57 €/KG","img":"https://fd1-photos.leclercdrive.fr/image.ashx?id=2940579&use=l&cat=p&typeid=i","cat":288993},{"id":44186,"n":"Kit Enchiladas Old El Paso au four doux - 657g","p":4.88,"u":"7,43 €/KG","img":"https://fd1-photos.leclercdrive.fr/image.ashx?id=2759502&use=l&cat=p&typeid=i","cat":288993},{"id":44195,"n":"Détachant avant lavage K2R  Action complète pistolet -750ml","p":3.21,"u":"4,28 €/L","img":"https://fd1-photos.leclercdrive.fr/image.ashx?id=2101180&use=l&cat=p&typeid=i","cat":284651},{"id":44197,"n":"Couches Activ+ Mots d'Enfants T4 : 7/18kg - x39 changes","p":12.89,"u":"0,33 €/P","img":"https://fd1-photos.leclercdrive.fr/image.ashx?id=2699489&use=l&cat=p&typeid=i","cat":284737},{"id":44278,"n":"Ravioli bolognaise Panzani - 400g","p":2.36,"u":"5,90 €/KG","img":"https://fd1-photos.leclercdrive.fr/image.ashx?id=2876059&use=l&cat=p&typeid=i","cat":284442},{"id":44279,"n":"Fromage apéritif Apericube Panier de campagne 24 cubes","p":2.37,"u":"18,96 €/KG","img":"https://fd1-photos.leclercdrive.fr/image.ashx?id=2882656&use=l&cat=p&typeid=i","cat":314027},{"id":44285,"n":"Thon cuisiné Saupiquet  sauce catalane 1/6 2x135g","p":2.19,"u":"8,11 €/KG","img":"https://fd1-photos.leclercdrive.fr/image.ashx?id=2731549&use=l&cat=p&typeid=i","cat":303867},{"id":44293,"n":"Emmental râpé  Entremont  français 160g","p":1.81,"u":"11,31 €/KG","img":"https://fd1-photos.leclercdrive.fr/image.ashx?id=2983153&use=l&cat=p&typeid=i","cat":314035},{"id":44298,"n":"L'Ortolan familial  Fromagerie Milleret-  330g","p":2.98,"u":"9,03 €/KG","img":"https://fd1-photos.leclercdrive.fr/image.ashx?id=2226400&use=l&cat=p&typeid=i","cat":314033},{"id":44299,"n":"Fromage à Tartiner Tartare  Ail et fines herbes - 250g","p":2.8,"u":"11,20 €/KG","img":"https://fd1-photos.leclercdrive.fr/image.ashx?id=2903170&use=l&cat=p&typeid=i","cat":314029},{"id":44300,"n":"Mini bûches de chèvre Soignon x6 - 150g","p":2.59,"u":"17,27 €/KG","img":"https://fd1-photos.leclercdrive.fr/image.ashx?id=2646560&use=l&cat=p&typeid=i","cat":314030},{"id":44307,"n":"Fromage Tomme noire NRT IGP  des Pyrénées - 200g","p":2.45,"u":"12,25 €/KG","img":"https://fd1-photos.leclercdrive.fr/image.ashx?id=2849596&use=l&cat=p&typeid=i","cat":329184},{"id":44326,"n":"Cidre fermier brut Henriot 4.5%vol. - 75cl","p":2.99,"u":"3,99 €/L","img":"https://fd1-photos.leclercdrive.fr/image.ashx?id=2461929&use=l&cat=p&typeid=i","cat":334880},{"id":44327,"n":"Vin Union Européenne rosé Le Tonnelier - BIB 5L","p":8.95,"u":"1,79 €/L","img":"https://fd1-photos.leclercdrive.fr/image.ashx?id=2107474&use=l&cat=p&typeid=i","cat":289560},{"id":44330,"n":"IGP Pays d'Oc blanc Roche Mazet Chardonnay 12% vol BIB 3L","p":11.17,"u":"3,72 €/L","img":"https://fd1-photos.leclercdrive.fr/image.ashx?id=2597130&use=l&cat=p&typeid=i","cat":289557},{"id":44340,"n":"Cire cheveux Taft Effet mat tenue forte - 75ml","p":3.26,"u":"43,47 €/L","img":"https://fd1-photos.leclercdrive.fr/image.ashx?id=2410937&use=l&cat=p&typeid=i","cat":284609},{"id":44342,"n":"Eau de cologne Bien Etre  Verveine, Romarin - 250ml","p":4.36,"u":"17,44 €/L","img":"https://fd1-photos.leclercdrive.fr/image.ashx?id=2353668&use=l&cat=p&typeid=i","cat":291525},{"id":44351,"n":"Margarine Le Fleurier  1/2sel - 250g","p":2.36,"u":"9,44 €/KG","img":"https://fd1-photos.leclercdrive.fr/image.ashx?id=2734069&use=l&cat=p&typeid=i","cat":315229},{"id":44355,"n":"Sandwich Baguette Mega Viennois  Sodebo Poulet Œuf - 270g","p":1.7,"u":"6,30 €/KG","img":"https://fd1-photos.leclercdrive.fr/image.ashx?id=2732392&use=l&cat=p&typeid=i","cat":333658},{"id":44357,"n":"Sauce Hollandaise Gastromer Gastronomie de la mer - 200g","p":1.47,"u":"7,35 €/KG","img":"https://fd1-photos.leclercdrive.fr/image.ashx?id=2504659&use=l&cat=p&typeid=i","cat":284382},{"id":44361,"n":"Chocolat Pâtissier Nestlé Dessert : Noir - 205g","p":3.01,"u":"14,68 €/KG","img":"https://fd1-photos.leclercdrive.fr/image.ashx?id=2938920&use=l&cat=p&typeid=i","cat":285562},{"id":44364,"n":"Bonbon Alpin Fresh Ricola Sans sucres - 50g","p":1.56,"u":"31,20 €/KG","img":"https://fd1-photos.leclercdrive.fr/image.ashx?id=2387831&use=l&cat=p&typeid=i","cat":304256},{"id":44395,"n":"Beurre Les Eleveurs de Bretagne Demi-sel Extra fin -80% MG 250g","p":2.6,"u":"10,40 €/KG","img":"https://fd1-photos.leclercdrive.fr/image.ashx?id=2127832&use=l&cat=p&typeid=i","cat":284379},{"id":44416,"n":"AOP Cheverny Vin blanc Domaine du Salvard - 75cl","p":8.3,"u":"11,07 €/L","img":"https://fd1-photos.leclercdrive.fr/image.ashx?id=2108018&use=l&cat=p&typeid=i","cat":289557},{"id":44423,"n":"IGP Côtes de Gascogne blanc Domus UBY 11,5% vol - 75cl","p":4.7,"u":"6,27 €/L","img":"https://fd1-photos.leclercdrive.fr/image.ashx?id=2108915&use=l&cat=p&typeid=i","cat":289557},{"id":44432,"n":"AOP Vouvray Greffe excellence Blanc brut - 75cl","p":6.9,"u":"9,20 €/L","img":"https://fd1-photos.leclercdrive.fr/image.ashx?id=2899410&use=l&cat=p&typeid=i","cat":289557},{"id":44434,"n":"Nectar Bio Pressade Multifruits - 1,5L","p":2.26,"u":"1,51 €/L","img":"https://fd1-photos.leclercdrive.fr/image.ashx?id=2732533&use=l&cat=p&typeid=i","cat":284917},{"id":44437,"n":"AOC Buzet vin rouge Terrasses d'Autan - 75cl","p":3.95,"u":"5,27 €/L","img":"https://fd1-photos.leclercdrive.fr/image.ashx?id=2776567&use=l&cat=p&typeid=i","cat":289556},{"id":44445,"n":"Wraps Old El Paso de blé nature x6 - 350g","p":2.32,"u":"6,63 €/KG","img":"https://fd1-photos.leclercdrive.fr/image.ashx?id=2737645&use=l&cat=p&typeid=i","cat":288993},{"id":44501,"n":"Mirogolo (4 à 16 joueurs) Jeu de société - Dès 7 ans","p":15.7,"img":"https://fd1-photos.leclercdrive.fr/image.ashx?id=1723796&use=l&cat=p&typeid=i","cat":334378},{"id":44504,"n":"Réveille pas papa Dès 4 ans - 2 à 4 joueurs","p":18.5,"u":"Dont 0,10 € d'éco-part.","img":"https://fd1-photos.leclercdrive.fr/image.ashx?id=1723793&use=l&cat=p&typeid=i","cat":334378},{"id":44510,"n":"Mille Bornes + plateau Dès 5 ans - 2 à 8 joueurs","p":24.55,"img":"https://fd1-photos.leclercdrive.fr/image.ashx?id=2359225&use=l&cat=p&typeid=i","cat":334378},{"id":44512,"n":"Poupon Cicciobello - Bobo Dès 3 ans","p":68.9,"u":"Dont 0,13 € d'éco-part.","img":"https://fd1-photos.leclercdrive.fr/image.ashx?id=2609079&use=l&cat=p&typeid=i","cat":334379},{"id":44517,"n":"Croque Carotte Dès 4 ans","p":19.5,"img":"https://fd1-photos.leclercdrive.fr/image.ashx?id=2937667&use=l&cat=p&typeid=i","cat":334378},{"id":44567,"n":"Oeufs de Nos Régions Plein air Oméga 3 - x6","p":1.52,"u":"0,25 €/P","img":"https://fd1-photos.leclercdrive.fr/image.ashx?id=2670959&use=l&cat=p&typeid=i","cat":284378},{"id":44568,"n":"Oeufs frais De Nos Régions  Oméga 3 - Plein Air - x12","p":2.88,"u":"0,24 €/P","img":"https://fd1-photos.leclercdrive.fr/image.ashx?id=2969785&use=l&cat=p&typeid=i","cat":284378},{"id":44572,"n":"AOC Bordeaux Supérieur vin rouge Chantet Blanet - 75cl","p":3.49,"u":"4,65 €/L","img":"https://fd1-photos.leclercdrive.fr/image.ashx?id=3010590&use=l&cat=p&typeid=i","cat":289556},{"id":44576,"n":"Dégivrant -25°C TECH9 400ml","p":2.65,"u":"6,63 €/L","img":"https://fd1-photos.leclercdrive.fr/image.ashx?id=1543909&use=l&cat=p&typeid=i","cat":298252},{"id":44578,"n":"Madeleines Saint Michel Pépites chocolat 400g","p":1.98,"u":"4,95 €/KG","img":"https://fd1-photos.leclercdrive.fr/image.ashx?id=2936200&use=l&cat=p&typeid=i","cat":284492},{"id":44657,"n":"Bière blonde Leffe Rituel 9% - 12x25cl","p":10.05,"u":"3,35 €/L","img":"https://fd1-photos.leclercdrive.fr/image.ashx?id=2548288&use=l&cat=p&typeid=i","cat":334852},{"id":44706,"n":"Palets bretons P'tit Déli 2x125g","p":1.84,"u":"7,36 €/KG","img":"https://fd1-photos.leclercdrive.fr/image.ashx?id=2820134&use=l&cat=p&typeid=i","cat":284487},{"id":44732,"n":"Brunoise Notre Jardin méditerranéens 600g","p":3.41,"u":"5,68 €/KG","img":"https://fd1-photos.leclercdrive.fr/image.ashx?id=2873150&use=l&cat=p&typeid=i","cat":319823},{"id":44741,"n":"Riz sushi Table du monde 500g","p":1.19,"u":"2,38 €/KG","img":"https://fd1-photos.leclercdrive.fr/image.ashx?id=2679753&use=l&cat=p&typeid=i","cat":288992},{"id":44743,"n":"Julienne de légumes Bio Village Bio - 600g","p":1.99,"u":"3,32 €/KG","img":"https://fd1-photos.leclercdrive.fr/image.ashx?id=2898068&use=l&cat=p&typeid=i","cat":319823},{"id":44745,"n":"Mini boulettes au boeuf Férial  x50 - 750g","p":6.98,"u":"9,31 €/KG","img":"https://fd1-photos.leclercdrive.fr/image.ashx?id=2966511&use=l&cat=p&typeid=i","cat":319779},{"id":44746,"n":"Glace Mystère Extrême Vanille Meringue x4 308.6g","p":4.59,"u":"14,85 €/KG","img":"https://fd1-photos.leclercdrive.fr/image.ashx?id=2878375&use=l&cat=p&typeid=i","cat":284266},{"id":44748,"n":"Purée de carottes Notre Jardin potirons 750g","p":2.62,"u":"3,49 €/KG","img":"https://fd1-photos.leclercdrive.fr/image.ashx?id=2856190&use=l&cat=p&typeid=i","cat":319805},{"id":44750,"n":"Poulet Basquaise Côté Table 900g","p":4.2,"u":"4,67 €/KG","img":"https://fd1-photos.leclercdrive.fr/image.ashx?id=2572438&use=l&cat=p&typeid=i","cat":284254},{"id":44758,"n":"Grattugiato 29% MG Les Croisés  100g","p":1.49,"u":"14,90 €/KG","img":"https://fd1-photos.leclercdrive.fr/image.ashx?id=2806859&use=l&cat=p&typeid=i","cat":314035},{"id":44767,"n":"Dés Gouda cumin Les Croisés 30%MG - 150g","p":1.95,"u":"13,00 €/KG","img":"https://fd1-photos.leclercdrive.fr/image.ashx?id=2532844&use=l&cat=p&typeid=i","cat":314027},{"id":44770,"n":"Steak haché Férial  5%mg x4 - 400g","p":6.85,"u":"17,13 €/KG","img":"https://fd1-photos.leclercdrive.fr/image.ashx?id=3004663&use=l&cat=p&typeid=i","cat":319778},{"id":44808,"n":"AOC Côtes du Rhône rouge BIO Rives & Terrasses - 75cl","p":3.71,"u":"4,95 €/L","img":"https://fd1-photos.leclercdrive.fr/image.ashx?id=2928318&use=l&cat=p&typeid=i","cat":289556},{"id":44859,"n":"Olives Vertes -25% sel Tramier  Dénoyautées 160g","p":1.79,"u":"11,19 €/KG","img":"https://fd1-photos.leclercdrive.fr/image.ashx?id=2840823&use=l&cat=p&typeid=i","cat":284458},{"id":44861,"n":"Sauce pesto Tradizioni d'Italia A la génoise - 180g","p":1.79,"u":"9,94 €/KG","img":"https://fd1-photos.leclercdrive.fr/image.ashx?id=2840043&use=l&cat=p&typeid=i","cat":287599},{"id":44865,"n":"Dessert fruits mixés Sojasun Abricot / Goyave - 4x100g","p":1.45,"u":"3,63 €/KG","img":"https://fd1-photos.leclercdrive.fr/image.ashx?id=2355668&use=l&cat=p&typeid=i","cat":316071},{"id":44884,"n":"Soupe Mouliné Bio Village Bio - Légumes variés - 1L","p":1.97,"u":"1,97 €/L","img":"https://fd1-photos.leclercdrive.fr/image.ashx?id=2376115&use=l&cat=p&typeid=i","cat":284462},{"id":44885,"n":"Velouté de légumes Bio Village Bio - 1L","p":2.79,"u":"2,79 €/L","img":"https://fd1-photos.leclercdrive.fr/image.ashx?id=2339879&use=l&cat=p&typeid=i","cat":284462},{"id":44896,"n":"Café moulu Lobodis  Bolivie Bio - 260g","p":5.99,"u":"23,04 €/KG","img":"https://fd1-photos.leclercdrive.fr/image.ashx?id=2638892&use=l&cat=p&typeid=i","cat":284750},{"id":44910,"n":"Crème dessert La Laitière Pot de crème chocolat - 8x100g","p":4.14,"u":"5,18 €/KG","img":"https://fd1-photos.leclercdrive.fr/image.ashx?id=2692116&use=l&cat=p&typeid=i","cat":285041},{"id":44911,"n":"Crème dessert La Laitière Pot de crème vanille - 8x100g","p":4.15,"u":"5,19 €/KG","img":"https://fd1-photos.leclercdrive.fr/image.ashx?id=2692119&use=l&cat=p&typeid=i","cat":285041},{"id":44939,"n":"Mini gratins Côté Table Pomme de terre salardaise 400g","p":3.89,"u":"9,73 €/KG","img":"https://fd1-photos.leclercdrive.fr/image.ashx?id=2641289&use=l&cat=p&typeid=i","cat":319802},{"id":44944,"n":"Oeufs de caille De Nos Régions x18","p":2.39,"u":"0,13 €/P","img":"https://fd1-photos.leclercdrive.fr/image.ashx?id=1070469&use=l&cat=p&typeid=i","cat":284378},{"id":44947,"n":"Pâtes Tagliatelle Panzani Qualité Pâtes Fraîche - 400G","p":1.61,"u":"4,03 €/KG","img":"https://fd1-photos.leclercdrive.fr/image.ashx?id=2872856&use=l&cat=p&typeid=i","cat":284427},{"id":44948,"n":"Pâtes Fetucine Panzani Qualité Pâtes Fraîche - 400G","p":1.58,"u":"3,95 €/KG","img":"https://fd1-photos.leclercdrive.fr/image.ashx?id=2902948&use=l&cat=p&typeid=i","cat":284427},{"id":44953,"n":"Pâtes Sans gluten Barilla Spaghetti - 400g","p":1.84,"u":"4,60 €/KG","img":"https://fd1-photos.leclercdrive.fr/image.ashx?id=2647639&use=l&cat=p&typeid=i","cat":284427},{"id":44959,"n":"Lingettes démaquillantes Inell Eau micellaire x25","p":2.6,"u":"0,10 €/P","img":"https://fd1-photos.leclercdrive.fr/image.ashx?id=2764392&use=l&cat=p&typeid=i","cat":284603},{"id":44963,"n":"Stick lèvres Inell Miss pink - 1 pièce","p":1.69,"img":"https://fd1-photos.leclercdrive.fr/image.ashx?id=2691673&use=l&cat=p&typeid=i","cat":285485},{"id":44964,"n":"Alèses absorbantes Chorys 60x90cm - x16","p":6.99,"u":"0,44 €/P","img":"https://fd1-photos.leclercdrive.fr/image.ashx?id=2860076&use=l&cat=p&typeid=i","cat":284628},{"id":44965,"n":"Lingettes Hygiène Adulte Chorys x64","p":4.57,"u":"0,07 €/P","img":"https://fd1-photos.leclercdrive.fr/image.ashx?id=2940911&use=l&cat=p&typeid=i","cat":284627},{"id":44967,"n":"Culottes bébé Mots d'Enfants  T5 : 12/18kg - x20 changes","p":5.45,"u":"0,27 €/P","img":"https://fd1-photos.leclercdrive.fr/image.ashx?id=2904580&use=l&cat=p&typeid=i","cat":290633},{"id":44968,"n":"Culottes bébé Mots d'Enfants  T6 : 16kg - x18 changes","p":4.99,"u":"0,28 €/P","img":"https://fd1-photos.leclercdrive.fr/image.ashx?id=2907201&use=l&cat=p&typeid=i","cat":290633},{"id":44976,"n":"Masque nourrisant Natéïs Cheveux secs ou abîmés - 300ml","p":2.63,"u":"8,77 €/L","img":"https://fd1-photos.leclercdrive.fr/image.ashx?id=2387340&use=l&cat=p&typeid=i","cat":284608},{"id":44980,"n":"Gel lave-vaisselle Visior Classique x75 - 1,5L","p":4.75,"u":"3,17 €/L","img":"https://fd1-photos.leclercdrive.fr/image.ashx?id=2939061&use=l&cat=p&typeid=i","cat":284656},{"id":45005,"n":"Fond de veau Rustica dégraissé 100g","p":2.18,"u":"21,80 €/KG","img":"https://fd1-photos.leclercdrive.fr/image.ashx?id=2979571&use=l&cat=p&typeid=i","cat":288379},{"id":45009,"n":"Cacahuètes grillées Tokapi salées 3x120g","p":1.49,"u":"4,14 €/KG","img":"https://fd1-photos.leclercdrive.fr/image.ashx?id=2799769&use=l&cat=p&typeid=i","cat":284448},{"id":45014,"n":"AOC Touraine vin rouge Les Caractères - 75cl","p":4.49,"u":"5,99 €/L","img":"https://fd1-photos.leclercdrive.fr/image.ashx?id=2750159&use=l&cat=p&typeid=i","cat":289556},{"id":45015,"n":"Biscuits P'tit Déli Pépites de chocolat 300g","p":2.49,"u":"8,30 €/KG","img":"https://fd1-photos.leclercdrive.fr/image.ashx?id=2390425&use=l&cat=p&typeid=i","cat":284487},{"id":45016,"n":"AOC Médoc vin rouge Chantet Blanet - 75cl","p":3.99,"u":"5,32 €/L","img":"https://fd1-photos.leclercdrive.fr/image.ashx?id=2840737&use=l&cat=p&typeid=i","cat":289556},{"id":45019,"n":"AOC Minervois vin rouge Prieur Barsanne - 75cl","p":2.98,"u":"3,97 €/L","img":"https://fd1-photos.leclercdrive.fr/image.ashx?id=2949200&use=l&cat=p&typeid=i","cat":289556},{"id":45020,"n":"AOC Fitou vin rouge Prieur Barsanne - 75cl","p":3.99,"u":"5,32 €/L","img":"https://fd1-photos.leclercdrive.fr/image.ashx?id=2954689&use=l&cat=p&typeid=i","cat":289556},{"id":45023,"n":"AOC Moulin-à-Vent vin rouge Antoine Barrier - 75cl","p":7.75,"u":"10,33 €/L","img":"https://fd1-photos.leclercdrive.fr/image.ashx?id=2741625&use=l&cat=p&typeid=i","cat":289556},{"id":45024,"n":"AOC Mâcon Villages vin blanc Antoine Barrier - 75cl","p":7.49,"u":"9,99 €/L","img":"https://fd1-photos.leclercdrive.fr/image.ashx?id=2677104&use=l&cat=p&typeid=i","cat":289557},{"id":45025,"n":"AOC Saumur-Champigny vin rouge Les Caractères - 37,5cl","p":3.49,"u":"9,31 €/L","img":"https://fd1-photos.leclercdrive.fr/image.ashx?id=2745475&use=l&cat=p&typeid=i","cat":289556},{"id":45029,"n":"AOP Vin blanc Muscadet Sèvre & Maine sur Lie - 75cl","p":4.19,"u":"5,59 €/L","img":"https://fd1-photos.leclercdrive.fr/image.ashx?id=2905913&use=l&cat=p&typeid=i","cat":289557},{"id":45033,"n":"AOC Côtes du Rhône vin blanc Rives & Terrasses - 75cl","p":3.99,"u":"5,32 €/L","img":"https://fd1-photos.leclercdrive.fr/image.ashx?id=2856326&use=l&cat=p&typeid=i","cat":289557},{"id":45034,"n":"AOC Crozes-Hermitage vin rouge Rives & Terrasses - 75cl","p":7.67,"u":"10,23 €/L","img":"https://fd1-photos.leclercdrive.fr/image.ashx?id=2623437&use=l&cat=p&typeid=i","cat":289556},{"id":45035,"n":"AOP Alsace Riesling vin blanc Rebmann - 75 cl","p":4.85,"u":"6,47 €/L","img":"https://fd1-photos.leclercdrive.fr/image.ashx?id=2953404&use=l&cat=p&typeid=i","cat":289557},{"id":45036,"n":"AOC Alsace Riesling vin blanc Rebmann - 37,5 cl","p":3.39,"u":"9,04 €/L","img":"https://fd1-photos.leclercdrive.fr/image.ashx?id=2754216&use=l&cat=p&typeid=i","cat":289557},{"id":45038,"n":"AOP Côtes du Rhône vin rouge Grégoire XI - 75 cl","p":2.99,"u":"3,99 €/L","img":"https://fd1-photos.leclercdrive.fr/image.ashx?id=2709701&use=l&cat=p&typeid=i","cat":289556},{"id":45041,"n":"AOC Beaujolais vin rouge Antoine Barrier - 75cl","p":4.99,"u":"6,65 €/L","img":"https://fd1-photos.leclercdrive.fr/image.ashx?id=2723365&use=l&cat=p&typeid=i","cat":289556},{"id":45042,"n":"AOC Beaujolais Villages vin rouge Antoine Barrier - 75cl","p":5.49,"u":"7,32 €/L","img":"https://fd1-photos.leclercdrive.fr/image.ashx?id=2728252&use=l&cat=p&typeid=i","cat":289556},{"id":45045,"n":"AOC Côtes de Bourg vin rouge Chantet Blanet - 37,5cl","p":2.49,"u":"6,64 €/L","img":"https://fd1-photos.leclercdrive.fr/image.ashx?id=2913709&use=l&cat=p&typeid=i","cat":289556},{"id":45048,"n":"AOC Bordeaux Supérieur vin  rouge Chantet Blanet - BIB 3L","p":12.95,"u":"4,32 €/L","img":"https://fd1-photos.leclercdrive.fr/image.ashx?id=2779344&use=l&cat=p&typeid=i","cat":289560},{"id":45049,"n":"AOP Cahors vin rouge Terrasses d'Autan - 75cl","p":3.85,"u":"5,13 €/L","img":"https://fd1-photos.leclercdrive.fr/image.ashx?id=2799772&use=l&cat=p&typeid=i","cat":289556},{"id":45050,"n":"AOP Bourgogne Pinot noir vin rouge Antoine Barrier - 75cl","p":7.99,"u":"10,65 €/L","img":"https://fd1-photos.leclercdrive.fr/image.ashx?id=2694106&use=l&cat=p&typeid=i","cat":289556},{"id":45051,"n":"AOP Chablis vin blanc Antoine Barrier - 75cl","p":12.99,"u":"17,32 €/L","img":"https://fd1-photos.leclercdrive.fr/image.ashx?id=2741291&use=l&cat=p&typeid=i","cat":289557},{"id":45052,"n":"Velouté Régal Soupe Potiron Châtaigne - 1L","p":2.46,"u":"2,46 €/L","img":"https://fd1-photos.leclercdrive.fr/image.ashx?id=2983811&use=l&cat=p&typeid=i","cat":284462},{"id":45063,"n":"Biscuits sablés P'tit Déli Noix de coco - 120g","p":0.84,"u":"7,00 €/KG","img":"https://fd1-photos.leclercdrive.fr/image.ashx?id=2669750&use=l&cat=p&typeid=i","cat":284487},{"id":45065,"n":"Bretzels d'alsace NRT sachet 200g","p":0.74,"u":"3,70 €/KG","img":"https://fd1-photos.leclercdrive.fr/image.ashx?id=2638018&use=l&cat=p&typeid=i","cat":297000},{"id":45066,"n":"Petits biscuits salés NRT D'Alsace - 200g","p":0.99,"u":"4,95 €/KG","img":"https://fd1-photos.leclercdrive.fr/image.ashx?id=2638021&use=l&cat=p&typeid=i","cat":297000},{"id":45101,"n":"Carrés de soin Mots d'Enfants Bébés - x100","p":1.99,"u":"0,02 €/P","img":"https://fd1-photos.leclercdrive.fr/image.ashx?id=3014245&use=l&cat=p&typeid=i","cat":284739},{"id":45102,"n":"Culottes bébé Mots d'Enfants  T4 : 8/15kg - x22 changes","p":5.35,"u":"0,24 €/P","img":"https://fd1-photos.leclercdrive.fr/image.ashx?id=2907198&use=l&cat=p&typeid=i","cat":290633},{"id":45138,"n":"Biscuits Bio Bjorg complets P'tit nature - 200g","p":1.49,"u":"7,45 €/KG","img":"https://fd1-photos.leclercdrive.fr/image.ashx?id=2906157&use=l&cat=p&typeid=i","cat":284487},{"id":45140,"n":"boisson végétale bio  épeautre bjorg 1l","p":2.45,"u":"2,45 €/L","img":"https://fd1-photos.leclercdrive.fr/image.ashx?id=2967058&use=l&cat=p&typeid=i","cat":316067},{"id":45145,"n":"Crème amande cuisine  Bjorg  Bio - 200ml","p":1.43,"u":"7,15 €/L","img":"https://fd1-photos.leclercdrive.fr/image.ashx?id=2851770&use=l&cat=p&typeid=i","cat":288383},{"id":45148,"n":"Boisson végétale épeautre noisette Bjorg Bio - 1L","p":2.35,"u":"2,35 €/L","img":"https://fd1-photos.leclercdrive.fr/image.ashx?id=2960804&use=l&cat=p&typeid=i","cat":316067},{"id":45149,"n":"Boisson végétale lait d'amande  chocolat bjorg bio - 1l","p":2.45,"u":"2,45 €/L","img":"https://fd1-photos.leclercdrive.fr/image.ashx?id=2939412&use=l&cat=p&typeid=i","cat":316067},{"id":45157,"n":"Boulghour Tunisienne Céréal Bio Bio repas express - 220g","p":1.87,"u":"8,50 €/KG","img":"https://fd1-photos.leclercdrive.fr/image.ashx?id=2574062&use=l&cat=p&typeid=i","cat":287600},{"id":45165,"n":"Pots soir bébé bio Babybio Légumes blé - 6 mois - 2x200g","p":2.49,"u":"6,23 €/KG","img":"https://fd1-photos.leclercdrive.fr/image.ashx?id=2827479&use=l&cat=p&typeid=i","cat":312239},{"id":45166,"n":"Café moulu Lobodis Mexique Bio  - 260g","p":5.99,"u":"23,04 €/KG","img":"https://fd1-photos.leclercdrive.fr/image.ashx?id=2658896&use=l&cat=p&typeid=i","cat":284750},{"id":45167,"n":"Flocons avoine bio  Terres et Céréales - 500g","p":1.88,"u":"3,76 €/KG","img":"https://fd1-photos.leclercdrive.fr/image.ashx?id=2471907&use=l&cat=p&typeid=i","cat":309512},{"id":45168,"n":"Bouillon cube bio Jardin Bio Légumes - 72g","p":1.64,"u":"22,78 €/KG","img":"https://fd1-photos.leclercdrive.fr/image.ashx?id=2535535&use=l&cat=p&typeid=i","cat":288379},{"id":45169,"n":"Bouillon cube bio Jardin Bio Volaille dégraissé x10 - 100g","p":1.85,"u":"18,50 €/KG","img":"https://fd1-photos.leclercdrive.fr/image.ashx?id=2535538&use=l&cat=p&typeid=i","cat":288379},{"id":45172,"n":"Chocolat noir Bio Ethiquable 72% Haïti - 100g","p":2.68,"u":"26,80 €/KG","img":"https://fd1-photos.leclercdrive.fr/image.ashx?id=2870914&use=l&cat=p&typeid=i","cat":284956},{"id":45191,"n":"Couscous Jardin Bio Bio légumes du soleil - 220g","p":2.25,"u":"10,23 €/KG","img":"https://fd1-photos.leclercdrive.fr/image.ashx?id=2535022&use=l&cat=p&typeid=i","cat":287600},{"id":45192,"n":"Pâtes bio Jardin Bio Coquillettes 3 min - 500g","p":1.63,"u":"3,26 €/KG","img":"https://fd1-photos.leclercdrive.fr/image.ashx?id=2939976&use=l&cat=p&typeid=i","cat":284427},{"id":45193,"n":"Chocolat noir Bio Ethiquable  85% Madagascar - 100g","p":2.75,"u":"27,50 €/KG","img":"https://fd1-photos.leclercdrive.fr/image.ashx?id=2870881&use=l&cat=p&typeid=i","cat":284956},{"id":45194,"n":"Chocolat noir Bio Ethiquable  80% Equateur - 100g","p":2.63,"u":"26,30 €/KG","img":"https://fd1-photos.leclercdrive.fr/image.ashx?id=2870917&use=l&cat=p&typeid=i","cat":284956},{"id":45197,"n":"Quinoa boulghour  Céréal Bio  à l'Indienne bio -220g","p":2.05,"u":"9,32 €/KG","img":"https://fd1-photos.leclercdrive.fr/image.ashx?id=2574068&use=l&cat=p&typeid=i","cat":287600},{"id":45198,"n":"Légumes et orge bio Céréal Bio  Compotée d'aubergines - 250g","p":2.0,"u":"8,00 €/KG","img":"https://fd1-photos.leclercdrive.fr/image.ashx?id=2574071&use=l&cat=p&typeid=i","cat":287600},{"id":45205,"n":"Biscuits fourrés Bio Bjorg  Chocolat lait noisette - 225g","p":3.76,"u":"16,71 €/KG","img":"https://fd1-photos.leclercdrive.fr/image.ashx?id=2970930&use=l&cat=p&typeid=i","cat":284488},{"id":45212,"n":"Duo de quinoa Jardin Bio  Bio aux légumes - 250g","p":2.09,"u":"8,36 €/KG","img":"https://fd1-photos.leclercdrive.fr/image.ashx?id=2535481&use=l&cat=p&typeid=i","cat":287600},{"id":45213,"n":"Flageolets Jardin Bio  Bio cuisinés - 680g","p":3.03,"u":"4,46 €/KG","img":"https://fd1-photos.leclercdrive.fr/image.ashx?id=2918319&use=l&cat=p&typeid=i","cat":312606},{"id":45227,"n":"Biscuits fourrés Bio Bjorg Citron - 225g","p":3.89,"u":"17,29 €/KG","img":"https://fd1-photos.leclercdrive.fr/image.ashx?id=2861527&use=l&cat=p&typeid=i","cat":284489},{"id":45229,"n":"biscuits gaufres bio bjorg  Miel - 175g","p":2.11,"u":"12,06 €/KG","img":"https://fd1-photos.leclercdrive.fr/image.ashx?id=2915973&use=l&cat=p&typeid=i","cat":294777},{"id":45231,"n":"Huile bio  Cauvin sésame - 25cl","p":3.25,"u":"13,00 €/L","img":"https://fd1-photos.leclercdrive.fr/image.ashx?id=2484224&use=l&cat=p&typeid=i","cat":284453},{"id":45239,"n":"plat cuisiné lentilles bio carottes  bjorg 250g","p":1.79,"u":"7,16 €/KG","img":"https://fd1-photos.leclercdrive.fr/image.ashx?id=2861521&use=l&cat=p&typeid=i","cat":287600},{"id":45243,"n":"Lait de coco fluide Bio Bjorg 200ml","p":1.45,"u":"7,25 €/L","img":"https://fd1-photos.leclercdrive.fr/image.ashx?id=2752995&use=l&cat=p&typeid=i","cat":288992},{"id":45244,"n":"boisson végétale lait d'amande  bio bjorg 1l","p":2.09,"u":"2,09 €/L","img":"https://fd1-photos.leclercdrive.fr/image.ashx?id=2967067&use=l&cat=p&typeid=i","cat":316067},{"id":45245,"n":"Boisson végétale lait d'amande  vanille bjorg bio - 1l","p":2.19,"u":"2,19 €/L","img":"https://fd1-photos.leclercdrive.fr/image.ashx?id=2991978&use=l&cat=p&typeid=i","cat":316067},{"id":45247,"n":"Maïs bio Géant Vert extra croquant - 2x140g","p":2.55,"u":"9,11 €/KG","img":"https://fd1-photos.leclercdrive.fr/image.ashx?id=2840545&use=l&cat=p&typeid=i","cat":312611},{"id":45250,"n":"Infusion bio Jardin Bio Tilleul Oranger - x20 - 30g","p":2.08,"u":"69,33 €/KG","img":"https://fd1-photos.leclercdrive.fr/image.ashx?id=2792657&use=l&cat=p&typeid=i","cat":293234},{"id":45251,"n":"Lentilles vertes Jardin Bio  Bio saveur du terroir - 250g","p":1.54,"u":"6,16 €/KG","img":"https://fd1-photos.leclercdrive.fr/image.ashx?id=2535559&use=l&cat=p&typeid=i","cat":287600},{"id":45252,"n":"Lentilles Jardin Bio  Bio façon petit salé - 250g","p":2.2,"u":"8,80 €/KG","img":"https://fd1-photos.leclercdrive.fr/image.ashx?id=2535019&use=l&cat=p&typeid=i","cat":287600},{"id":45253,"n":"Infusion détox Bio Clipper Hibiscus fruits rouges - 40g","p":2.05,"u":"51,25 €/KG","img":"https://fd1-photos.leclercdrive.fr/image.ashx?id=2922083&use=l&cat=p&typeid=i","cat":293234},{"id":45254,"n":"Infusion Clipper Bio - Citron gingembre - 50g","p":2.05,"u":"41,00 €/KG","img":"https://fd1-photos.leclercdrive.fr/image.ashx?id=2909176&use=l&cat=p&typeid=i","cat":293234},{"id":45261,"n":"Orge riz rouge bio Céréal Bio  lentilles repas express-220g","p":1.79,"u":"7,16 €/KG","img":"https://fd1-photos.leclercdrive.fr/image.ashx?id=2574080&use=l&cat=p&typeid=i","cat":287600},{"id":45262,"n":"Orge pruneaux bio Céréal Bio  Marocain repas express-220g","p":1.99,"u":"9,05 €/KG","img":"https://fd1-photos.leclercdrive.fr/image.ashx?id=2575075&use=l&cat=p&typeid=i","cat":287600},{"id":45274,"n":"Maïs doux Jardin Bio  Bio - 230g","p":1.98,"u":"8,61 €/KG","img":"https://fd1-photos.leclercdrive.fr/image.ashx?id=2903233&use=l&cat=p&typeid=i","cat":312611},{"id":45276,"n":"Pain de mie La Boulangère  Céréales Bio - 500g","p":2.34,"u":"4,68 €/KG","img":"https://fd1-photos.leclercdrive.fr/image.ashx?id=2912398&use=l&cat=p&typeid=i","cat":284477},{"id":45278,"n":"Purée potimarron Céréal Bio  lentilles bio-250g","p":1.75,"u":"7,00 €/KG","img":"https://fd1-photos.leclercdrive.fr/image.ashx?id=2574074&use=l&cat=p&typeid=i","cat":287600},{"id":45287,"n":"Repas bébé Babybio - 4 mois Légumes Bio - 2x130g","p":1.77,"u":"6,81 €/KG","img":"https://fd1-photos.leclercdrive.fr/image.ashx?id=2827443&use=l&cat=p&typeid=i","cat":312234},{"id":45288,"n":"Compote bébé Babybio Bio 4 mois Pomme / Myrtille - 2x130g","p":1.85,"u":"7,12 €/KG","img":"https://fd1-photos.leclercdrive.fr/image.ashx?id=2827491&use=l&cat=p&typeid=i","cat":312387},{"id":45289,"n":"Petits pois bio Jardin Bio A l'étuvée extra fins - 230g","p":1.78,"u":"7,74 €/KG","img":"https://fd1-photos.leclercdrive.fr/image.ashx?id=2944732&use=l&cat=p&typeid=i","cat":312607},{"id":45290,"n":"Petits pois Le jardin Bio  Bio extra fins - 445g","p":3.05,"u":"6,85 €/KG","img":"https://fd1-photos.leclercdrive.fr/image.ashx?id=2944735&use=l&cat=p&typeid=i","cat":312607},{"id":45291,"n":"Quinoa Jardin Bio  Bio poulet et Sésame - 250g","p":2.11,"u":"8,44 €/KG","img":"https://fd1-photos.leclercdrive.fr/image.ashx?id=2956433&use=l&cat=p&typeid=i","cat":287600},{"id":45339,"n":"Tartine sarrasin Céréal Bio Bio - 145g","p":1.52,"u":"10,48 €/KG","img":"https://fd1-photos.leclercdrive.fr/image.ashx?id=2810792&use=l&cat=p&typeid=i","cat":284479},{"id":45340,"n":"Tartine  Céréal Bio  Bio multicéréales - 145g","p":1.53,"u":"10,55 €/KG","img":"https://fd1-photos.leclercdrive.fr/image.ashx?id=2810795&use=l&cat=p&typeid=i","cat":284479},{"id":45351,"n":"Tartines bio Jardin Bio Sarrasin sans gluten - 150g","p":1.96,"u":"13,07 €/KG","img":"https://fd1-photos.leclercdrive.fr/image.ashx?id=2535547&use=l&cat=p&typeid=i","cat":318654},{"id":45353,"n":"Tartines bio Jardin Bio Multicéréales sans gluten -150g","p":2.05,"u":"13,67 €/KG","img":"https://fd1-photos.leclercdrive.fr/image.ashx?id=2537646&use=l&cat=p&typeid=i","cat":318654},{"id":45354,"n":"Tartines bio Jardin Bio Châtaigne sans gluten - 150g","p":2.09,"u":"13,93 €/KG","img":"https://fd1-photos.leclercdrive.fr/image.ashx?id=2537649&use=l&cat=p&typeid=i","cat":318654},{"id":45355,"n":"Thé vert Bio Clipper Au Citron - 20 sachets - 35g","p":2.05,"u":"58,57 €/KG","img":"https://fd1-photos.leclercdrive.fr/image.ashx?id=2922089&use=l&cat=p&typeid=i","cat":293233},{"id":45362,"n":"Dattes 250g","p":1.28,"u":"5,12 €/KG","img":"https://fd1-photos.leclercdrive.fr/image.ashx?id=738693&use=l&cat=p&typeid=i","cat":284357},{"id":45372,"n":"Tomates pelées Jardin Bio  Bio Entières au jus - 240g","p":1.06,"u":"4,42 €/KG","img":"https://fd1-photos.leclercdrive.fr/image.ashx?id=2967911&use=l&cat=p&typeid=i","cat":288384},{"id":45415,"n":"Fromage Emmental Entremont Râpé  - 300g","p":3.34,"u":"11,13 €/KG","img":"https://fd1-photos.leclercdrive.fr/image.ashx?id=2983156&use=l&cat=p&typeid=i","cat":314035},{"id":45454,"n":"Soufflés Tornades 3D Tokapi  Paprika 85g","p":0.73,"u":"8,59 €/KG","img":"https://fd1-photos.leclercdrive.fr/image.ashx?id=2953347&use=l&cat=p&typeid=i","cat":284449},{"id":45455,"n":"Soupe Velouté Bio Village Saveurs du sud Bio - 2x30cl","p":1.69,"u":"2,82 €/L","img":"https://fd1-photos.leclercdrive.fr/image.ashx?id=2363814&use=l&cat=p&typeid=i","cat":284462},{"id":45456,"n":"Chips Bio Village Bio Nature - 6x30g","p":2.99,"u":"16,61 €/KG","img":"https://fd1-photos.leclercdrive.fr/image.ashx?id=2838957&use=l&cat=p&typeid=i","cat":284447},{"id":45478,"n":"Nettoyant lave-vaisselle Visior 3x40g","p":2.9,"u":"24,17 €/KG","img":"https://fd1-photos.leclercdrive.fr/image.ashx?id=2742694&use=l&cat=p&typeid=i","cat":284657},{"id":45479,"n":"Nettoyant Dentamyl Appareils dentaires x36","p":2.0,"img":"https://fd1-photos.leclercdrive.fr/image.ashx?id=2486799&use=l&cat=p&typeid=i","cat":285158},{"id":45480,"n":"Nettoyant menthe Dentamyl Appareils dentaires x36","p":2.19,"img":"https://fd1-photos.leclercdrive.fr/image.ashx?id=2486802&use=l&cat=p&typeid=i","cat":285158},{"id":45482,"n":"Brosse à dents Petit Dentamyl Multicoloris - 2-6 ans -  x3","p":1.47,"u":"0,49 €/P","img":"https://fd1-photos.leclercdrive.fr/image.ashx?id=1962444&use=l&cat=p&typeid=i","cat":288897},{"id":45483,"n":"Pastilles javel Clair Parfum Menthe x42 - 168g","p":1.44,"u":"8,57 €/KG","img":"https://fd1-photos.leclercdrive.fr/image.ashx?id=2631447&use=l&cat=p&typeid=i","cat":284661},{"id":45498,"n":"Sacs poubelle 30L Elembal Ultra resist - x20","p":3.25,"u":"0,16 €/P","img":"https://fd1-photos.leclercdrive.fr/image.ashx?id=2958729&use=l&cat=p&typeid=i","cat":285168},{"id":45499,"n":"Sacs poubelle 50L Elembal Ultra résist - x15","p":3.9,"u":"0,26 €/P","img":"https://fd1-photos.leclercdrive.fr/image.ashx?id=2958732&use=l&cat=p&typeid=i","cat":285168},{"id":45500,"n":"Sacs poubelle 100L Elembal Ultra résist - x10","p":3.73,"u":"0,37 €/P","img":"https://fd1-photos.leclercdrive.fr/image.ashx?id=2958735&use=l&cat=p&typeid=i","cat":285168},{"id":45536,"n":"Taboulé Bonduelle Poulet - 300g","p":1.59,"u":"5,30 €/KG","img":"https://fd1-photos.leclercdrive.fr/image.ashx?id=2907902&use=l&cat=p&typeid=i","cat":333657},{"id":45540,"n":"Pizza l'Ovale Sodebo Jambon et fromages - 200g","p":1.39,"u":"6,95 €/KG","img":"https://fd1-photos.leclercdrive.fr/image.ashx?id=2407211&use=l&cat=p&typeid=i","cat":333679},{"id":45541,"n":"Pizza l'Ovale Sodebo 3 fromages fondants - 200g","p":1.45,"u":"7,25 €/KG","img":"https://fd1-photos.leclercdrive.fr/image.ashx?id=2723644&use=l&cat=p&typeid=i","cat":333679},{"id":45575,"n":"Fromage raclette Les Croisés Nature et 3 poivres - 400g","p":5.3,"u":"13,25 €/KG","img":"https://fd1-photos.leclercdrive.fr/image.ashx?id=2793227&use=l&cat=p&typeid=i","cat":314037},{"id":45576,"n":"Fromage raclette Les Croisés  Nature et fumé 400g","p":5.34,"u":"13,35 €/KG","img":"https://fd1-photos.leclercdrive.fr/image.ashx?id=2793233&use=l&cat=p&typeid=i","cat":314037},{"id":45625,"n":"Yaourts brassés Ker Ronan  Vanille - 4x125g","p":1.99,"u":"3,98 €/KG","img":"https://fd1-photos.leclercdrive.fr/image.ashx?id=1989525&use=l&cat=p&typeid=i","cat":284410},{"id":45626,"n":"Yaourts brassés Ker Ronan  Fraise - 4x125g","p":2.22,"u":"4,44 €/KG","img":"https://fd1-photos.leclercdrive.fr/image.ashx?id=1989531&use=l&cat=p&typeid=i","cat":284410},{"id":45636,"n":"Bouquet garni Ducros Epices à la provençale - 18g","p":1.15,"u":"63,89 €/KG","img":"https://fd1-photos.leclercdrive.fr/image.ashx?id=1715377&use=l&cat=p&typeid=i","cat":298297},{"id":45642,"n":"Ratatouille Cuisinée Cassegrain à la Provençale 185g","p":1.82,"u":"9,84 €/KG","img":"https://fd1-photos.leclercdrive.fr/image.ashx?id=2913007&use=l&cat=p&typeid=i","cat":312612},{"id":45644,"n":"Recharge SpaWax Expert Veet Figue Sucrée et Lys Violet x6","p":4.67,"u":"31,13 €/KG","img":"https://fd1-photos.leclercdrive.fr/image.ashx?id=2854351&use=l&cat=p&typeid=i","cat":325351},{"id":45671,"n":"Chips Bret's Chèvre/piment d'espelette -125g","p":1.17,"u":"9,36 €/KG","img":"https://fd1-photos.leclercdrive.fr/image.ashx?id=1941593&use=l&cat=p&typeid=i","cat":284447},{"id":45708,"n":"Yaourt à boire Mini Yop Aromatisé Fraise - 8x100g","p":2.29,"u":"2,86 €/KG","img":"https://fd1-photos.leclercdrive.fr/image.ashx?id=2985159&use=l&cat=p&typeid=i","cat":284415},{"id":45710,"n":"Fromage Burger cheddar/emmental Président - 20 tranches - 340g","p":2.59,"u":"7,62 €/KG","img":"https://fd1-photos.leclercdrive.fr/image.ashx?id=2628239&use=l&cat=p&typeid=i","cat":314028},{"id":45712,"n":"Emmental râpé fondant Président 500g","p":4.85,"u":"9,70 €/KG","img":"https://fd1-photos.leclercdrive.fr/image.ashx?id=2489464&use=l&cat=p&typeid=i","cat":314035},{"id":45720,"n":"Petit salé Jean Brient 2 tranches - 200g","p":5.0,"u":"25,00 €/KG","img":"https://fd1-photos.leclercdrive.fr/image.ashx?id=1728342&use=l&cat=p&typeid=i","cat":316006},{"id":45722,"n":"Poitrine cuite Jean Brient 4 tranches - 180g","p":5.84,"u":"32,44 €/KG","img":"https://fd1-photos.leclercdrive.fr/image.ashx?id=2107120&use=l&cat=p&typeid=i","cat":316011},{"id":45792,"n":"AOP Comté 6 mois portion 280g","p":4.8,"u":"17,14 €/KG","img":"https://fd1-photos.leclercdrive.fr/image.ashx?id=825711&use=l&cat=p&typeid=i","cat":314034},{"id":45794,"n":"AOP Beaufort Portion 280g","p":7.7,"u":"27,50 €/KG","img":"https://fd1-photos.leclercdrive.fr/image.ashx?id=825703&use=l&cat=p&typeid=i","cat":329184},{"id":45795,"n":"Fromage Emmental Portion  250g","p":4.15,"u":"16,60 €/KG","img":"https://fd1-photos.leclercdrive.fr/image.ashx?id=825181&use=l&cat=p&typeid=i","cat":314034},{"id":45796,"n":"AOP Abondance Portion  300g","p":4.8,"u":"16,00 €/KG","img":"https://fd1-photos.leclercdrive.fr/image.ashx?id=825699&use=l&cat=p&typeid=i","cat":329184},{"id":45797,"n":"AOP Fromage Ossau Iraty  250g","p":5.8,"u":"23,20 €/KG","img":"https://fd1-photos.leclercdrive.fr/image.ashx?id=825695&use=l&cat=p&typeid=i","cat":329184},{"id":45802,"n":"Fromage Raclette Lait Cru   400g","p":6.99,"u":"17,48 €/KG","img":"https://fd1-photos.leclercdrive.fr/image.ashx?id=824883&use=l&cat=p&typeid=i","cat":314036},{"id":45803,"n":"Fromage Raclette Pasteurisé  400g","p":6.15,"u":"15,38 €/KG","img":"https://fd1-photos.leclercdrive.fr/image.ashx?id=824879&use=l&cat=p&typeid=i","cat":314036},{"id":45813,"n":"Cire divine Nair Monoï - 400g","p":6.8,"u":"17,00 €/KG","img":"https://fd1-photos.leclercdrive.fr/image.ashx?id=2903239&use=l&cat=p&typeid=i","cat":325351},{"id":45825,"n":"Brosse à dents pro Dentamyl Souple x2","p":0.72,"u":"0,36 €/P","img":"https://fd1-photos.leclercdrive.fr/image.ashx?id=2790979&use=l&cat=p&typeid=i","cat":284614},{"id":45826,"n":"Brosse à dents pro Dentamyl Médium x2","p":0.65,"u":"0,33 €/P","img":"https://fd1-photos.leclercdrive.fr/image.ashx?id=2790982&use=l&cat=p&typeid=i","cat":284614},{"id":45870,"n":"Vinaigre ménager Clair 100% naturel - 1L","p":1.08,"u":"1,08 €/L","img":"https://fd1-photos.leclercdrive.fr/image.ashx?id=2779199&use=l&cat=p&typeid=i","cat":325365},{"id":45907,"n":"Tarte poires et amandes 6 parts  1 p","p":7.5,"img":"https://fd1-photos.leclercdrive.fr/image.ashx?id=820609&use=l&cat=p&typeid=i","cat":284360},{"id":45908,"n":"Biscuits fourrés Prince Chocolat - 3x300g","p":3.84,"u":"4,27 €/KG","img":"https://fd1-photos.leclercdrive.fr/image.ashx?id=3014641&use=l&cat=p&typeid=i","cat":284488},{"id":45910,"n":"Thon entier Petit Navire Huile de tournesol 3x160g","p":5.59,"u":"34,94 €/KG","img":"https://fd1-photos.leclercdrive.fr/image.ashx?id=2543987&use=l&cat=p&typeid=i","cat":303867},{"id":45914,"n":"Caramel beurre salé NRT De Guérande -200g","p":3.29,"u":"16,45 €/KG","img":"https://fd1-photos.leclercdrive.fr/image.ashx?id=2771408&use=l&cat=p&typeid=i","cat":284481},{"id":45923,"n":"Pur jus d'orange Bio Village Bio avec pulpe - 1L","p":3.11,"u":"3,11 €/L","img":"https://fd1-photos.leclercdrive.fr/image.ashx?id=2901542&use=l&cat=p&typeid=i","cat":284521},{"id":45957,"n":"Jambon cru Quart Tranché Aoste Serrano - 18 tranches - 220g","p":5.06,"u":"23,00 €/KG","img":"https://fd1-photos.leclercdrive.fr/image.ashx?id=2937181&use=l&cat=p&typeid=i","cat":316007},{"id":45965,"n":"Saucisses Knacki Herta Poulet x6 - 210g","p":1.37,"u":"6,52 €/KG","img":"https://fd1-photos.leclercdrive.fr/image.ashx?id=2290428&use=l&cat=p&typeid=i","cat":316012},{"id":45968,"n":"Dessert fruitier pomme Andros Pomme fraise x12+4 offert 1,6kg","p":3.75,"u":"2,34 €/KG","img":"https://fd1-photos.leclercdrive.fr/image.ashx?id=2305730&use=l&cat=p&typeid=i","cat":284416},{"id":46006,"n":"AOP Jurançon vin blanc Moelleux Terrasses d'Autan-75cl","p":6.99,"u":"9,32 €/L","img":"https://fd1-photos.leclercdrive.fr/image.ashx?id=2774859&use=l&cat=p&typeid=i","cat":289557},{"id":46016,"n":"Chocolat Pâtissier Tablette dOr Chocolat Noir - 3x200g","p":5.35,"u":"8,92 €/KG","img":"https://fd1-photos.leclercdrive.fr/image.ashx?id=3015392&use=l&cat=p&typeid=i","cat":285562},{"id":46028,"n":"IGP Pays d'Oc Rosé Grenache Cinsault JP Chenet 12.5% BIB 3L","p":10.42,"u":"3,47 €/L","img":"https://fd1-photos.leclercdrive.fr/image.ashx?id=2941715&use=l&cat=p&typeid=i","cat":289560},{"id":46037,"n":"Biscottes Toast Pelletier  Goût brioché - 150g","p":1.3,"u":"8,67 €/KG","img":"https://fd1-photos.leclercdrive.fr/image.ashx?id=1888023&use=l&cat=p&typeid=i","cat":284479},{"id":46045,"n":"biscuits fourrés bio   bjorg myrtille - 175g","p":2.74,"u":"15,66 €/KG","img":"https://fd1-photos.leclercdrive.fr/image.ashx?id=2979734&use=l&cat=p&typeid=i","cat":284489},{"id":46047,"n":"Sirop d'érable  250g","p":3.3,"u":"13,20 €/KG","img":"https://fd1-photos.leclercdrive.fr/image.ashx?id=2480298&use=l&cat=p&typeid=i","cat":287643},{"id":46051,"n":"Menus chat Tous mes amis Viande menus gourmands 24x100g","p":6.95,"u":"2,90 €/KG","img":"https://fd1-photos.leclercdrive.fr/image.ashx?id=2027607&use=l&cat=p&typeid=i","cat":285286},{"id":46052,"n":"Gelée pour chat Tous mes amis Poisson menus gourmands 24x100g","p":6.95,"u":"2,90 €/KG","img":"https://fd1-photos.leclercdrive.fr/image.ashx?id=2027604&use=l&cat=p&typeid=i","cat":285286},{"id":46072,"n":"Saucisson sec Le Galibier 200g","p":4.99,"u":"24,95 €/KG","img":"https://fd1-photos.leclercdrive.fr/image.ashx?id=2817686&use=l&cat=p&typeid=i","cat":316006},{"id":46073,"n":"Saucisson sec Le Galibier Noisettes - 200g","p":4.99,"u":"24,95 €/KG","img":"https://fd1-photos.leclercdrive.fr/image.ashx?id=2817689&use=l&cat=p&typeid=i","cat":316006},{"id":46078,"n":"Saucisson sec Le Galibier Beaufort - 200g","p":4.99,"u":"24,95 €/KG","img":"https://fd1-photos.leclercdrive.fr/image.ashx?id=2817692&use=l&cat=p&typeid=i","cat":316006},{"id":46079,"n":"Saucisson sec Le Galibier Sanglier - 200g","p":4.99,"u":"24,95 €/KG","img":"https://fd1-photos.leclercdrive.fr/image.ashx?id=2952661&use=l&cat=p&typeid=i","cat":316006},{"id":46080,"n":"Saucisson sec Le Galibier Fumé - 200g","p":4.99,"u":"24,95 €/KG","img":"https://fd1-photos.leclercdrive.fr/image.ashx?id=2537514&use=l&cat=p&typeid=i","cat":316006},{"id":46082,"n":"Saucisson  Le Galibier  Sèche - 200g","p":4.59,"u":"22,95 €/KG","img":"https://fd1-photos.leclercdrive.fr/image.ashx?id=2286215&use=l&cat=p&typeid=i","cat":316006},{"id":46100,"n":"Paëlla  1 part - 400g","p":6.3,"u":"15,75 €/KG","img":"https://fd1-photos.leclercdrive.fr/image.ashx?id=825153&use=l&cat=p&typeid=i","cat":333665},{"id":46104,"n":"Parmentier de canard 1 part  400g","p":6.3,"u":"15,75 €/KG","img":"https://fd1-photos.leclercdrive.fr/image.ashx?id=825137&use=l&cat=p&typeid=i","cat":333665},{"id":46105,"n":"Lasagne bolognaise 1p","p":6.3,"img":"https://fd1-photos.leclercdrive.fr/image.ashx?id=825133&use=l&cat=p&typeid=i","cat":333665},{"id":46107,"n":"Gratin dauphinois 1 part  400g","p":5.65,"u":"14,13 €/KG","img":"https://fd1-photos.leclercdrive.fr/image.ashx?id=825125&use=l&cat=p&typeid=i","cat":333665},{"id":46109,"n":"Endives au jambon 1 part  400g","p":5.95,"u":"14,88 €/KG","img":"https://fd1-photos.leclercdrive.fr/image.ashx?id=825117&use=l&cat=p&typeid=i","cat":333665},{"id":46145,"n":"Quiche lorraine  400g","p":4.5,"u":"11,25 €/KG","img":"https://fd1-photos.leclercdrive.fr/image.ashx?id=824973&use=l&cat=p&typeid=i","cat":333680},{"id":46160,"n":"Bière blanche Hoegaarden 4,9% - 12x25cl","p":8.35,"u":"2,78 €/L","img":"https://fd1-photos.leclercdrive.fr/image.ashx?id=2948420&use=l&cat=p&typeid=i","cat":334878},{"id":46166,"n":"Crackers bio Bio Village 3 graines - 200g","p":2.69,"u":"13,45 €/KG","img":"https://fd1-photos.leclercdrive.fr/image.ashx?id=2310504&use=l&cat=p&typeid=i","cat":297000},{"id":46224,"n":"Friandises chien Pedigree Récompense bœuf fromage - 140g","p":1.49,"u":"10,64 €/KG","img":"https://fd1-photos.leclercdrive.fr/image.ashx?id=2256203&use=l&cat=p&typeid=i","cat":294527},{"id":46454,"n":"Monster Munch Jambon/fromage - 135g","p":1.56,"u":"11,56 €/KG","img":"https://fd1-photos.leclercdrive.fr/image.ashx?id=2917468&use=l&cat=p&typeid=i","cat":284449},{"id":46455,"n":"Chips Bret's Nature lisse - 500g","p":4.39,"u":"8,78 €/KG","img":"https://fd1-photos.leclercdrive.fr/image.ashx?id=2282625&use=l&cat=p&typeid=i","cat":284447},{"id":46462,"n":"Mini coudes Turini 500g","p":0.99,"u":"1,98 €/KG","img":"https://fd1-photos.leclercdrive.fr/image.ashx?id=2607566&use=l&cat=p&typeid=i","cat":284427},{"id":46469,"n":"IGP Pâte Garofalo  Riccioli - 500g","p":2.59,"u":"5,18 €/KG","img":"https://fd1-photos.leclercdrive.fr/image.ashx?id=2884840&use=l&cat=p&typeid=i","cat":284427},{"id":46473,"n":"Rhum blanc Trois Rivières 40% vol - 70cl","p":11.56,"u":"16,51 €/L","img":"https://fd1-photos.leclercdrive.fr/image.ashx?id=2766334&use=l&cat=p&typeid=i","cat":284550},{"id":46498,"n":"Pomme de terre Bio Bio Village Four Potage - 1.5kg","p":2.99,"u":"1,99 €/KG","img":"https://fd1-photos.leclercdrive.fr/image.ashx?id=2959752&use=l&cat=p&typeid=i","cat":284352},{"id":46525,"n":"Brosse à dents pro Dentamyl Souple x1","p":1.32,"img":"https://fd1-photos.leclercdrive.fr/image.ashx?id=2790985&use=l&cat=p&typeid=i","cat":284614},{"id":46533,"n":"Plat à pizza Homeside Avec trous, alluminium - 30cm","p":4.5,"img":"https://fd1-photos.leclercdrive.fr/image.ashx?id=2856642&use=l&cat=p&typeid=i","cat":298490},{"id":46534,"n":"Shaker Ardence 1 pièce","p":4.24,"img":"https://fd1-photos.leclercdrive.fr/image.ashx?id=1467666&use=l&cat=p&typeid=i","cat":334135},{"id":46535,"n":"Passoire Ardence 24 cm - x1","p":2.5,"img":"https://fd1-photos.leclercdrive.fr/image.ashx?id=2777927&use=l&cat=p&typeid=i","cat":334135},{"id":46536,"n":"Range couverts Ardence Modulable, 5 cases - x1","p":4.5,"img":"https://fd1-photos.leclercdrive.fr/image.ashx?id=1468594&use=l&cat=p&typeid=i","cat":334135},{"id":46540,"n":"Croquette chat stérilisé Ultima Poulet - Sénior +10 ans - 1.5kg","p":6.69,"u":"4,46 €/KG","img":"https://fd1-photos.leclercdrive.fr/image.ashx?id=2922227&use=l&cat=p&typeid=i","cat":284680},{"id":46541,"n":"Croquette chat stérilisé Ultima Chat d'intérieur - Dinde -1.5kg","p":6.69,"u":"4,46 €/KG","img":"https://fd1-photos.leclercdrive.fr/image.ashx?id=2927009&use=l&cat=p&typeid=i","cat":284680},{"id":46542,"n":"Croquettes petits chien Ultima  Poulet - Bulldog - 1.5kg","p":6.15,"u":"4,10 €/KG","img":"https://fd1-photos.leclercdrive.fr/image.ashx?id=2924869&use=l&cat=p&typeid=i","cat":294526},{"id":46545,"n":"Croquettes chiens adulte Ultima Medium/maxi - poulet - 2kg","p":6.63,"u":"3,32 €/KG","img":"https://fd1-photos.leclercdrive.fr/image.ashx?id=2902181&use=l&cat=p&typeid=i","cat":284672},{"id":46547,"n":"Croquette chat stérilisé Ultima  Truite - Sensible - 1.5kg","p":6.79,"u":"4,53 €/KG","img":"https://fd1-photos.leclercdrive.fr/image.ashx?id=2937436&use=l&cat=p&typeid=i","cat":284680},{"id":46654,"n":"Bière blonde La Chouffe 33cl","p":2.19,"u":"6,64 €/L","img":"https://fd1-photos.leclercdrive.fr/image.ashx?id=2877073&use=l&cat=p&typeid=i","cat":334872},{"id":46667,"n":"Monster Munch Salé - 135g","p":1.37,"u":"10,15 €/KG","img":"https://fd1-photos.leclercdrive.fr/image.ashx?id=2996935&use=l&cat=p&typeid=i","cat":284449},{"id":46703,"n":"Spray désodorisant Airwick  Pure Douceur de Coton - 250ml","p":2.69,"u":"10,76 €/L","img":"https://fd1-photos.leclercdrive.fr/image.ashx?id=2858600&use=l&cat=p&typeid=i","cat":311626},{"id":46848,"n":"Emmental Président Sel réduit 30% - 200g","p":2.88,"u":"14,40 €/KG","img":"https://fd1-photos.leclercdrive.fr/image.ashx?id=2833363&use=l&cat=p&typeid=i","cat":314034},{"id":46910,"n":"Emincé de volaille au curry 1 part - 300g","p":5.5,"u":"18,33 €/KG","img":"https://fd1-photos.leclercdrive.fr/image.ashx?id=825165&use=l&cat=p&typeid=i","cat":333665},{"id":46915,"n":"Couscous  1 part - 475g","p":6.5,"u":"13,68 €/KG","img":"https://fd1-photos.leclercdrive.fr/image.ashx?id=825149&use=l&cat=p&typeid=i","cat":333665},{"id":46916,"n":"Pâtes carbonara 1 part  300g","p":4.5,"u":"15,00 €/KG","img":"https://fd1-photos.leclercdrive.fr/image.ashx?id=825683&use=l&cat=p&typeid=i","cat":333665},{"id":46917,"n":"Hachis parmentier 1 part  500g","p":6.3,"u":"12,60 €/KG","img":"https://fd1-photos.leclercdrive.fr/image.ashx?id=825141&use=l&cat=p&typeid=i","cat":333665},{"id":46979,"n":"Biscotte bretonne heudebert Au sel de  guérande - 290g","p":2.36,"u":"8,14 €/KG","img":"https://fd1-photos.leclercdrive.fr/image.ashx?id=3002243&use=l&cat=p&typeid=i","cat":284479},{"id":46981,"n":"Petit cake Bonne Maman Aux fruits - 300g","p":2.81,"u":"9,37 €/KG","img":"https://fd1-photos.leclercdrive.fr/image.ashx?id=2936173&use=l&cat=p&typeid=i","cat":284493},{"id":46982,"n":"Cookies gros éclats Granola Chocolat - 276g","p":2.41,"u":"8,73 €/KG","img":"https://fd1-photos.leclercdrive.fr/image.ashx?id=3005335&use=l&cat=p&typeid=i","cat":325066},{"id":46984,"n":"Café et Chicorée Soluble Ricoré  Original Recharge - 180g","p":3.79,"u":"21,06 €/KG","img":"https://fd1-photos.leclercdrive.fr/image.ashx?id=2980112&use=l&cat=p&typeid=i","cat":284843},{"id":46985,"n":"Café et Chicorée Soluble Ricoré  Noir Intense - 240g","p":6.49,"u":"27,04 €/KG","img":"https://fd1-photos.leclercdrive.fr/image.ashx?id=2980115&use=l&cat=p&typeid=i","cat":284843},{"id":46990,"n":"Chocolat en poudre Nestlé Boîte - 500g","p":4.55,"u":"9,10 €/KG","img":"https://fd1-photos.leclercdrive.fr/image.ashx?id=2817335&use=l&cat=p&typeid=i","cat":293235},{"id":46992,"n":"Pâte à tartiner Gavottes Cacao/crêpe dentelle - 350g","p":3.35,"u":"9,57 €/KG","img":"https://fd1-photos.leclercdrive.fr/image.ashx?id=2022831&use=l&cat=p&typeid=i","cat":284481},{"id":47038,"n":"Beurre de cacahuètes Ethiquable  Nicaragua - 350g","p":4.07,"u":"11,63 €/KG","img":"https://fd1-photos.leclercdrive.fr/image.ashx?id=2873396&use=l&cat=p&typeid=i","cat":284481},{"id":47070,"n":"Filet de poulet Kerchant 720g","p":9.37,"u":"13,01 €/KG","img":"https://fd1-photos.leclercdrive.fr/image.ashx?id=2962422&use=l&cat=p&typeid=i","cat":284336},{"id":47074,"n":"Cuisses de poulet Kerchant  Haut de cuisse -750g","p":4.42,"u":"5,89 €/KG","img":"https://fd1-photos.leclercdrive.fr/image.ashx?id=2962425&use=l&cat=p&typeid=i","cat":284336},{"id":47080,"n":"Cordons Bleu poulet Le Gaulois 400g","p":4.02,"u":"10,05 €/KG","img":"https://fd1-photos.leclercdrive.fr/image.ashx?id=2860232&use=l&cat=p&typeid=i","cat":333683},{"id":47081,"n":"Nuggets de dinde Le Gaulois x4 - 400g","p":4.23,"u":"10,58 €/KG","img":"https://fd1-photos.leclercdrive.fr/image.ashx?id=2504629&use=l&cat=p&typeid=i","cat":333684},{"id":47125,"n":"Cidre bouché rosé Envie de rose 2.5%vol. - 75cl","p":2.57,"pp":1.7,"u":"2,27 €/L","img":"https://fd1-photos.leclercdrive.fr/image.ashx?id=2908984&use=l&cat=p&typeid=i","cat":334880},{"id":47126,"n":"Cidre bouché Envie de brut 4.5%vol. - 75cl","p":2.57,"pp":1.7,"u":"2,27 €/L","img":"https://fd1-photos.leclercdrive.fr/image.ashx?id=2908981&use=l&cat=p&typeid=i","cat":334880},{"id":47128,"n":"Vin Union Européenne rouge Le Tonnelier - BIB 5L","p":8.95,"u":"1,79 €/L","img":"https://fd1-photos.leclercdrive.fr/image.ashx?id=2107468&use=l&cat=p&typeid=i","cat":289560},{"id":47130,"n":"Vin Union européenne blanc Le Tonnelier - BIB 5L","p":8.95,"img":"https://fd1-photos.leclercdrive.fr/image.ashx?id=2107471&use=l&cat=p&typeid=i","cat":289557},{"id":47131,"n":"AOP Cabernet d'Anjou rosé Domaine des Forges - BIB 3L","p":14.5,"u":"4,83 €/L","img":"https://fd1-photos.leclercdrive.fr/image.ashx?id=859453&use=l&cat=p&typeid=i","cat":289560},{"id":47132,"n":"IGP Pays d'Oc blanc Les Ormes De Cambras Sauvignon 12% BIB 5L","p":15.88,"u":"3,18 €/L","img":"https://fd1-photos.leclercdrive.fr/image.ashx?id=2192389&use=l&cat=p&typeid=i","cat":289557},{"id":47133,"n":"Boisson sans alcool D'Artigny Framboise  - 75cl","p":3.59,"u":"4,79 €/L","img":"https://fd1-photos.leclercdrive.fr/image.ashx?id=2854396&use=l&cat=p&typeid=i","cat":289460},{"id":47169,"n":"Sacs poubelle 10L Elembal Salle de bain - x20","p":0.8,"u":"0,04 €/P","img":"https://fd1-photos.leclercdrive.fr/image.ashx?id=2793239&use=l&cat=p&typeid=i","cat":285168},{"id":47180,"n":"Gel douche enfant Tahiti Fruits exotiques - 300ml","p":1.86,"u":"6,20 €/L","img":"https://fd1-photos.leclercdrive.fr/image.ashx?id=2687332&use=l&cat=p&typeid=i","cat":284594},{"id":47253,"n":"Escalope de dinde Le Gaulois x6 - 720g","p":10.95,"u":"15,21 €/KG","img":"https://fd1-photos.leclercdrive.fr/image.ashx?id=2405506&use=l&cat=p&typeid=i","cat":284337},{"id":47254,"n":"Pâtes Coudes Rayés Turini 1kg","p":1.75,"u":"1,75 €/KG","img":"https://fd1-photos.leclercdrive.fr/image.ashx?id=2980806&use=l&cat=p&typeid=i","cat":284427},{"id":47255,"n":"Pâtes linguine Turini  500g","p":0.91,"u":"1,82 €/KG","img":"https://fd1-photos.leclercdrive.fr/image.ashx?id=2607554&use=l&cat=p&typeid=i","cat":284427},{"id":47256,"n":"Pâtes Farfalles Turini  1kg","p":1.2,"u":"1,20 €/KG","img":"https://fd1-photos.leclercdrive.fr/image.ashx?id=2665574&use=l&cat=p&typeid=i","cat":284427},{"id":47257,"n":"Pâtes Spaghettoni Turini  500g","p":0.84,"u":"1,68 €/KG","img":"https://fd1-photos.leclercdrive.fr/image.ashx?id=2607557&use=l&cat=p&typeid=i","cat":284427},{"id":47258,"n":"Pâtes coquillettes Turini Blé complet  - 500g","p":1.09,"u":"2,18 €/KG","img":"https://fd1-photos.leclercdrive.fr/image.ashx?id=2607563&use=l&cat=p&typeid=i","cat":284427},{"id":47259,"n":"Pistaches Tokapi  Grillées à sec - 75g","p":1.65,"u":"22,00 €/KG","img":"https://fd1-photos.leclercdrive.fr/image.ashx?id=2795571&use=l&cat=p&typeid=i","cat":284448},{"id":47263,"n":"Brossettes Dentamyl Interdentaires - x5","p":2.49,"u":"0,50 €/P","img":"https://fd1-photos.leclercdrive.fr/image.ashx?id=2672879&use=l&cat=p&typeid=i","cat":285159},{"id":47359,"n":"Sandwich Mega Club Sodebo  Pain Complet Poulet Mayo - 230g","p":1.69,"u":"7,35 €/KG","img":"https://fd1-photos.leclercdrive.fr/image.ashx?id=2960156&use=l&cat=p&typeid=i","cat":333658},{"id":47360,"n":"Fromage à tartiner Madame Loïk Fouetté Ail Fines Herbes - 150g","p":1.65,"u":"11,00 €/KG","img":"https://fd1-photos.leclercdrive.fr/image.ashx?id=2948021&use=l&cat=p&typeid=i","cat":314029},{"id":47361,"n":"Bûche de chèvre Président 250g","p":2.93,"u":"11,72 €/KG","img":"https://fd1-photos.leclercdrive.fr/image.ashx?id=2446647&use=l&cat=p&typeid=i","cat":314031},{"id":47381,"n":"Vin Union européenne blanc Lichette 11° - 75 cl","p":2.5,"u":"3,33 €/L","img":"https://fd1-photos.leclercdrive.fr/image.ashx?id=2943855&use=l&cat=p&typeid=i","cat":289557},{"id":47382,"n":"Vin Union Européenne rouge Cramoisay - BIB 5L","p":13.46,"u":"2,69 €/L","img":"https://fd1-photos.leclercdrive.fr/image.ashx?id=2943861&use=l&cat=p&typeid=i","cat":289560},{"id":47389,"n":"AOP Bordeaux rouge Bio Nos racines - 75cl","p":5.95,"u":"7,93 €/L","img":"https://fd1-photos.leclercdrive.fr/image.ashx?id=2544452&use=l&cat=p&typeid=i","cat":289556},{"id":47408,"n":"Plateau Fromageries Occitane 5 fromages - 400g","p":5.99,"u":"14,98 €/KG","img":"https://fd1-photos.leclercdrive.fr/image.ashx?id=2808854&use=l&cat=p&typeid=i","cat":314036},{"id":47411,"n":"Café moulu Le Menez Bré L'Exquis - 250g","p":4.66,"u":"18,64 €/KG","img":"https://fd1-photos.leclercdrive.fr/image.ashx?id=2885381&use=l&cat=p&typeid=i","cat":284750},{"id":47412,"n":"Café moulu  Le Menez Bré Décaféiné -  250g","p":4.55,"u":"18,20 €/KG","img":"https://fd1-photos.leclercdrive.fr/image.ashx?id=2885378&use=l&cat=p&typeid=i","cat":284750},{"id":47414,"n":"Café moulu Savina Saveur des îles - 250g","p":3.75,"u":"15,00 €/KG","img":"https://fd1-photos.leclercdrive.fr/image.ashx?id=1866326&use=l&cat=p&typeid=i","cat":284750},{"id":47415,"n":"Café moulu Savina  Moka - 250g","p":3.75,"u":"15,00 €/KG","img":"https://fd1-photos.leclercdrive.fr/image.ashx?id=1866332&use=l&cat=p&typeid=i","cat":284750},{"id":47528,"n":"Vin mousseux J.P Chenet Blanc 11%vol - 75cl","p":5.19,"u":"6,92 €/L","img":"https://fd1-photos.leclercdrive.fr/image.ashx?id=2794469&use=l&cat=p&typeid=i","cat":284544},{"id":47529,"n":"Vin mousseux de France Rosé J.P Chenet 11%vol - 75cl","p":5.28,"u":"7,04 €/L","img":"https://fd1-photos.leclercdrive.fr/image.ashx?id=2794472&use=l&cat=p&typeid=i","cat":284544},{"id":47540,"n":"Bonbons  Werther's Original Caramel choc - 180g","p":3.14,"u":"17,44 €/KG","img":"https://fd1-photos.leclercdrive.fr/image.ashx?id=2660170&use=l&cat=p&typeid=i","cat":304252},{"id":47542,"n":"Starmint Haribo Sachet bonbons menthe - 200g","p":1.39,"u":"6,95 €/KG","img":"https://fd1-photos.leclercdrive.fr/image.ashx?id=2984889&use=l&cat=p&typeid=i","cat":304252},{"id":47543,"n":"Sucettes Chupa Chups Au fruits, sachet - 192g","p":2.13,"u":"11,09 €/KG","img":"https://fd1-photos.leclercdrive.fr/image.ashx?id=2647651&use=l&cat=p&typeid=i","cat":304252},{"id":47563,"n":"Macédoine de Légumes Bonduelle 265g","p":0.91,"u":"3,43 €/KG","img":"https://fd1-photos.leclercdrive.fr/image.ashx?id=2910007&use=l&cat=p&typeid=i","cat":312612},{"id":47567,"n":"Rhum blanc Clément  Martinique, agricole - 70cl","p":12.5,"pp":10.0,"u":"14,29 €/L","img":"https://fd1-photos.leclercdrive.fr/image.ashx?id=1973141&use=l&cat=p&typeid=i","cat":284550},{"id":47592,"n":"Crêpe fourrée Whaou Cracky choco x8 - 256g","p":2.12,"u":"8,28 €/KG","img":"https://fd1-photos.leclercdrive.fr/image.ashx?id=2971029&use=l&cat=p&typeid=i","cat":284494},{"id":47593,"n":"Yaourts Mamie Nova Chocolat - 2x150g","p":1.29,"u":"4,30 €/KG","img":"https://fd1-photos.leclercdrive.fr/image.ashx?id=2909029&use=l&cat=p&typeid=i","cat":285041},{"id":47646,"n":"Pâtes Macaroni Panzani  3 Minutes - 500G","p":1.1,"u":"2,20 €/KG","img":"https://fd1-photos.leclercdrive.fr/image.ashx?id=2896081&use=l&cat=p&typeid=i","cat":284427},{"id":47648,"n":"Filets de maquereaux Saupiquet Vin blanc et aromates - 176g","p":2.03,"u":"11,53 €/KG","img":"https://fd1-photos.leclercdrive.fr/image.ashx?id=2829967&use=l&cat=p&typeid=i","cat":303868},{"id":47657,"n":"Bâtonnets Dentastix Pedigree Grand chien x56 - 2160g","p":16.49,"u":"7,63 €/KG","img":"https://fd1-photos.leclercdrive.fr/image.ashx?id=2980064&use=l&cat=p&typeid=i","cat":294527},{"id":47658,"n":"Bâtonnets  Dentastix Pedigree Petit chien x56 - 880g","p":10.45,"u":"11,88 €/KG","img":"https://fd1-photos.leclercdrive.fr/image.ashx?id=2937787&use=l&cat=p&typeid=i","cat":294527},{"id":47667,"n":"Pâtes Penne Rigate Panzani 3 Minutes - 500G","p":1.09,"u":"2,18 €/KG","img":"https://fd1-photos.leclercdrive.fr/image.ashx?id=2896087&use=l&cat=p&typeid=i","cat":284427},{"id":47668,"n":"Pâtes Spaghetti Panzani Prêt en 3 min - 1kg","p":2.15,"u":"2,15 €/KG","img":"https://fd1-photos.leclercdrive.fr/image.ashx?id=2896102&use=l&cat=p&typeid=i","cat":284427},{"id":47681,"n":"Sauce pizza Turini aux tomates et origan - 390g","p":0.99,"u":"2,54 €/KG","img":"https://fd1-photos.leclercdrive.fr/image.ashx?id=2412025&use=l&cat=p&typeid=i","cat":288384},{"id":47686,"n":"Fromage Spécialité Babybel Maxi - 200g","p":2.03,"u":"10,15 €/KG","img":"https://fd1-photos.leclercdrive.fr/image.ashx?id=2806913&use=l&cat=p&typeid=i","cat":314030},{"id":47693,"n":"AOP Saint-Émilion vin rouge Chantet Blanet - 75cl","p":8.95,"u":"11,93 €/L","img":"https://fd1-photos.leclercdrive.fr/image.ashx?id=2848493&use=l&cat=p&typeid=i","cat":289556},{"id":47694,"n":"AOC Sauternes vin blanc Chantet Blanet - 75cl","p":12.99,"u":"17,32 €/L","img":"https://fd1-photos.leclercdrive.fr/image.ashx?id=2748055&use=l&cat=p&typeid=i","cat":289557},{"id":47698,"n":"AOC Madiran vin rouge  Terrasses d'Autan - 75cl","p":4.49,"u":"5,99 €/L","img":"https://fd1-photos.leclercdrive.fr/image.ashx?id=2800270&use=l&cat=p&typeid=i","cat":289556},{"id":47702,"n":"Sirop La Maison Guiot Violette - 70cl","p":3.11,"u":"4,44 €/L","img":"https://fd1-photos.leclercdrive.fr/image.ashx?id=2014832&use=l&cat=p&typeid=i","cat":295020},{"id":47718,"n":"Boisson gourmande PAGO Cocktail Tropical Vitaminé - 75cl","p":1.81,"u":"2,41 €/L","img":"https://fd1-photos.leclercdrive.fr/image.ashx?id=2861854&use=l&cat=p&typeid=i","cat":284917},{"id":47722,"n":"Compotes Pom'Potes Gourdes  Pomme Nature - 12x90g","p":4.58,"u":"4,24 €/KG","img":"https://fd1-photos.leclercdrive.fr/image.ashx?id=2968082&use=l&cat=p&typeid=i","cat":284508},{"id":47725,"n":"Bière blonde Lime Desperados 3%vol. - 3x33cl","p":4.65,"u":"4,70 €/L","img":"https://fd1-photos.leclercdrive.fr/image.ashx?id=2655868&use=l&cat=p&typeid=i","cat":334878},{"id":47726,"n":"Bière Red Desperados 5.9%vol. - 3x33cl","p":4.89,"u":"4,94 €/L","img":"https://fd1-photos.leclercdrive.fr/image.ashx?id=2918640&use=l&cat=p&typeid=i","cat":334878},{"id":47734,"n":"Huile spécial fondue Cauvin 1L","p":5.42,"u":"5,42 €/L","img":"https://fd1-photos.leclercdrive.fr/image.ashx?id=2484218&use=l&cat=p&typeid=i","cat":284453},{"id":47742,"n":"Lait nuage de lait Régilait Non sucré entier - 10x14g","p":0.89,"u":"6,36 €/KG","img":"https://fd1-photos.leclercdrive.fr/image.ashx?id=2018649&use=l&cat=p&typeid=i","cat":299162},{"id":47743,"n":"Lait en poudre écrémé Régilait Instantané - 300g","p":2.43,"u":"8,10 €/KG","img":"https://fd1-photos.leclercdrive.fr/image.ashx?id=2110080&use=l&cat=p&typeid=i","cat":299162},{"id":47760,"n":"Gâteaux moelleux Milka Pépites de chocolat - 140g","p":1.99,"u":"14,21 €/KG","img":"https://fd1-photos.leclercdrive.fr/image.ashx?id=2192581&use=l&cat=p&typeid=i","cat":284495},{"id":47789,"n":"Purée bio Bio Village  Pommes de terre - 2x125g","p":2.19,"u":"8,76 €/KG","img":"https://fd1-photos.leclercdrive.fr/image.ashx?id=2467679&use=l&cat=p&typeid=i","cat":284431},{"id":47790,"n":"Crottin poitevin NRT Fromage de chèvre - 2x60g","p":3.1,"u":"25,83 €/KG","img":"https://fd1-photos.leclercdrive.fr/image.ashx?id=2932432&use=l&cat=p&typeid=i","cat":314031},{"id":47794,"n":"Fromage Tomme de Savoie NRT IGP 300g","p":4.29,"u":"14,30 €/KG","img":"https://fd1-photos.leclercdrive.fr/image.ashx?id=2934835&use=l&cat=p&typeid=i","cat":329184},{"id":47795,"n":"Papier toilette humide Lotus Aloe Douceur - x42 feuilles","p":1.78,"u":"0,04 €/P","img":"https://fd1-photos.leclercdrive.fr/image.ashx?id=2864840&use=l&cat=p&typeid=i","cat":284634},{"id":47796,"n":"Papier toilette humide Lotus Pure - x42 feuilles","p":1.65,"u":"0,04 €/P","img":"https://fd1-photos.leclercdrive.fr/image.ashx?id=2866070&use=l&cat=p&typeid=i","cat":284634},{"id":47797,"n":"Papier toilette Lotus Confort Blanc - Aquatube - x12","p":3.96,"u":"0,33 €/P","img":"https://fd1-photos.leclercdrive.fr/image.ashx?id=3002213&use=l&cat=p&typeid=i","cat":284634},{"id":47838,"n":"Speck Montorsi 100g","p":2.42,"u":"24,20 €/KG","img":"https://fd1-photos.leclercdrive.fr/image.ashx?id=2525843&use=l&cat=p&typeid=i","cat":316007},{"id":47839,"n":"Prosciutto Montorsi 90g","p":2.75,"u":"30,56 €/KG","img":"https://fd1-photos.leclercdrive.fr/image.ashx?id=2525849&use=l&cat=p&typeid=i","cat":316007},{"id":47843,"n":"Cordon bleu poulet Maître Coq 1kg","p":6.0,"u":"6,00 €/KG","img":"https://fd1-photos.leclercdrive.fr/image.ashx?id=2939475&use=l&cat=p&typeid=i","cat":319780},{"id":47865,"n":"Apéritif Lillet Rosé à base de vin 17% vol 75cl","p":12.19,"u":"16,25 €/L","img":"https://fd1-photos.leclercdrive.fr/image.ashx?id=2946493&use=l&cat=p&typeid=i","cat":304569},{"id":47866,"n":"Apéritif Lillet Blanc à base de vin 17% vol 75cl","p":11.65,"u":"15,53 €/L","img":"https://fd1-photos.leclercdrive.fr/image.ashx?id=2998922&use=l&cat=p&typeid=i","cat":304569},{"id":47872,"n":"IGP Atlantique blanc Honoré de Berticot - 75cl","p":3.45,"u":"4,60 €/L","img":"https://fd1-photos.leclercdrive.fr/image.ashx?id=1882265&use=l&cat=p&typeid=i","cat":289557},{"id":47926,"n":"Ktipiti Extra L'atelier blini - 175g","p":2.72,"u":"15,54 €/KG","img":"https://fd1-photos.leclercdrive.fr/image.ashx?id=2973706&use=l&cat=p&typeid=i","cat":315999},{"id":47927,"n":"Blinis Cocktail Blini x16 - 135g","p":1.72,"u":"12,74 €/KG","img":"https://fd1-photos.leclercdrive.fr/image.ashx?id=2947952&use=l&cat=p&typeid=i","cat":285191},{"id":48007,"n":"Vin mousseux de France Kriter blanc Demi-sec - 75cl","p":4.83,"u":"6,44 €/L","img":"https://fd1-photos.leclercdrive.fr/image.ashx?id=2840871&use=l&cat=p&typeid=i","cat":284544},{"id":48011,"n":"AOP Côtes de Provence rosé Parsat - BIB 3L","p":20.74,"u":"6,91 €/L","img":"https://fd1-photos.leclercdrive.fr/image.ashx?id=2905420&use=l&cat=p&typeid=i","cat":289560},{"id":48029,"n":"Sirop Moulin de Valdonne Pêche blanche - 70cl","p":3.33,"u":"4,76 €/L","img":"https://fd1-photos.leclercdrive.fr/image.ashx?id=2842678&use=l&cat=p&typeid=i","cat":295020},{"id":48030,"n":"Bâtonnets surimi Fleury Michon  Fromage et herbes MSC x16 -256g","p":2.76,"u":"10,78 €/KG","img":"https://fd1-photos.leclercdrive.fr/image.ashx?id=2936944&use=l&cat=p&typeid=i","cat":285189},{"id":48048,"n":"Flan bio les 2 vaches Vanille caramel - 4x100g","p":1.68,"u":"4,20 €/KG","img":"https://fd1-photos.leclercdrive.fr/image.ashx?id=2735446&use=l&cat=p&typeid=i","cat":284420},{"id":48055,"n":"Hachis parmentier Marie  1kg","p":5.49,"u":"5,49 €/KG","img":"https://fd1-photos.leclercdrive.fr/image.ashx?id=2993385&use=l&cat=p&typeid=i","cat":284254},{"id":48077,"n":"Cartouche d'encre HP Noire authentique 301","p":24.9,"u":"Dont 0,02 € d'éco-part.","img":"https://fd1-photos.leclercdrive.fr/image.ashx?id=854038&use=l&cat=p&typeid=i","cat":316445},{"id":48079,"n":"Vinaigre de Cidre MAILLE au jus de pomme concentré 50cl","p":1.79,"u":"3,58 €/L","img":"https://fd1-photos.leclercdrive.fr/image.ashx?id=2945421&use=l&cat=p&typeid=i","cat":298543},{"id":48083,"n":"Miel liquide Lune de Miel Doux et frais - 340g","p":4.49,"u":"13,21 €/KG","img":"https://fd1-photos.leclercdrive.fr/image.ashx?id=2019198&use=l&cat=p&typeid=i","cat":287643},{"id":48106,"n":"Thon vapeur Petit Navire 130g","p":1.89,"u":"14,54 €/KG","img":"https://fd1-photos.leclercdrive.fr/image.ashx?id=2536918&use=l&cat=p&typeid=i","cat":303867},{"id":48107,"n":"Thon mariné Petit Navire Citron/thym - 110g","p":1.97,"u":"17,91 €/KG","img":"https://fd1-photos.leclercdrive.fr/image.ashx?id=2986122&use=l&cat=p&typeid=i","cat":303867},{"id":48112,"n":"Poivre noir moulu Ducros Fort, N°9 - 35g","p":2.49,"u":"71,14 €/KG","img":"https://fd1-photos.leclercdrive.fr/image.ashx?id=2486593&use=l&cat=p&typeid=i","cat":284457},{"id":48113,"n":"Thym Ducros Flacon - 14g","p":1.25,"u":"89,29 €/KG","img":"https://fd1-photos.leclercdrive.fr/image.ashx?id=2983210&use=l&cat=p&typeid=i","cat":298297},{"id":48114,"n":"Persil Ducros 5g","p":1.4,"u":"280,00 €/KG","img":"https://fd1-photos.leclercdrive.fr/image.ashx?id=2490503&use=l&cat=p&typeid=i","cat":298297},{"id":48118,"n":"Whisky Glenmorangie Original 10ans - 40%vol - 70cl","p":30.7,"u":"43,86 €/L","img":"https://fd1-photos.leclercdrive.fr/image.ashx?id=2525408&use=l&cat=p&typeid=i","cat":284547},{"id":48123,"n":"IGP Pâte Radiatori Garofalo Festives - 500g","p":2.33,"u":"4,66 €/KG","img":"https://fd1-photos.leclercdrive.fr/image.ashx?id=2994560&use=l&cat=p&typeid=i","cat":284427},{"id":48126,"n":"Sachets congelation Alfapac Petit modèle  X50","p":2.28,"u":"0,05 €/P","img":"https://fd1-photos.leclercdrive.fr/image.ashx?id=2918694&use=l&cat=p&typeid=i","cat":334134},{"id":48128,"n":"Sachets congélation Alfapac Grand modèle x25","p":2.07,"u":"0,08 €/P","img":"https://fd1-photos.leclercdrive.fr/image.ashx?id=2918697&use=l&cat=p&typeid=i","cat":334134},{"id":48152,"n":"Ecrasé de pdt Florette Huile d'olive - 2x200g","p":2.9,"u":"7,44 €/KG","img":"https://fd1-photos.leclercdrive.fr/image.ashx?id=2795144&use=l&cat=p&typeid=i","cat":333665},{"id":48164,"n":"Barres céréales Extra Kellogg's Chocolat et Amande - 4x32g","p":2.59,"u":"20,23 €/KG","img":"https://fd1-photos.leclercdrive.fr/image.ashx?id=2736601&use=l&cat=p&typeid=i","cat":285869},{"id":48167,"n":"Dosettes café Plantation  Doux - x36 - 250g","p":3.83,"u":"15,32 €/KG","img":"https://fd1-photos.leclercdrive.fr/image.ashx?id=2622121&use=l&cat=p&typeid=i","cat":293238},{"id":48179,"n":"Tendre de boeuf Charal  240g","p":6.05,"u":"25,21 €/KG","img":"https://fd1-photos.leclercdrive.fr/image.ashx?id=2915958&use=l&cat=p&typeid=i","cat":284328},{"id":48184,"n":"Pistaches Maître Prunille Coques grillées sans sel -160g","p":3.93,"u":"24,56 €/KG","img":"https://fd1-photos.leclercdrive.fr/image.ashx?id=2107961&use=l&cat=p&typeid=i","cat":316002},{"id":48186,"n":"Saucisson sec Saint Agaûne Au comté - 120g","p":3.08,"u":"25,67 €/KG","img":"https://fd1-photos.leclercdrive.fr/image.ashx?id=2960945&use=l&cat=p&typeid=i","cat":316006},{"id":48200,"n":"Rillettes de poulet rôti Bordeau Chesnel - 220g","p":2.29,"u":"10,41 €/KG","img":"https://fd1-photos.leclercdrive.fr/image.ashx?id=2855046&use=l&cat=p&typeid=i","cat":316008},{"id":48203,"n":"Olives vertes Croc'frais A l'orientale Dénoyautées 200g","p":2.87,"u":"14,35 €/KG","img":"https://fd1-photos.leclercdrive.fr/image.ashx?id=2833702&use=l&cat=p&typeid=i","cat":316002},{"id":48210,"n":"Pâte d'amande Maître Prunille Tricolore - 250g","p":2.08,"u":"8,32 €/KG","img":"https://fd1-photos.leclercdrive.fr/image.ashx?id=2248330&use=l&cat=p&typeid=i","cat":284504},{"id":48226,"n":"Petit Pois, Carotte Cassegrain Tendres et Fondants 130g","p":1.25,"u":"9,62 €/KG","img":"https://fd1-photos.leclercdrive.fr/image.ashx?id=2912977&use=l&cat=p&typeid=i","cat":312607},{"id":48258,"n":"Croquettes chat Ultima Stérilisé - Saumon - 3kg","p":11.16,"u":"3,72 €/KG","img":"https://fd1-photos.leclercdrive.fr/image.ashx?id=2922221&use=l&cat=p&typeid=i","cat":284680},{"id":48259,"n":"Apéritif ambre St Raphael  14% - 1L","p":6.69,"u":"6,69 €/L","img":"https://fd1-photos.leclercdrive.fr/image.ashx?id=2288335&use=l&cat=p&typeid=i","cat":284913},{"id":48265,"n":"Porto Cruz  Réserve - 19%vol - 75cl","p":10.51,"u":"14,01 €/L","img":"https://fd1-photos.leclercdrive.fr/image.ashx?id=3011092&use=l&cat=p&typeid=i","cat":284913},{"id":48267,"n":"Rhum ambré Saint James 45%vol - 70cl","p":14.96,"u":"21,37 €/L","img":"https://fd1-photos.leclercdrive.fr/image.ashx?id=2970945&use=l&cat=p&typeid=i","cat":284550},{"id":48268,"n":"Gin Gordon's 37.5%vol - 70cl","p":13.42,"u":"19,17 €/L","img":"https://fd1-photos.leclercdrive.fr/image.ashx?id=2736388&use=l&cat=p&typeid=i","cat":284550},{"id":48272,"n":"Liqueur de menthe Get 31 24° - 70cl","p":14.33,"u":"20,47 €/L","img":"https://fd1-photos.leclercdrive.fr/image.ashx?id=2840497&use=l&cat=p&typeid=i","cat":286032},{"id":48286,"n":"Mousse au chocolat Marie Morin 400g","p":7.84,"u":"19,60 €/KG","img":"https://fd1-photos.leclercdrive.fr/image.ashx?id=2633064&use=l&cat=p&typeid=i","cat":284417},{"id":48294,"n":"Rillettes du Mans La Véritable Bordeau Chesnel - 110g","p":1.74,"u":"15,82 €/KG","img":"https://fd1-photos.leclercdrive.fr/image.ashx?id=1933083&use=l&cat=p&typeid=i","cat":316008},{"id":48302,"n":"Sandwich triangle Daunat Poulet rôti mayonnaise - 160g","p":1.44,"u":"9,00 €/KG","img":"https://fd1-photos.leclercdrive.fr/image.ashx?id=2894257&use=l&cat=p&typeid=i","cat":333658},{"id":48306,"n":"IGP Pays d'Oc rosé Grenache Les Ormes de Cambras 11.5% 75cl","p":3.05,"u":"4,07 €/L","img":"https://fd1-photos.leclercdrive.fr/image.ashx?id=2285234&use=l&cat=p&typeid=i","cat":289558},{"id":48307,"n":"IGP Pays d'Oc rosé Grenache Les Ormes de Cambras - BIB 5L","p":16.04,"u":"3,21 €/L","img":"https://fd1-photos.leclercdrive.fr/image.ashx?id=2489458&use=l&cat=p&typeid=i","cat":289560},{"id":48309,"n":"Bière aromatisée Skøll Vodka et agrumes - 3x33cl","p":3.75,"u":"3,79 €/L","img":"https://fd1-photos.leclercdrive.fr/image.ashx?id=2803556&use=l&cat=p&typeid=i","cat":334878},{"id":48310,"n":"Concentré à diluer Pulco Citron vert - 70cl","p":2.5,"u":"3,57 €/L","img":"https://fd1-photos.leclercdrive.fr/image.ashx?id=2686630&use=l&cat=p&typeid=i","cat":295020},{"id":48311,"n":"Concentré à diluer Pulco Orange Citron - 70cl","p":2.61,"u":"3,73 €/L","img":"https://fd1-photos.leclercdrive.fr/image.ashx?id=2686633&use=l&cat=p&typeid=i","cat":295020},{"id":48339,"n":"Chocolat au lait Lindt  Praliné Noisette - 100g","p":2.03,"u":"20,30 €/KG","img":"https://fd1-photos.leclercdrive.fr/image.ashx?id=2751321&use=l&cat=p&typeid=i","cat":284497},{"id":48348,"n":"Chocolat au lait Lindt Création Caramel - 150g","p":3.05,"u":"20,33 €/KG","img":"https://fd1-photos.leclercdrive.fr/image.ashx?id=2685814&use=l&cat=p&typeid=i","cat":284497},{"id":48352,"n":"Tablette de chocolat noir Lindt Orange intense - 100g","p":2.25,"u":"22,50 €/KG","img":"https://fd1-photos.leclercdrive.fr/image.ashx?id=2689496&use=l&cat=p&typeid=i","cat":284956},{"id":48353,"n":"Tablette de chocolat noir Lindt 70% cacao - 100g","p":2.25,"u":"22,50 €/KG","img":"https://fd1-photos.leclercdrive.fr/image.ashx?id=2681592&use=l&cat=p&typeid=i","cat":284956},{"id":48354,"n":"Tablette de chocolat noir Lindt 85% cacao - 100g","p":2.24,"u":"22,40 €/KG","img":"https://fd1-photos.leclercdrive.fr/image.ashx?id=2681589&use=l&cat=p&typeid=i","cat":284956},{"id":48355,"n":"Tablette de chocolat noir Lindt Caramel Pointe de sel - 100g","p":2.27,"u":"22,70 €/KG","img":"https://fd1-photos.leclercdrive.fr/image.ashx?id=2689493&use=l&cat=p&typeid=i","cat":284956},{"id":48376,"n":"Café moulu Velours Noir 100% Arabica - 2x250g","p":9.24,"u":"18,48 €/KG","img":"https://fd1-photos.leclercdrive.fr/image.ashx?id=2229299&use=l&cat=p&typeid=i","cat":284750},{"id":48378,"n":"Café moulu Jacques Vabre Brésil 100% Arabica - 250g","p":4.47,"u":"17,88 €/KG","img":"https://fd1-photos.leclercdrive.fr/image.ashx?id=2100380&use=l&cat=p&typeid=i","cat":284750},{"id":48383,"n":"Gel Lubrifiant Massage 2 en 1 Durex Sensuel Ylang Ylang 200ml","p":5.49,"u":"27,45 €/L","img":"https://fd1-photos.leclercdrive.fr/image.ashx?id=2736562&use=l&cat=p&typeid=i","cat":285160},{"id":48392,"n":"Boules en cire naturelle Quies x12 paires","p":3.43,"u":"0,29 €/P","img":"https://fd1-photos.leclercdrive.fr/image.ashx?id=2159502&use=l&cat=p&typeid=i","cat":284630},{"id":48419,"n":"AOP Alsace Riesling blanc Wolfberger - 75cl","p":6.5,"pp":4.87,"u":"6,49 €/L","img":"https://fd1-photos.leclercdrive.fr/image.ashx?id=2905357&use=l&cat=p&typeid=i","cat":289557},{"id":48420,"n":"AOC Pinot gris Vin blanc Wolfberger - 75cl","p":7.5,"u":"10,00 €/L","img":"https://fd1-photos.leclercdrive.fr/image.ashx?id=2843995&use=l&cat=p&typeid=i","cat":289557},{"id":48421,"n":"AOP Alsace Gewurztraminer blanc Wolfberger 13,5% - 75cl","p":7.85,"pp":5.89,"u":"7,85 €/L","img":"https://fd1-photos.leclercdrive.fr/image.ashx?id=2936368&use=l&cat=p&typeid=i","cat":289557},{"id":48423,"n":"AOP Menetou-Salon blanc Les Petites Plantes - 75cl","p":8.95,"u":"11,93 €/L","img":"https://fd1-photos.leclercdrive.fr/image.ashx?id=1848481&use=l&cat=p&typeid=i","cat":289557},{"id":48424,"n":"AOP Quincy blanc Mardelles Loire - 75cl","p":8.5,"u":"11,33 €/L","img":"https://fd1-photos.leclercdrive.fr/image.ashx?id=1750274&use=l&cat=p&typeid=i","cat":289557},{"id":48425,"n":"AOC Côteaux du Giennois blanc Terre des Loups - 75cl","p":7.95,"u":"10,60 €/L","img":"https://fd1-photos.leclercdrive.fr/image.ashx?id=2642543&use=l&cat=p&typeid=i","cat":289557},{"id":48429,"n":"AOP Corse rosé Terra Nostra - 75cl","p":6.5,"pp":5.2,"u":"6,93 €/L","img":"https://fd1-photos.leclercdrive.fr/image.ashx?id=2217563&use=l&cat=p&typeid=i","cat":289558},{"id":48471,"n":"Mélange 5 baies n°5 Ducros 70g","p":4.18,"u":"59,71 €/KG","img":"https://fd1-photos.leclercdrive.fr/image.ashx?id=2486602&use=l&cat=p&typeid=i","cat":284457},{"id":48482,"n":"AOP Côtes du Rhône rouge Bio Domaine Sarrelon - 75cl","p":6.34,"u":"8,45 €/L","img":"https://fd1-photos.leclercdrive.fr/image.ashx?id=1600950&use=l&cat=p&typeid=i","cat":289556},{"id":48489,"n":"IGP Côtes Catalanes vin rouge Tessellae Carignan - 75cl","p":5.95,"u":"7,93 €/L","img":"https://fd1-photos.leclercdrive.fr/image.ashx?id=2672458&use=l&cat=p&typeid=i","cat":289556},{"id":48490,"n":"AOP Saumur Mlle Ladubay Blanc brut 75cl","p":6.04,"u":"8,05 €/L","img":"https://fd1-photos.leclercdrive.fr/image.ashx?id=1758103&use=l&cat=p&typeid=i","cat":284544},{"id":48491,"n":"AOP Saumur Mlle Ladubay Blanc demi sec - 75cl","p":6.04,"u":"8,05 €/L","img":"https://fd1-photos.leclercdrive.fr/image.ashx?id=2246644&use=l&cat=p&typeid=i","cat":284544},{"id":48492,"n":"AOP Montlouis Brut Cuvée des Anges - 75cl","p":6.95,"u":"9,27 €/L","img":"https://fd1-photos.leclercdrive.fr/image.ashx?id=2885372&use=l&cat=p&typeid=i","cat":284545},{"id":48494,"n":"Steak haché Pur Boeuf 5%MG Les Eleveurs de Bretagne - 250g","p":5.59,"u":"22,36 €/KG","img":"https://fd1-photos.leclercdrive.fr/image.ashx?id=2406055&use=l&cat=p&typeid=i","cat":284332},{"id":48495,"n":"Steak haché Pur Boeuf 5%MG Les Eleveurs de Bretagne - 400g","p":8.69,"u":"21,73 €/KG","img":"https://fd1-photos.leclercdrive.fr/image.ashx?id=2406058&use=l&cat=p&typeid=i","cat":284332},{"id":48504,"n":"Faux filet *** Charal  x1 - 200g","p":6.45,"u":"32,25 €/KG","img":"https://fd1-photos.leclercdrive.fr/image.ashx?id=1893008&use=l&cat=p&typeid=i","cat":284328},{"id":48508,"n":"Ketchup AMORA Flacon Souple - 550g","p":1.5,"u":"2,73 €/KG","img":"https://fd1-photos.leclercdrive.fr/image.ashx?id=2766649&use=l&cat=p&typeid=i","cat":284455},{"id":48511,"n":"Menagère poivre blanc  Ducros N° 8 - 90g","p":3.97,"u":"44,11 €/KG","img":"https://fd1-photos.leclercdrive.fr/image.ashx?id=2559481&use=l&cat=p&typeid=i","cat":284457},{"id":48512,"n":"Poivre noir n°6 Ducros Moulin - 28g","p":2.61,"u":"93,21 €/KG","img":"https://fd1-photos.leclercdrive.fr/image.ashx?id=2559472&use=l&cat=p&typeid=i","cat":284457},{"id":48513,"n":"Poivre noir n°6 Ducros Grains - 90g","p":3.47,"u":"38,56 €/KG","img":"https://fd1-photos.leclercdrive.fr/image.ashx?id=2473336&use=l&cat=p&typeid=i","cat":284457},{"id":48515,"n":"Coriandre Ducros Moulue - 32g","p":1.28,"u":"40,00 €/KG","img":"https://fd1-photos.leclercdrive.fr/image.ashx?id=2490497&use=l&cat=p&typeid=i","cat":298297},{"id":48525,"n":"Tomato Ketchup Heinz - 700g","p":2.68,"u":"3,83 €/KG","img":"https://fd1-photos.leclercdrive.fr/image.ashx?id=2729326&use=l&cat=p&typeid=i","cat":284455},{"id":48526,"n":"AOP Saint-Pourçain blanc Domaine Chérillat - 75cl","p":8.9,"u":"11,87 €/L","img":"https://fd1-photos.leclercdrive.fr/image.ashx?id=1756678&use=l&cat=p&typeid=i","cat":289557},{"id":48528,"n":"AOP Sancerre blanc La Vigne Blanche - 75cl","p":16.67,"u":"22,23 €/L","img":"https://fd1-photos.leclercdrive.fr/image.ashx?id=969417&use=l&cat=p&typeid=i","cat":289557},{"id":48531,"n":"AOC Côtes de Provence rosé L'Escalette - 75cl","p":8.9,"u":"11,87 €/L","img":"https://fd1-photos.leclercdrive.fr/image.ashx?id=2772122&use=l&cat=p&typeid=i","cat":289558},{"id":48537,"n":"AOP Saint Nicolas de Bourgueil Les Acacias - 75cl","p":8.5,"u":"11,33 €/L","img":"https://fd1-photos.leclercdrive.fr/image.ashx?id=853091&use=l&cat=p&typeid=i","cat":289556},{"id":48545,"n":"Biscuits petit beurre LU 400g","p":2.16,"u":"5,40 €/KG","img":"https://fd1-photos.leclercdrive.fr/image.ashx?id=2119376&use=l&cat=p&typeid=i","cat":284487},{"id":48573,"n":"Barre Chocolat au Lait KitKat x10 barres - 415g","p":4.9,"u":"1,18 €/L","img":"https://fd1-photos.leclercdrive.fr/image.ashx?id=2905045&use=l&cat=p&typeid=i","cat":284498},{"id":48575,"n":"Lasagnes bolognaise bio HippBio 250g","p":2.33,"u":"9,32 €/KG","img":"https://fd1-photos.leclercdrive.fr/image.ashx?id=2929080&use=l&cat=p&typeid=i","cat":312238},{"id":48589,"n":"Lait bébé poudre Gallia Calisma croissance Dès 12 mois 1,2kg","p":15.15,"u":"12,63 €/KG","img":"https://fd1-photos.leclercdrive.fr/image.ashx?id=2973553&use=l&cat=p&typeid=i","cat":290219},{"id":48598,"n":"Cannelloni bio Hipp Bio Aux légumes - 250g","p":2.27,"u":"9,08 €/KG","img":"https://fd1-photos.leclercdrive.fr/image.ashx?id=2929083&use=l&cat=p&typeid=i","cat":312238},{"id":48602,"n":"Repas du soir Babybio 12 mois Légumes vert Bio - 400g","p":2.39,"u":"5,98 €/KG","img":"https://fd1-photos.leclercdrive.fr/image.ashx?id=2834524&use=l&cat=p&typeid=i","cat":312239},{"id":48603,"n":"Farine de blé Francine 1,4kg","p":1.54,"u":"1,10 €/KG","img":"https://fd1-photos.leclercdrive.fr/image.ashx?id=2881308&use=l&cat=p&typeid=i","cat":284503},{"id":48604,"n":"Farine fluide Francine 1.4kg","p":1.61,"u":"1,15 €/KG","img":"https://fd1-photos.leclercdrive.fr/image.ashx?id=2881305&use=l&cat=p&typeid=i","cat":284503},{"id":48611,"n":"Plat bébé soir Blédiner 12 mois Pâtes légumes - 2x200g","p":2.25,"u":"5,63 €/KG","img":"https://fd1-photos.leclercdrive.fr/image.ashx?id=2975068&use=l&cat=p&typeid=i","cat":312239},{"id":48615,"n":"Coton Demak'up Duo disque x108","p":1.54,"u":"0,01 €/P","img":"https://fd1-photos.leclercdrive.fr/image.ashx?id=2791461&use=l&cat=p&typeid=i","cat":285593},{"id":48633,"n":"Boisson gourmande PAGO Fraise 75cl","p":2.61,"u":"3,48 €/L","img":"https://fd1-photos.leclercdrive.fr/image.ashx?id=2954007&use=l&cat=p&typeid=i","cat":284915},{"id":48646,"n":"Soda à l'orange Orangina Sans Sucres - 6x33cl","p":3.39,"u":"1,71 €/L","img":"https://fd1-photos.leclercdrive.fr/image.ashx?id=2946931&use=l&cat=p&typeid=i","cat":284532},{"id":48697,"n":"Sachet chat Purina One Sterillcat - 8x85g","p":3.91,"u":"5,75 €/KG","img":"https://fd1-photos.leclercdrive.fr/image.ashx?id=2899695&use=l&cat=p&typeid=i","cat":285286},{"id":48698,"n":"Croquettes chat Purina One Stérilisé/Intérieur-Poulet1.5kg","p":6.72,"u":"4,48 €/KG","img":"https://fd1-photos.leclercdrive.fr/image.ashx?id=2681257&use=l&cat=p&typeid=i","cat":284680},{"id":48704,"n":"Boîte chat Whiskas Gelée du pêcheur - 4x390g","p":4.45,"u":"2,85 €/KG","img":"https://fd1-photos.leclercdrive.fr/image.ashx?id=2759622&use=l&cat=p&typeid=i","cat":285601},{"id":48711,"n":"Friandises chien Fido  Dental Delicious - 130g","p":1.55,"u":"11,92 €/KG","img":"https://fd1-photos.leclercdrive.fr/image.ashx?id=2361614&use=l&cat=p&typeid=i","cat":294527},{"id":48717,"n":"Barquettes chats Gourmet Gold Les mousselines - 24x85g","p":10.58,"u":"5,19 €/KG","img":"https://fd1-photos.leclercdrive.fr/image.ashx?id=2861500&use=l&cat=p&typeid=i","cat":285286},{"id":48721,"n":"Poêlée jardinière D'aucy  580g","p":2.45,"u":"4,22 €/KG","img":"https://fd1-photos.leclercdrive.fr/image.ashx?id=2582816&use=l&cat=p&typeid=i","cat":312612},{"id":48725,"n":"Légumes pour Couscous D'Aucy Orientale - 800g","p":1.75,"u":"2,19 €/KG","img":"https://fd1-photos.leclercdrive.fr/image.ashx?id=2577800&use=l&cat=p&typeid=i","cat":312612},{"id":48745,"n":"Chocolat Pâtissier Nestlé Dessert Lait - 170g","p":3.01,"u":"17,71 €/KG","img":"https://fd1-photos.leclercdrive.fr/image.ashx?id=2961242&use=l&cat=p&typeid=i","cat":285562},{"id":48777,"n":"Confiture Confipote allégée en  Sucres - Pot Fraise - 350g","p":1.88,"u":"5,37 €/KG","img":"https://fd1-photos.leclercdrive.fr/image.ashx?id=2388436&use=l&cat=p&typeid=i","cat":284480},{"id":48803,"n":"Confiture Confipote allégée en  Sucres - Pot Abricot - 350g","p":1.84,"u":"5,26 €/KG","img":"https://fd1-photos.leclercdrive.fr/image.ashx?id=2120959&use=l&cat=p&typeid=i","cat":284480},{"id":48806,"n":"Tomates pelées bio Jardin Bio - 480g","p":2.09,"u":"4,35 €/KG","img":"https://fd1-photos.leclercdrive.fr/image.ashx?id=2535571&use=l&cat=p&typeid=i","cat":288384},{"id":48807,"n":"Tartines bio Jardin Bio  Craquantes avoine - 150g","p":2.23,"u":"14,87 €/KG","img":"https://fd1-photos.leclercdrive.fr/image.ashx?id=2849187&use=l&cat=p&typeid=i","cat":318654},{"id":48809,"n":"Tartines bio Jardin Bio Craquantes au sarrasin - 300g","p":3.76,"u":"12,53 €/KG","img":"https://fd1-photos.leclercdrive.fr/image.ashx?id=2535562&use=l&cat=p&typeid=i","cat":284479},{"id":48810,"n":"Tortillas chili Jardin Bio Sans gluten bio - 125g","p":2.28,"u":"18,24 €/KG","img":"https://fd1-photos.leclercdrive.fr/image.ashx?id=2959475&use=l&cat=p&typeid=i","cat":318654},{"id":48817,"n":"Lait sucré Régilait Caramel beurre salé - 300g","p":2.87,"u":"9,57 €/KG","img":"https://fd1-photos.leclercdrive.fr/image.ashx?id=2018640&use=l&cat=p&typeid=i","cat":299162},{"id":48822,"n":"Friandises chat Catisfactions Saumon - 180g","p":3.04,"u":"16,89 €/KG","img":"https://fd1-photos.leclercdrive.fr/image.ashx?id=2912527&use=l&cat=p&typeid=i","cat":285285},{"id":48839,"n":"Lait concentré Régilait Non sucré, demi écrémé - 410g","p":1.47,"u":"3,59 €/KG","img":"https://fd1-photos.leclercdrive.fr/image.ashx?id=2405863&use=l&cat=p&typeid=i","cat":299162},{"id":48846,"n":"Purée tomate bio Jardin Bio 200g","p":0.79,"u":"3,95 €/KG","img":"https://fd1-photos.leclercdrive.fr/image.ashx?id=2535034&use=l&cat=p&typeid=i","cat":288384},{"id":48870,"n":"Infusion bio Jardin Bio Thym de France x20 - 28g","p":2.4,"u":"85,71 €/KG","img":"https://fd1-photos.leclercdrive.fr/image.ashx?id=2792840&use=l&cat=p&typeid=i","cat":293234},{"id":48875,"n":"Décor pour gateaux Vahiné Spécial anniversaire - x1","p":1.18,"img":"https://fd1-photos.leclercdrive.fr/image.ashx?id=2833345&use=l&cat=p&typeid=i","cat":284504},{"id":48879,"n":"Purée de piment Tables du Monde - 100g","p":1.19,"u":"11,90 €/KG","img":"https://fd1-photos.leclercdrive.fr/image.ashx?id=2679744&use=l&cat=p&typeid=i","cat":288992},{"id":48915,"n":"Sauce Arôme Maggi 1kg","p":5.83,"u":"5,83 €/KG","img":"https://fd1-photos.leclercdrive.fr/image.ashx?id=2785352&use=l&cat=p&typeid=i","cat":288379},{"id":49018,"n":"Beurre Moulé Paysan Breton Sel de guérande - 80% MG - 250g","p":3.18,"u":"12,72 €/KG","img":"https://fd1-photos.leclercdrive.fr/image.ashx?id=2869035&use=l&cat=p&typeid=i","cat":284379},{"id":49050,"n":"Boisson gazeuse Sprink's Sans alcool - Mojito - 1.5L","p":1.75,"u":"1,17 €/L","img":"https://fd1-photos.leclercdrive.fr/image.ashx?id=2925976&use=l&cat=p&typeid=i","cat":284531},{"id":49058,"n":"Piles Tech+ Foxter AA/LR6 1,5V - x8","p":2.99,"u":"0,37 €/P","img":"https://fd1-photos.leclercdrive.fr/image.ashx?id=2162324&use=l&cat=p&typeid=i","cat":300572},{"id":49059,"n":"Piles Tech+ Foxter AAA/LR3 1,5V - x8","p":2.99,"img":"https://fd1-photos.leclercdrive.fr/image.ashx?id=2162327&use=l&cat=p&typeid=i","cat":300572},{"id":49077,"n":"Biscuit P'tit Deli  Chocolat lait - 150g","p":1.58,"u":"10,53 €/KG","img":"https://fd1-photos.leclercdrive.fr/image.ashx?id=2529605&use=l&cat=p&typeid=i","cat":284488},{"id":49078,"n":"Gaufrette P'tit Déli  Chocolat lait - 125g","p":1.29,"u":"10,32 €/KG","img":"https://fd1-photos.leclercdrive.fr/image.ashx?id=2858839&use=l&cat=p&typeid=i","cat":284490},{"id":49079,"n":"Petites madeleines P'tit Deli  Pépites de chocolat - 400g","p":1.69,"u":"4,23 €/KG","img":"https://fd1-photos.leclercdrive.fr/image.ashx?id=2999511&use=l&cat=p&typeid=i","cat":284492},{"id":49131,"n":"Gin Bombay Sapphire 40° - 70cl","p":22.34,"u":"31,91 €/L","img":"https://fd1-photos.leclercdrive.fr/image.ashx?id=2842879&use=l&cat=p&typeid=i","cat":284550},{"id":49132,"n":"Gin Tanqueray 43.1%vol - 70cl","p":20.31,"u":"29,01 €/L","img":"https://fd1-photos.leclercdrive.fr/image.ashx?id=2414906&use=l&cat=p&typeid=i","cat":284550},{"id":49175,"n":"Sucre glace Béghin Say Sachet - 1kg","p":2.26,"u":"2,26 €/KG","img":"https://fd1-photos.leclercdrive.fr/image.ashx?id=2326775&use=l&cat=p&typeid=i","cat":284502},{"id":49249,"n":"Gousse de vanille Bio Vahiné Madagascar Grand cru - 3g","p":4.07,"img":"https://fd1-photos.leclercdrive.fr/image.ashx?id=2559826&use=l&cat=p&typeid=i","cat":284504},{"id":49254,"n":"Gelifiant Vahiné Agar Agar - 8g","p":2.52,"u":"315,00 €/KG","img":"https://fd1-photos.leclercdrive.fr/image.ashx?id=2833342&use=l&cat=p&typeid=i","cat":284504},{"id":49282,"n":"Tablette de chocolat noir Lindt Zeste de citron vert - 100g","p":2.39,"u":"23,90 €/KG","img":"https://fd1-photos.leclercdrive.fr/image.ashx?id=2608160&use=l&cat=p&typeid=i","cat":284956},{"id":49288,"n":"Bols soir bébé bio Babybio Pâtes - 8 mois - 2x200g","p":2.39,"u":"5,98 €/KG","img":"https://fd1-photos.leclercdrive.fr/image.ashx?id=2838344&use=l&cat=p&typeid=i","cat":312239},{"id":49294,"n":"Cotons Démaquillants Demak'Up Original - x105","p":1.36,"u":"0,01 €/P","img":"https://fd1-photos.leclercdrive.fr/image.ashx?id=2745274&use=l&cat=p&typeid=i","cat":284636},{"id":49295,"n":"Cotons Démaquillants Demak'Up Ovale sensitive - x48","p":1.5,"u":"0,03 €/P","img":"https://fd1-photos.leclercdrive.fr/image.ashx?id=2745277&use=l&cat=p&typeid=i","cat":284636},{"id":49296,"n":"Barre Chocolat au Lait Lion x10 barres - 420g","p":3.74,"u":"8,90 €/KG","img":"https://fd1-photos.leclercdrive.fr/image.ashx?id=2736988&use=l&cat=p&typeid=i","cat":284498},{"id":49298,"n":"Biscuits croquant Nutella &Go! Pâte à tartiner x2 packs - 104g","p":2.19,"u":"21,06 €/KG","img":"https://fd1-photos.leclercdrive.fr/image.ashx?id=2737240&use=l&cat=p&typeid=i","cat":284488},{"id":49306,"n":"Gel anti-calcaire Calgon  Hygiène Plus - 2,25L","p":13.64,"u":"6,06 €/L","img":"https://fd1-photos.leclercdrive.fr/image.ashx?id=2953764&use=l&cat=p&typeid=i","cat":284653},{"id":49333,"n":"Déodorant bille Men Expert Carbon Protection 48h - 50ml","p":2.6,"u":"52,00 €/L","img":"https://fd1-photos.leclercdrive.fr/image.ashx?id=2394561&use=l&cat=p&typeid=i","cat":284618},{"id":49337,"n":"Protège-slips Vania Confort Fresh - Normal - x28","p":1.78,"u":"0,06 €/P","img":"https://fd1-photos.leclercdrive.fr/image.ashx?id=2735203&use=l&cat=p&typeid=i","cat":284625},{"id":49338,"n":"Protège-slips plat Vania Confort Aloe Vera- Normal - x28","p":1.75,"u":"0,06 €/P","img":"https://fd1-photos.leclercdrive.fr/image.ashx?id=2735200&use=l&cat=p&typeid=i","cat":284625},{"id":49349,"n":"Petit croquant Kühne Aigre doux - 360g","p":3.45,"u":"9,58 €/KG","img":"https://fd1-photos.leclercdrive.fr/image.ashx?id=2551036&use=l&cat=p&typeid=i","cat":284458},{"id":49353,"n":"Olives apéro Borges A la marocaine - 150g","p":2.26,"u":"15,07 €/KG","img":"https://fd1-photos.leclercdrive.fr/image.ashx?id=2528274&use=l&cat=p&typeid=i","cat":284458},{"id":49354,"n":"Olives Noires Grecques Tramier  Dénoyautées 220g","p":2.38,"u":"23,80 €/KG","img":"https://fd1-photos.leclercdrive.fr/image.ashx?id=2836340&use=l&cat=p&typeid=i","cat":284450},{"id":49400,"n":"Beurre La Motte Président  Demi-sel - 80% MG - 250g","p":3.85,"u":"15,40 €/KG","img":"https://fd1-photos.leclercdrive.fr/image.ashx?id=2903113&use=l&cat=p&typeid=i","cat":284379},{"id":49401,"n":"Matière grasse Primevere Bio à tartiner - 55% MG - 250g","p":2.1,"u":"8,40 €/KG","img":"https://fd1-photos.leclercdrive.fr/image.ashx?id=2928456&use=l&cat=p&typeid=i","cat":315229},{"id":49561,"n":"Gel Douche 5en1 Men Expert Pure carbon - 300ml","p":2.79,"u":"9,30 €/L","img":"https://fd1-photos.leclercdrive.fr/image.ashx?id=1603553&use=l&cat=p&typeid=i","cat":284619},{"id":49567,"n":"Diabolo grenadine Sprink's Bouteille - 1.5L","p":1.69,"u":"1,13 €/L","img":"https://fd1-photos.leclercdrive.fr/image.ashx?id=2901461&use=l&cat=p&typeid=i","cat":284532},{"id":49569,"n":"Boisson énergisante Monster Ultra zéro  - 50cl","p":1.58,"u":"3,16 €/L","img":"https://fd1-photos.leclercdrive.fr/image.ashx?id=2736697&use=l&cat=p&typeid=i","cat":284533},{"id":49575,"n":"Boisson énergisante Monster Energy Mixxd Punch - 50CL","p":1.5,"u":"3,00 €/L","img":"https://fd1-photos.leclercdrive.fr/image.ashx?id=2206172&use=l&cat=p&typeid=i","cat":284533},{"id":49632,"n":"Pain de mie 100% Mie Harrys Nature Longue conservation 325g","p":2.06,"u":"6,34 €/KG","img":"https://fd1-photos.leclercdrive.fr/image.ashx?id=2469647&use=l&cat=p&typeid=i","cat":284477},{"id":49636,"n":"Biscuits Baiocchi Mulino Bianco Chocolat noisette Snack - 336g","p":2.66,"u":"7,92 €/KG","img":"https://fd1-photos.leclercdrive.fr/image.ashx?id=2787962&use=l&cat=p&typeid=i","cat":284488},{"id":49640,"n":"Bières blonde Bio Dremmwel 5% - 6x25cl","p":5.33,"u":"3,55 €/L","img":"https://fd1-photos.leclercdrive.fr/image.ashx?id=2678050&use=l&cat=p&typeid=i","cat":334873},{"id":49649,"n":"Sauce Tomate Cuisinée Heinz Ail & Oignon x2 - 210g","p":1.41,"u":"3,36 €/KG","img":"https://fd1-photos.leclercdrive.fr/image.ashx?id=2926990&use=l&cat=p&typeid=i","cat":288384},{"id":49653,"n":"Chapelure dorée Tipiak 250g","p":0.69,"u":"2,76 €/KG","img":"https://fd1-photos.leclercdrive.fr/image.ashx?id=2563490&use=l&cat=p&typeid=i","cat":288382},{"id":49656,"n":"Sauce burger Amora 448g","p":2.01,"u":"4,49 €/KG","img":"https://fd1-photos.leclercdrive.fr/image.ashx?id=3014656&use=l&cat=p&typeid=i","cat":318431},{"id":49657,"n":"Huile de noisette Cauvin 25cl","p":3.57,"u":"14,28 €/L","img":"https://fd1-photos.leclercdrive.fr/image.ashx?id=2484221&use=l&cat=p&typeid=i","cat":284453},{"id":49659,"n":"Huile de noix Cauvin Bouteille - 25cl","p":2.97,"u":"11,88 €/L","img":"https://fd1-photos.leclercdrive.fr/image.ashx?id=2482318&use=l&cat=p&typeid=i","cat":284453},{"id":49664,"n":"Farine complète Francine Boîte - 1kg","p":1.68,"u":"1,68 €/KG","img":"https://fd1-photos.leclercdrive.fr/image.ashx?id=2018898&use=l&cat=p&typeid=i","cat":284503},{"id":49667,"n":"Sauceline Maïzena 250g","p":1.84,"u":"7,36 €/KG","img":"https://fd1-photos.leclercdrive.fr/image.ashx?id=2915673&use=l&cat=p&typeid=i","cat":288382},{"id":49674,"n":"Fécule de pomme de terre Tipiak Substitut de farine - 250g","p":0.73,"u":"2,92 €/KG","img":"https://fd1-photos.leclercdrive.fr/image.ashx?id=2563487&use=l&cat=p&typeid=i","cat":288382},{"id":49681,"n":"Yaourt La Laitière Nature - 4x125g","p":1.74,"u":"3,48 €/KG","img":"https://fd1-photos.leclercdrive.fr/image.ashx?id=3007978&use=l&cat=p&typeid=i","cat":284409},{"id":49682,"n":"Yaourt La Laitière Vanille - 4x125g","p":1.94,"u":"3,88 €/KG","img":"https://fd1-photos.leclercdrive.fr/image.ashx?id=2650393&use=l&cat=p&typeid=i","cat":286006},{"id":49684,"n":"Yaourts La Laitière Nature - 8x125g","p":2.82,"u":"22,56 €/KG","img":"https://fd1-photos.leclercdrive.fr/image.ashx?id=2679509&use=l&cat=p&typeid=i","cat":284409},{"id":49700,"n":"Matin Léger Bio de Lactel Sans lactose 1.2%mg - 6x1L","p":13.35,"u":"2,23 €/L","img":"https://fd1-photos.leclercdrive.fr/image.ashx?id=2883552&use=l&cat=p&typeid=i","cat":317169},{"id":49701,"n":"Crème fraîche Bio Le Gall Fleurette - 25cl","p":1.95,"u":"7,80 €/L","img":"https://fd1-photos.leclercdrive.fr/image.ashx?id=2381018&use=l&cat=p&typeid=i","cat":284381},{"id":49800,"n":"Chorizo doux César Moroni   200g","p":2.49,"u":"12,45 €/KG","img":"https://fd1-photos.leclercdrive.fr/image.ashx?id=2854420&use=l&cat=p&typeid=i","cat":316006},{"id":49803,"n":"Chorizo fort César Moroni   200g","p":2.59,"u":"12,95 €/KG","img":"https://fd1-photos.leclercdrive.fr/image.ashx?id=2947841&use=l&cat=p&typeid=i","cat":316006},{"id":49825,"n":"Croco Pik Haribo  Sachet bonbons acidulés - 275g","p":1.65,"u":"6,00 €/KG","img":"https://fd1-photos.leclercdrive.fr/image.ashx?id=2802350&use=l&cat=p&typeid=i","cat":304250},{"id":49828,"n":"Happy Life Haribo Sachet bonbons - 275g","p":1.45,"u":"5,27 €/KG","img":"https://fd1-photos.leclercdrive.fr/image.ashx?id=2803577&use=l&cat=p&typeid=i","cat":304250},{"id":49832,"n":"Dragibus Pik Haribo Sachet bonbons - 230g","p":1.77,"u":"7,70 €/KG","img":"https://fd1-photos.leclercdrive.fr/image.ashx?id=2984907&use=l&cat=p&typeid=i","cat":304250},{"id":49834,"n":"Bonbons LUTTI BestFizz Assortiment Piquant - 550g","p":3.49,"u":"6,35 €/KG","img":"https://fd1-photos.leclercdrive.fr/image.ashx?id=2815022&use=l&cat=p&typeid=i","cat":304250},{"id":49845,"n":"Jus multifruits Jafaden Brique, ABC - 2L","p":2.65,"u":"1,33 €/L","img":"https://fd1-photos.leclercdrive.fr/image.ashx?id=2759220&use=l&cat=p&typeid=i","cat":284917},{"id":49851,"n":"Limonade Sprink's 1.5L","p":0.95,"u":"0,63 €/L","img":"https://fd1-photos.leclercdrive.fr/image.ashx?id=2954103&use=l&cat=p&typeid=i","cat":284531},{"id":49852,"n":"Speck alto adige IGP Tradizioni d'Italia - 70g","p":1.95,"u":"27,86 €/KG","img":"https://fd1-photos.leclercdrive.fr/image.ashx?id=2925225&use=l&cat=p&typeid=i","cat":316007},{"id":49857,"n":"Mortadella bologna IGP Tradizioni d'Italia - 150g","p":2.59,"u":"17,27 €/KG","img":"https://fd1-photos.leclercdrive.fr/image.ashx?id=2925222&use=l&cat=p&typeid=i","cat":316009},{"id":49858,"n":"Prosciutto di parma AOP 18 mois Tradizioni d'Italia - 80g","p":3.79,"u":"47,38 €/KG","img":"https://fd1-photos.leclercdrive.fr/image.ashx?id=2925216&use=l&cat=p&typeid=i","cat":316007},{"id":49863,"n":"Pizza feu de bois  Turini  Saumon  - 420g","p":2.45,"u":"5,83 €/KG","img":"https://fd1-photos.leclercdrive.fr/image.ashx?id=2816579&use=l&cat=p&typeid=i","cat":284256},{"id":49865,"n":"Steak haché Authentique Charal Pur Bœuf 10% MG  8x125g - 1kg","p":15.23,"u":"15,23 €/KG","img":"https://fd1-photos.leclercdrive.fr/image.ashx?id=2741955&use=l&cat=p&typeid=i","cat":319778},{"id":49870,"n":"Protection Absorbante Tena Men  Médium - x10","p":4.53,"u":"0,45 €/P","img":"https://fd1-photos.leclercdrive.fr/image.ashx?id=2428573&use=l&cat=p&typeid=i","cat":291514},{"id":49872,"n":"Tampons Tampax Compak Pearl Super - x18","p":2.67,"u":"0,15 €/P","img":"https://fd1-photos.leclercdrive.fr/image.ashx?id=2956616&use=l&cat=p&typeid=i","cat":284626},{"id":49880,"n":"Boisson concentrée Frucci Menthe avec édulcorants - 75cl","p":2.39,"u":"3,19 €/L","img":"https://fd1-photos.leclercdrive.fr/image.ashx?id=2909903&use=l&cat=p&typeid=i","cat":295020},{"id":49881,"n":"Sirop Frucci Zero Grenadine avec edulcorants-75cl","p":2.49,"u":"3,32 €/L","img":"https://fd1-photos.leclercdrive.fr/image.ashx?id=2956110&use=l&cat=p&typeid=i","cat":295020},{"id":49883,"n":"Soda tonic Sprink's 1.5L","p":1.05,"u":"0,70 €/L","img":"https://fd1-photos.leclercdrive.fr/image.ashx?id=2954106&use=l&cat=p&typeid=i","cat":284531},{"id":49930,"n":"Yaourt douceur Le Petit Basque Brebis nature - 4x100g","p":2.81,"u":"7,03 €/KG","img":"https://fd1-photos.leclercdrive.fr/image.ashx?id=2248084&use=l&cat=p&typeid=i","cat":314998},{"id":49932,"n":"Fromage Pavé d'Affinois Original - 180g","p":2.59,"u":"14,39 €/KG","img":"https://fd1-photos.leclercdrive.fr/image.ashx?id=2644070&use=l&cat=p&typeid=i","cat":314030},{"id":49933,"n":"Fromage Pavé d'Affinois Mini Mix 5 variétés - 130g","p":2.56,"u":"19,69 €/KG","img":"https://fd1-photos.leclercdrive.fr/image.ashx?id=2644076&use=l&cat=p&typeid=i","cat":314030},{"id":49954,"n":"Limonade Sprink's 6x50cl","p":4.92,"u":"1,64 €/L","img":"https://fd1-photos.leclercdrive.fr/image.ashx?id=2913718&use=l&cat=p&typeid=i","cat":284531},{"id":49956,"n":"Soda à l'orange Orangina Sans Sucres - 1,5L","p":1.71,"u":"1,14 €/L","img":"https://fd1-photos.leclercdrive.fr/image.ashx?id=2946496&use=l&cat=p&typeid=i","cat":284532},{"id":49971,"n":"Frites Pom Bistro à la Graisse de Canard - 500g","p":3.43,"u":"6,86 €/KG","img":"https://fd1-photos.leclercdrive.fr/image.ashx?id=2866412&use=l&cat=p&typeid=i","cat":319791},{"id":49979,"n":"Soupe liquide Liebig  Potiron Chataîgne - Brique 1L","p":2.69,"u":"2,69 €/L","img":"https://fd1-photos.leclercdrive.fr/image.ashx?id=2785358&use=l&cat=p&typeid=i","cat":284462},{"id":49981,"n":"Velouté Liebig Légumes du soleil - 1L","p":2.81,"u":"2,81 €/L","img":"https://fd1-photos.leclercdrive.fr/image.ashx?id=2750991&use=l&cat=p&typeid=i","cat":284462},{"id":49983,"n":"Sauce yakitori Kikkoman 250ml","p":4.35,"u":"17,40 €/L","img":"https://fd1-photos.leclercdrive.fr/image.ashx?id=2536299&use=l&cat=p&typeid=i","cat":288992},{"id":49991,"n":"Tortillas wrap Poco Loco  25cmx6 - 370g","p":2.48,"u":"6,70 €/KG","img":"https://fd1-photos.leclercdrive.fr/image.ashx?id=2672542&use=l&cat=p&typeid=i","cat":288993},{"id":49996,"n":"Boisson aux fruits Oasis Mini Pomme Cassis Framboise - 6x25cl","p":3.06,"u":"2,04 €/L","img":"https://fd1-photos.leclercdrive.fr/image.ashx?id=2692272&use=l&cat=p&typeid=i","cat":295018},{"id":49997,"n":"Boisson aux fruits Oasis Mini Tropical - 6x25cl","p":3.11,"u":"2,07 €/L","img":"https://fd1-photos.leclercdrive.fr/image.ashx?id=2684443&use=l&cat=p&typeid=i","cat":295018},{"id":49999,"n":"Foie de morue  Les Mouettes d'Arvor  - 120g","p":2.19,"u":"18,25 €/KG","img":"https://fd1-photos.leclercdrive.fr/image.ashx?id=2226872&use=l&cat=p&typeid=i","cat":305147},{"id":50002,"n":"Sauce soja Kikkoman  150ml","p":3.23,"u":"21,53 €/L","img":"https://fd1-photos.leclercdrive.fr/image.ashx?id=2536284&use=l&cat=p&typeid=i","cat":288992},{"id":50003,"n":"Café soluble Maxwell House Qualité Filtre - 20g","p":7.63,"u":"38,15 €/KG","img":"https://fd1-photos.leclercdrive.fr/image.ashx?id=1755025&use=l&cat=p&typeid=i","cat":284843},{"id":50004,"n":"Kit Crousti Fajitas Old El Paso extra doux - 521g","p":4.52,"u":"8,68 €/KG","img":"https://fd1-photos.leclercdrive.fr/image.ashx?id=2765402&use=l&cat=p&typeid=i","cat":288993},{"id":50023,"n":"Nouilles cup Tanoshi Poulet teriyaki - 65g","p":1.48,"u":"22,77 €/KG","img":"https://fd1-photos.leclercdrive.fr/image.ashx?id=2906169&use=l&cat=p&typeid=i","cat":288992},{"id":50029,"n":"Biscuit apéritif ancel Sticks Bretzels - 137g","p":1.49,"u":"10,88 €/KG","img":"https://fd1-photos.leclercdrive.fr/image.ashx?id=2895181&use=l&cat=p&typeid=i","cat":297000},{"id":50052,"n":"Lait bébé en poudre Galliagest croissance Dès 12 mois 900g","p":13.64,"u":"15,16 €/KG","img":"https://fd1-photos.leclercdrive.fr/image.ashx?id=2616844&use=l&cat=p&typeid=i","cat":290219},{"id":50053,"n":"Eau gazeuse minérale Salvetat pauvre en sodium - 6x50cl","p":2.58,"u":"0,86 €/L","img":"https://fd1-photos.leclercdrive.fr/image.ashx?id=2533469&use=l&cat=p&typeid=i","cat":284536},{"id":50058,"n":"Bloc correspondanc uni Esquisse 21x29cm - A4 - x50 feuilles","p":1.99,"img":"https://fd1-photos.leclercdrive.fr/image.ashx?id=1928746&use=l&cat=p&typeid=i","cat":284697},{"id":50065,"n":"Pommes Choupette  1kg","p":2.69,"u":"2,69 €/KG","img":"https://fd1-photos.leclercdrive.fr/image.ashx?id=1628247&use=l&cat=p&typeid=i","cat":284356},{"id":50068,"n":"Soupe liquide velouté Knorr Potiron crème fraîche - 500ml","p":1.68,"u":"3,36 €/L","img":"https://fd1-photos.leclercdrive.fr/image.ashx?id=2738035&use=l&cat=p&typeid=i","cat":284462},{"id":50072,"n":"Soupe Liquide Douceur Knorr 8 légumes à la crème - 50cl","p":1.48,"u":"2,96 €/L","img":"https://fd1-photos.leclercdrive.fr/image.ashx?id=2738023&use=l&cat=p&typeid=i","cat":284462},{"id":50082,"n":"Dessert fruits mixés Sojasun Myrtilles - 4x100g","p":1.47,"u":"3,68 €/KG","img":"https://fd1-photos.leclercdrive.fr/image.ashx?id=2355680&use=l&cat=p&typeid=i","cat":316071},{"id":50083,"n":"Taboulé aux tomates  Garbit - 730g","p":2.64,"u":"3,62 €/KG","img":"https://fd1-photos.leclercdrive.fr/image.ashx?id=2901905&use=l&cat=p&typeid=i","cat":325094},{"id":50088,"n":"Pulpe tomate basilic Jardin Bio Bio - 500g","p":2.12,"u":"4,24 €/KG","img":"https://fd1-photos.leclercdrive.fr/image.ashx?id=2535025&use=l&cat=p&typeid=i","cat":288384},{"id":50091,"n":"Lait de coco Kara - brique 200ml","p":1.02,"u":"5,10 €/L","img":"https://fd1-photos.leclercdrive.fr/image.ashx?id=2906895&use=l&cat=p&typeid=i","cat":288992},{"id":50106,"n":"Nems au Porc Tables du Monde x4 - 280g","p":1.76,"u":"6,29 €/KG","img":"https://fd1-photos.leclercdrive.fr/image.ashx?id=2967670&use=l&cat=p&typeid=i","cat":333673},{"id":50123,"n":"Vinaigrette Puget  Ciboulette/échalotes - 33cl","p":2.37,"u":"7,18 €/L","img":"https://fd1-photos.leclercdrive.fr/image.ashx?id=2912146&use=l&cat=p&typeid=i","cat":284456},{"id":50126,"n":"Compotes Andros  Pomme/châtaigne - 785g","p":3.49,"u":"4,45 €/KG","img":"https://fd1-photos.leclercdrive.fr/image.ashx?id=2396381&use=l&cat=p&typeid=i","cat":284508},{"id":50131,"n":"Compotes Pom'Potes Gourdes  Multivariétés - 20x90g","p":7.25,"u":"4,03 €/KG","img":"https://fd1-photos.leclercdrive.fr/image.ashx?id=3010930&use=l&cat=p&typeid=i","cat":284508},{"id":50132,"n":"Compotes Pom'Potes Gourdes  Multivariétés Inédits - 12x90g","p":5.49,"u":"5,08 €/KG","img":"https://fd1-photos.leclercdrive.fr/image.ashx?id=2870170&use=l&cat=p&typeid=i","cat":284508},{"id":50133,"n":"Dessert fruitier Andros Pomme, morceaux- 695g","p":2.42,"u":"3,48 €/KG","img":"https://fd1-photos.leclercdrive.fr/image.ashx?id=2397770&use=l&cat=p&typeid=i","cat":284508},{"id":50135,"n":"Lingettes Textil Anti-transfert - x40","p":3.71,"u":"0,09 €/P","img":"https://fd1-photos.leclercdrive.fr/image.ashx?id=2964574&use=l&cat=p&typeid=i","cat":290450},{"id":50140,"n":"Lait pasteurisé Bio Bridel Demi-écrémé Bouteille - 1L","p":1.49,"u":"1,49 €/L","img":"https://fd1-photos.leclercdrive.fr/image.ashx?id=2674776&use=l&cat=p&typeid=i","cat":285609},{"id":50211,"n":"Pain Bruschetta La Boulangère 400g","p":2.55,"u":"6,38 €/KG","img":"https://fd1-photos.leclercdrive.fr/image.ashx?id=2912404&use=l&cat=p&typeid=i","cat":284985},{"id":50212,"n":"Pain suédois La Boulangère 180g","p":1.39,"u":"7,72 €/KG","img":"https://fd1-photos.leclercdrive.fr/image.ashx?id=2445376&use=l&cat=p&typeid=i","cat":284985},{"id":50213,"n":"Pain de mie Toastiligne  Toastiligne complet - 500g","p":1.41,"u":"2,82 €/KG","img":"https://fd1-photos.leclercdrive.fr/image.ashx?id=2916225&use=l&cat=p&typeid=i","cat":284477},{"id":50214,"n":"Laque  Fixation forte - 75ml","p":1.29,"u":"17,20 €/L","img":"https://fd1-photos.leclercdrive.fr/image.ashx?id=2934718&use=l&cat=p&typeid=i","cat":284609},{"id":50215,"n":"Huile sublime  Vitanove Cheveux sec - 150ml","p":2.99,"u":"19,93 €/L","img":"https://fd1-photos.leclercdrive.fr/image.ashx?id=2209720&use=l&cat=p&typeid=i","cat":284608},{"id":50218,"n":"Tronches de Cake St Michel 175g","p":1.69,"u":"9,66 €/KG","img":"https://fd1-photos.leclercdrive.fr/image.ashx?id=2949946&use=l&cat=p&typeid=i","cat":284495},{"id":50224,"n":"Cookies Milka Pépites de chocolat - 168g","p":1.49,"u":"8,87 €/KG","img":"https://fd1-photos.leclercdrive.fr/image.ashx?id=3002285&use=l&cat=p&typeid=i","cat":325066},{"id":50225,"n":"Biscuits Choco suprême Milka Chocolat - 180g","p":2.34,"u":"13,00 €/KG","img":"https://fd1-photos.leclercdrive.fr/image.ashx?id=2990991&use=l&cat=p&typeid=i","cat":284488},{"id":50226,"n":"Biscuits sablés Granola Chocolat au lait - 3x200g","p":4.29,"u":"7,15 €/KG","img":"https://fd1-photos.leclercdrive.fr/image.ashx?id=3009125&use=l&cat=p&typeid=i","cat":284488},{"id":50227,"n":"Biscuits Granola Chocolat au lait - 200g","p":1.45,"u":"7,25 €/KG","img":"https://fd1-photos.leclercdrive.fr/image.ashx?id=2324282&use=l&cat=p&typeid=i","cat":284488},{"id":50231,"n":"Biscuit Dinosaurus Lotus Chocolat au lait - 225g","p":2.02,"u":"8,98 €/KG","img":"https://fd1-photos.leclercdrive.fr/image.ashx?id=2859815&use=l&cat=p&typeid=i","cat":284488},{"id":50235,"n":"Cookies Bonne Maman  Chocolat noisette - 225g","p":2.5,"u":"11,11 €/KG","img":"https://fd1-photos.leclercdrive.fr/image.ashx?id=2936164&use=l&cat=p&typeid=i","cat":325066},{"id":50245,"n":"Range couverts Ardence Vertical - x1","p":2.9,"img":"https://fd1-photos.leclercdrive.fr/image.ashx?id=1655865&use=l&cat=p&typeid=i","cat":334135},{"id":50253,"n":"Soda Sprink's Lemon - 1.5L","p":1.45,"u":"0,97 €/L","img":"https://fd1-photos.leclercdrive.fr/image.ashx?id=2956738&use=l&cat=p&typeid=i","cat":284532},{"id":50255,"n":"Soda Sprink's Citron - 1.5L","p":1.09,"u":"0,73 €/L","img":"https://fd1-photos.leclercdrive.fr/image.ashx?id=2913730&use=l&cat=p&typeid=i","cat":284532},{"id":50256,"n":"Soda Sprink's Lemon Lime - 1.5L","p":0.99,"u":"0,66 €/L","img":"https://fd1-photos.leclercdrive.fr/image.ashx?id=2913736&use=l&cat=p&typeid=i","cat":284532},{"id":50262,"n":"Kebab de poulet Fleury Michon Semoule à l'orientale - 280g","p":2.3,"u":"8,21 €/KG","img":"https://fd1-photos.leclercdrive.fr/image.ashx?id=2680167&use=l&cat=p&typeid=i","cat":333665},{"id":50360,"n":"Mousse à Raser Nivea Men Peaux Sensibles - 200 ml","p":2.13,"u":"10,65 €/L","img":"https://fd1-photos.leclercdrive.fr/image.ashx?id=3005212&use=l&cat=p&typeid=i","cat":284617},{"id":50365,"n":"Moelleux Pépites Choco GERBLE  sans sucre - 196g","p":3.05,"u":"15,56 €/KG","img":"https://fd1-photos.leclercdrive.fr/image.ashx?id=2812705&use=l&cat=p&typeid=i","cat":318653},{"id":50446,"n":"Aiguilette Poulet Blanc S/Atm Les Accessibles - 500g","p":6.03,"u":"12,06 €/KG","img":"https://fd1-photos.leclercdrive.fr/image.ashx?id=2831978&use=l&cat=p&typeid=i","cat":284336},{"id":50459,"n":"Fromage à Tartiner St Môret  Nature - 150g","p":2.02,"u":"13,47 €/KG","img":"https://fd1-photos.leclercdrive.fr/image.ashx?id=2755468&use=l&cat=p&typeid=i","cat":314029},{"id":50491,"n":"Bière blanche Hoegaarden 4,9% - 6x25cl","p":4.4,"u":"2,93 €/L","img":"https://fd1-photos.leclercdrive.fr/image.ashx?id=2963922&use=l&cat=p&typeid=i","cat":334878},{"id":50548,"n":"Lait de croissance Lactel Nature - 6x1L","p":10.55,"u":"1,76 €/L","img":"https://fd1-photos.leclercdrive.fr/image.ashx?id=2927438&use=l&cat=p&typeid=i","cat":284728},{"id":50568,"n":"Eau aromatisée Cristaline Jus de pêche - 1.5L","p":0.99,"u":"0,66 €/L","img":"https://fd1-photos.leclercdrive.fr/image.ashx?id=2344615&use=l&cat=p&typeid=i","cat":284537},{"id":50570,"n":"Eau aromatisée Cristaline Fraise - 1.5L","p":0.99,"u":"0,66 €/L","img":"https://fd1-photos.leclercdrive.fr/image.ashx?id=2417255&use=l&cat=p&typeid=i","cat":284537},{"id":50585,"n":"Haricots verts d'aucy  Extra-fins - 440g","p":1.73,"u":"3,93 €/KG","img":"https://fd1-photos.leclercdrive.fr/image.ashx?id=2527370&use=l&cat=p&typeid=i","cat":312606},{"id":50590,"n":"Lentilles préparées D'aucy  530g","p":1.48,"u":"2,79 €/KG","img":"https://fd1-photos.leclercdrive.fr/image.ashx?id=2560597&use=l&cat=p&typeid=i","cat":312609},{"id":50592,"n":"Pois chiches Sultanines 265g","p":0.89,"u":"3,36 €/KG","img":"https://fd1-photos.leclercdrive.fr/image.ashx?id=1920223&use=l&cat=p&typeid=i","cat":312609},{"id":50604,"n":"Lotion micellaire So Bio Etic Aloe vera bio - 500 ml","p":4.79,"u":"9,58 €/L","img":"https://fd1-photos.leclercdrive.fr/image.ashx?id=2493508&use=l&cat=p&typeid=i","cat":284603},{"id":50609,"n":"Savon crème lait d'anesse SoBIO Distrinat bio - 100g","p":2.4,"u":"24,00 €/KG","img":"https://fd1-photos.leclercdrive.fr/image.ashx?id=2494728&use=l&cat=p&typeid=i","cat":284597},{"id":50626,"n":"AOC Saint-Émilion vin rouge Chantet Blanet - 37,5cl","p":4.8,"u":"12,80 €/L","img":"https://fd1-photos.leclercdrive.fr/image.ashx?id=2805981&use=l&cat=p&typeid=i","cat":289556},{"id":50640,"n":"IGP Méditerranée vin rosé Terres Ocrées 12.5% vol BIB 5L","p":12.12,"u":"2,42 €/L","img":"https://fd1-photos.leclercdrive.fr/image.ashx?id=2883318&use=l&cat=p&typeid=i","cat":289560},{"id":50662,"n":"Chocolat en poudre Nesquik Extra Choco - 600g","p":5.28,"u":"8,80 €/KG","img":"https://fd1-photos.leclercdrive.fr/image.ashx?id=3004438&use=l&cat=p&typeid=i","cat":293235},{"id":50672,"n":"Biscuits à la cuillère x30 Bonne Maman - 250g","p":4.51,"u":"18,04 €/KG","img":"https://fd1-photos.leclercdrive.fr/image.ashx?id=2936152&use=l&cat=p&typeid=i","cat":284487},{"id":50673,"n":"Financier amandes Bonne Maman 250g","p":3.47,"u":"13,88 €/KG","img":"https://fd1-photos.leclercdrive.fr/image.ashx?id=2936176&use=l&cat=p&typeid=i","cat":284492},{"id":50674,"n":"Quatre quarts Bonne Maman 500g","p":3.17,"u":"6,34 €/KG","img":"https://fd1-photos.leclercdrive.fr/image.ashx?id=2936158&use=l&cat=p&typeid=i","cat":294776},{"id":50675,"n":"Gâteau Bonne Maman  Marbré chocolat - 475g","p":3.24,"u":"6,82 €/KG","img":"https://fd1-photos.leclercdrive.fr/image.ashx?id=2936161&use=l&cat=p&typeid=i","cat":294776},{"id":50676,"n":"Madeleine coquille St Michel  Oeuf plein air x24 - 600g","p":3.27,"u":"5,45 €/KG","img":"https://fd1-photos.leclercdrive.fr/image.ashx?id=2936197&use=l&cat=p&typeid=i","cat":284492},{"id":50678,"n":"IGP Vinaigre balsamique Modène Maille - 75cl","p":4.54,"u":"6,05 €/L","img":"https://fd1-photos.leclercdrive.fr/image.ashx?id=2805666&use=l&cat=p&typeid=i","cat":298543},{"id":50680,"n":"Barre Chocolatée KINDER Country  Céréales chocolat x15 - 352,5g","p":4.78,"u":"13,58 €/KG","img":"https://fd1-photos.leclercdrive.fr/image.ashx?id=2231903&use=l&cat=p&typeid=i","cat":284498},{"id":50682,"n":"Gâteau Ker Cadélac Le Moelleux Original - 500g","p":2.49,"u":"4,98 €/KG","img":"https://fd1-photos.leclercdrive.fr/image.ashx?id=2955797&use=l&cat=p&typeid=i","cat":294776},{"id":50683,"n":"Barre marbré  Ker Cadélac  Cacao - 500g","p":2.15,"u":"4,30 €/KG","img":"https://fd1-photos.leclercdrive.fr/image.ashx?id=2939508&use=l&cat=p&typeid=i","cat":294776},{"id":50684,"n":"Madeleine Ker Cadélac  Pépites chocolat x24 - 600g","p":4.46,"u":"7,43 €/KG","img":"https://fd1-photos.leclercdrive.fr/image.ashx?id=2507991&use=l&cat=p&typeid=i","cat":284492},{"id":50686,"n":"Compotes Pom'Potes Gourdes  Multivariétés Inédits - 12x90g","p":5.97,"u":"5,53 €/KG","img":"https://fd1-photos.leclercdrive.fr/image.ashx?id=2864303&use=l&cat=p&typeid=i","cat":284508},{"id":50687,"n":"Compotes Pom'Potes Gourdes  Multivariétés Inédits - 12x90g","p":6.13,"u":"5,68 €/KG","img":"https://fd1-photos.leclercdrive.fr/image.ashx?id=3010924&use=l&cat=p&typeid=i","cat":284508},{"id":50688,"n":"Pains au chocolat Pasquier  x16 - 720g","p":4.4,"u":"6,11 €/KG","img":"https://fd1-photos.leclercdrive.fr/image.ashx?id=2686837&use=l&cat=p&typeid=i","cat":296366},{"id":50689,"n":"Croissants Pasquier x8 - 320g","p":1.93,"u":"6,03 €/KG","img":"https://fd1-photos.leclercdrive.fr/image.ashx?id=2853053&use=l&cat=p&typeid=i","cat":296366},{"id":50690,"n":"Brioche tressée Pasquier Tranchée nature - 500g","p":2.54,"u":"5,08 €/KG","img":"https://fd1-photos.leclercdrive.fr/image.ashx?id=2978706&use=l&cat=p&typeid=i","cat":284478},{"id":50698,"n":"Chocolat napolitain Villars Mignonnettes - 500g","p":12.18,"u":"24,36 €/KG","img":"https://fd1-photos.leclercdrive.fr/image.ashx?id=2464306&use=l&cat=p&typeid=i","cat":284499},{"id":50701,"n":"Sel de mer Gros La Baleine iodé- 1kg","p":0.57,"u":"0,57 €/KG","img":"https://fd1-photos.leclercdrive.fr/image.ashx?id=2681029&use=l&cat=p&typeid=i","cat":284457},{"id":50702,"n":"Café Moulu Carte Noire Arabica Classique - 250g","p":5.88,"u":"23,52 €/KG","img":"https://fd1-photos.leclercdrive.fr/image.ashx?id=2868732&use=l&cat=p&typeid=i","cat":284750},{"id":50705,"n":"Toasts ronds nature Jacquet - 250g","p":1.24,"u":"4,96 €/KG","img":"https://fd1-photos.leclercdrive.fr/image.ashx?id=2979602&use=l&cat=p&typeid=i","cat":285454},{"id":50706,"n":"Toasts foie gras ronds Jacquet - 250g","p":1.44,"u":"5,76 €/KG","img":"https://fd1-photos.leclercdrive.fr/image.ashx?id=2979599&use=l&cat=p&typeid=i","cat":285454},{"id":50710,"n":"Chocolats  Lindt Mignonnettes - 500g","p":13.45,"u":"26,90 €/KG","img":"https://fd1-photos.leclercdrive.fr/image.ashx?id=2209197&use=l&cat=p&typeid=i","cat":284499},{"id":50712,"n":"Biscuits Choco Pause Milka Chocolat au lait - 260g","p":1.55,"u":"5,96 €/KG","img":"https://fd1-photos.leclercdrive.fr/image.ashx?id=2192572&use=l&cat=p&typeid=i","cat":284488},{"id":50713,"n":"Biscuits Oreo Vanille / chocolat blanc - 246g","p":2.35,"u":"9,55 €/KG","img":"https://fd1-photos.leclercdrive.fr/image.ashx?id=2989447&use=l&cat=p&typeid=i","cat":284488},{"id":50714,"n":"Biscottes Heudebert  Goût brioché - 290g","p":1.69,"u":"5,83 €/KG","img":"https://fd1-photos.leclercdrive.fr/image.ashx?id=3001979&use=l&cat=p&typeid=i","cat":284479},{"id":50715,"n":"Biscottes Gourmande Pelletier Goût brioché - 260g","p":2.19,"u":"8,42 €/KG","img":"https://fd1-photos.leclercdrive.fr/image.ashx?id=2961825&use=l&cat=p&typeid=i","cat":284479},{"id":50717,"n":"Gâche tranchée La Fournée Dorée Pépites de chocolat - 500g","p":2.69,"u":"5,38 €/KG","img":"https://fd1-photos.leclercdrive.fr/image.ashx?id=2347035&use=l&cat=p&typeid=i","cat":284478},{"id":50734,"n":"Soda Sprink's Orange - 1.5L","p":0.92,"u":"0,61 €/L","img":"https://fd1-photos.leclercdrive.fr/image.ashx?id=2974810&use=l&cat=p&typeid=i","cat":284532},{"id":50759,"n":"Biscuit croquant Bonne Maman  Noix de coco - 150g","p":1.29,"u":"8,60 €/KG","img":"https://fd1-photos.leclercdrive.fr/image.ashx?id=2936188&use=l&cat=p&typeid=i","cat":284487},{"id":50761,"n":"Coppa Saint Azay Chiffonnade - 100g","p":2.99,"u":"29,90 €/KG","img":"https://fd1-photos.leclercdrive.fr/image.ashx?id=2708351&use=l&cat=p&typeid=i","cat":316007},{"id":50770,"n":"Pâtes serpentin Turini  Cuisson rapide - 500g","p":1.16,"u":"2,32 €/KG","img":"https://fd1-photos.leclercdrive.fr/image.ashx?id=2607560&use=l&cat=p&typeid=i","cat":284427},{"id":50802,"n":"Huile d'olive Tramier Vierge extra - 75cl","p":7.23,"u":"9,64 €/L","img":"https://fd1-photos.leclercdrive.fr/image.ashx?id=2769807&use=l&cat=p&typeid=i","cat":284453},{"id":50810,"n":"Sauce Tomates Barilla Arrabbiata - 400g","p":1.62,"u":"4,05 €/KG","img":"https://fd1-photos.leclercdrive.fr/image.ashx?id=2832509&use=l&cat=p&typeid=i","cat":287599},{"id":50842,"n":"Rhum ambré La martiniquaise Flask 40%vol - 20cl","p":3.14,"u":"15,70 €/L","img":"https://fd1-photos.leclercdrive.fr/image.ashx?id=2955155&use=l&cat=p&typeid=i","cat":284550},{"id":50843,"n":"Pastis Ricard Anisé 45% vol - 2L","p":39.34,"u":"19,67 €/L","img":"https://fd1-photos.leclercdrive.fr/image.ashx?id=2919271&use=l&cat=p&typeid=i","cat":284548},{"id":50864,"n":"Savon Petit Olivier Fleur d'oranger - 2x100g","p":1.68,"u":"8,40 €/KG","img":"https://fd1-photos.leclercdrive.fr/image.ashx?id=2660862&use=l&cat=p&typeid=i","cat":284597},{"id":50865,"n":"Savon rose Le Petit Olivier Savonnette extra douce - 2x100g","p":1.72,"u":"8,60 €/KG","img":"https://fd1-photos.leclercdrive.fr/image.ashx?id=2660865&use=l&cat=p&typeid=i","cat":284597},{"id":50866,"n":"Savon doux karité Petit Olivier Surgras - 250g","p":1.81,"u":"7,24 €/KG","img":"https://fd1-photos.leclercdrive.fr/image.ashx?id=2144848&use=l&cat=p&typeid=i","cat":284597},{"id":50867,"n":"Petit Olivier savon Marseille Avec ou sans pompe -  300ml","p":2.18,"u":"7,27 €/L","img":"https://fd1-photos.leclercdrive.fr/image.ashx?id=2683793&use=l&cat=p&typeid=i","cat":284597},{"id":50899,"n":"Sandwich baguette Daunat XXL Poulet crudités - 230g","p":2.02,"u":"8,78 €/KG","img":"https://fd1-photos.leclercdrive.fr/image.ashx?id=2623229&use=l&cat=p&typeid=i","cat":333658},{"id":50903,"n":"Rana Feuilles de lasagnes Fraîches - 250g","p":1.61,"u":"6,44 €/KG","img":"https://fd1-photos.leclercdrive.fr/image.ashx?id=2529144&use=l&cat=p&typeid=i","cat":333682},{"id":50906,"n":"Cubes allume-feu Eco+ x32","p":1.4,"u":"0,04 €/P","img":"https://fd1-photos.leclercdrive.fr/image.ashx?id=2645125&use=l&cat=p&typeid=i","cat":300578},{"id":50915,"n":"Gnocchi à poêler Lustucru Fromage - 300g","p":1.53,"u":"5,10 €/KG","img":"https://fd1-photos.leclercdrive.fr/image.ashx?id=3014482&use=l&cat=p&typeid=i","cat":333682},{"id":50919,"n":"Emincés de boeuf Fleury Michon pommes de terre poivre - 280g","p":2.95,"u":"10,54 €/KG","img":"https://fd1-photos.leclercdrive.fr/image.ashx?id=3003299&use=l&cat=p&typeid=i","cat":333665},{"id":50927,"n":"Rillettes du Mans La Véritable Bordeau Chesnel - 400g","p":3.67,"u":"367,00 €/L","img":"https://fd1-photos.leclercdrive.fr/image.ashx?id=2763097&use=l&cat=p&typeid=i","cat":316008},{"id":50984,"n":"Soda zéro Sprink's Agrumes - 1,5L","p":0.76,"u":"0,51 €/L","img":"https://fd1-photos.leclercdrive.fr/image.ashx?id=2913724&use=l&cat=p&typeid=i","cat":284532},{"id":50990,"n":"Fruits au sirop St Mamet Ananas en morceaux - 345g","p":2.6,"u":"7,54 €/KG","img":"https://fd1-photos.leclercdrive.fr/image.ashx?id=2927309&use=l&cat=p&typeid=i","cat":284507},{"id":50991,"n":"Fruits au sirop St Mamet Ananas en tranches - 345g","p":2.91,"u":"8,43 €/KG","img":"https://fd1-photos.leclercdrive.fr/image.ashx?id=2630226&use=l&cat=p&typeid=i","cat":284507},{"id":51047,"n":"Biscuits Petit Brun extra 300g","p":1.4,"u":"4,67 €/KG","img":"https://fd1-photos.leclercdrive.fr/image.ashx?id=3002264&use=l&cat=p&typeid=i","cat":284487},{"id":51048,"n":"Lentilles Notre Jardin 3x130g","p":2.09,"u":"5,36 €/KG","img":"https://fd1-photos.leclercdrive.fr/image.ashx?id=3002617&use=l&cat=p&typeid=i","cat":312609},{"id":51050,"n":"Chips Pom'lisse Barbecue - 6x30g","p":1.99,"u":"11,06 €/KG","img":"https://fd1-photos.leclercdrive.fr/image.ashx?id=2809668&use=l&cat=p&typeid=i","cat":284447},{"id":51089,"n":"Soda Sprink's Aux agrumes - 1.5L","p":1.4,"u":"0,93 €/L","img":"https://fd1-photos.leclercdrive.fr/image.ashx?id=2913727&use=l&cat=p&typeid=i","cat":284532},{"id":51094,"n":"AOP Champagne Montaudon Blanc de Noirs - 75cl","p":28.39,"u":"37,85 €/L","img":"https://fd1-photos.leclercdrive.fr/image.ashx?id=2516311&use=l&cat=p&typeid=i","cat":284542},{"id":51185,"n":"Cuisses de poulet blanc  1kg","p":4.51,"u":"4,51 €/KG","img":"https://fd1-photos.leclercdrive.fr/image.ashx?id=2849797&use=l&cat=p&typeid=i","cat":284336},{"id":51203,"n":"Filets de maqueraux Saupiquet  Vin blanc - 3x176g","p":5.99,"u":"11,34 €/KG","img":"https://fd1-photos.leclercdrive.fr/image.ashx?id=2826969&use=l&cat=p&typeid=i","cat":303868},{"id":51227,"n":"Papier cuisson Alfapac Naturel 10M x 0.37","p":2.1,"img":"https://fd1-photos.leclercdrive.fr/image.ashx?id=2887734&use=l&cat=p&typeid=i","cat":334134},{"id":51249,"n":"Crème brûlée La Laitière saveur vanille - 4x100g","p":2.97,"u":"7,43 €/KG","img":"https://fd1-photos.leclercdrive.fr/image.ashx?id=2624116&use=l&cat=p&typeid=i","cat":284419},{"id":51250,"n":"Yaourt nature Activia bifidus 0%MG  - 8x125g","p":2.66,"u":"2,66 €/KG","img":"https://fd1-photos.leclercdrive.fr/image.ashx?id=2741688&use=l&cat=p&typeid=i","cat":315000},{"id":51268,"n":"Eau aromatisée O'Fresh Fraise - 1.5L","p":0.75,"u":"0,50 €/L","img":"https://fd1-photos.leclercdrive.fr/image.ashx?id=3002812&use=l&cat=p&typeid=i","cat":284537},{"id":51270,"n":"Tablette chocolat Côte d'Or Chocolat au lait - 3x100g","p":4.7,"u":"15,67 €/KG","img":"https://fd1-photos.leclercdrive.fr/image.ashx?id=2875561&use=l&cat=p&typeid=i","cat":284497},{"id":51271,"n":"Tablette chocolat Côte d'Or Noir extra - 3x100g","p":3.73,"u":"12,43 €/KG","img":"https://fd1-photos.leclercdrive.fr/image.ashx?id=2875564&use=l&cat=p&typeid=i","cat":284956},{"id":51274,"n":"Tablette chocolat Côte d'Or Chocolar lait/ Raisin - 180g","p":3.45,"u":"19,17 €/KG","img":"https://fd1-photos.leclercdrive.fr/image.ashx?id=2961272&use=l&cat=p&typeid=i","cat":284497},{"id":51275,"n":"Tablette chocolat Côte d'Or Chocolat lait/Noisettes - 180g","p":3.26,"u":"18,11 €/KG","img":"https://fd1-photos.leclercdrive.fr/image.ashx?id=2993140&use=l&cat=p&typeid=i","cat":284497},{"id":51276,"n":"Tablette chocolat Côte d'Or Chocolat noir/Noisettes - 180g","p":3.49,"u":"19,39 €/KG","img":"https://fd1-photos.leclercdrive.fr/image.ashx?id=2993143&use=l&cat=p&typeid=i","cat":284956},{"id":51289,"n":"Fromage Blanc Calin Nature - 0% extra - 850g","p":2.29,"u":"2,69 €/KG","img":"https://fd1-photos.leclercdrive.fr/image.ashx?id=2973724&use=l&cat=p&typeid=i","cat":315000},{"id":51291,"n":"Fromage blanc Soignon Nature lait de chèvre - 4x100g","p":2.48,"u":"6,20 €/KG","img":"https://fd1-photos.leclercdrive.fr/image.ashx?id=2539902&use=l&cat=p&typeid=i","cat":314998},{"id":51297,"n":"Compotes Andros Pomme nature - 8x100g","p":2.09,"u":"2,61 €/KG","img":"https://fd1-photos.leclercdrive.fr/image.ashx?id=2884006&use=l&cat=p&typeid=i","cat":284416},{"id":51298,"n":"Compotes Andros  Pomme nature - 16x100g","p":3.17,"u":"1,98 €/KG","img":"https://fd1-photos.leclercdrive.fr/image.ashx?id=2908195&use=l&cat=p&typeid=i","cat":284416},{"id":51344,"n":"Riz au lait La Laitière Rhum raisin - 4x115g","p":1.74,"u":"3,78 €/KG","img":"https://fd1-photos.leclercdrive.fr/image.ashx?id=2490455&use=l&cat=p&typeid=i","cat":284418},{"id":51346,"n":"Dessert liégeois Viennois Vanille lit de caramel - 4x100g","p":1.66,"u":"4,15 €/KG","img":"https://fd1-photos.leclercdrive.fr/image.ashx?id=2692122&use=l&cat=p&typeid=i","cat":285042},{"id":51353,"n":"Fromage Cantal jeune NRT AOP  200g","p":3.19,"u":"15,95 €/KG","img":"https://fd1-photos.leclercdrive.fr/image.ashx?id=2934832&use=l&cat=p&typeid=i","cat":314034},{"id":51355,"n":"Plat courges 6 mois Good Goût Bio - sauté d'agneau - 190g","p":2.4,"u":"12,63 €/KG","img":"https://fd1-photos.leclercdrive.fr/image.ashx?id=2637276&use=l&cat=p&typeid=i","cat":312236},{"id":51377,"n":"Camembert lait pasteurisé 23%MG Les Eleveurs de Bretagne - 250g","p":1.75,"u":"7,00 €/KG","img":"https://fd1-photos.leclercdrive.fr/image.ashx?id=1741616&use=l&cat=p&typeid=i","cat":314033},{"id":51392,"n":"Yaourts à la Grecque Délisse Lit de fruit jaunes - 4x150g","p":1.99,"u":"3,32 €/KG","img":"https://fd1-photos.leclercdrive.fr/image.ashx?id=2699699&use=l&cat=p&typeid=i","cat":314999},{"id":51395,"n":"Profiteroles Délisse 4x90g","p":2.49,"u":"6,92 €/KG","img":"https://fd1-photos.leclercdrive.fr/image.ashx?id=2844842&use=l&cat=p&typeid=i","cat":284419},{"id":51607,"n":"Fromage enfant Kiri Goûter 8 portions barquettes - 280g","p":3.5,"u":"12,50 €/KG","img":"https://fd1-photos.leclercdrive.fr/image.ashx?id=2972886&use=l&cat=p&typeid=i","cat":314030},{"id":51653,"n":"Bananes Panier du Primeur x5","p":1.69,"u":"0,34 €/P","img":"https://fd1-photos.leclercdrive.fr/image.ashx?id=2302456&use=l&cat=p&typeid=i","cat":284356},{"id":51669,"n":"IGP Pays d'Oc blanc Viognier Jean-Claude Mas 13.5%vol - 75cl","p":4.5,"u":"6,00 €/L","img":"https://fd1-photos.leclercdrive.fr/image.ashx?id=2490314&use=l&cat=p&typeid=i","cat":289557},{"id":51722,"n":"Bâtonnet Magic Smicy Mutlifruits x8 - 320g","p":2.51,"u":"7,84 €/KG","img":"https://fd1-photos.leclercdrive.fr/image.ashx?id=2133942&use=l&cat=p&typeid=i","cat":285250},{"id":51750,"n":"Sel fin La Baleine Iodé - 500g","p":0.54,"u":"1,08 €/KG","img":"https://fd1-photos.leclercdrive.fr/image.ashx?id=1752100&use=l&cat=p&typeid=i","cat":284457},{"id":51774,"n":"Chemise 3 rabats Esquisse Rouge/Noir/Bleu Polypro x3","p":3.5,"u":"1,17 €/P","img":"https://fd1-photos.leclercdrive.fr/image.ashx?id=1690176&use=l&cat=p&typeid=i","cat":284745},{"id":51822,"n":"Thé glacé Lipton Ice Tea Pêche - 4x50cl","p":4.08,"u":"2,04 €/L","img":"https://fd1-photos.leclercdrive.fr/image.ashx?id=2505471&use=l&cat=p&typeid=i","cat":295019},{"id":51864,"n":"Bière blonde Kronenbourg 4,2° - 6x25cl","p":3.74,"u":"2,49 €/L","img":"https://fd1-photos.leclercdrive.fr/image.ashx?id=2992747&use=l&cat=p&typeid=i","cat":334873},{"id":51865,"n":"Bière blonde Kronenbourg 4,2° - 10x25cl","p":5.35,"u":"2,14 €/L","img":"https://fd1-photos.leclercdrive.fr/image.ashx?id=2992750&use=l&cat=p&typeid=i","cat":334873},{"id":51866,"n":"Lait Croissance Mots d'Enfants 12 à 36 mois - 6x1L","p":8.04,"u":"1,34 €/L","img":"https://fd1-photos.leclercdrive.fr/image.ashx?id=2770684&use=l&cat=p&typeid=i","cat":284728},{"id":51934,"n":"Goûter laitier Récré O'Lé Gourdes Chocolat - 12x85g","p":5.82,"u":"5,71 €/KG","img":"https://fd1-photos.leclercdrive.fr/image.ashx?id=2887035&use=l&cat=p&typeid=i","cat":284506},{"id":51935,"n":"Goûter laitier Récré O'Lé Gourdes Saveur Vanille - 12x85g","p":5.11,"u":"5,01 €/KG","img":"https://fd1-photos.leclercdrive.fr/image.ashx?id=2795213&use=l&cat=p&typeid=i","cat":284506},{"id":51939,"n":"Trio salade Florette Mâche roquette betterave - 175g","p":2.59,"pp":1.71,"u":"9,77 €/KG","img":"https://fd1-photos.leclercdrive.fr/image.ashx?id=2650534&use=l&cat=p&typeid=i","cat":284353},{"id":51957,"n":"Gel désodorisant Bien Air Marine - x1","p":1.35,"img":"https://fd1-photos.leclercdrive.fr/image.ashx?id=2466880&use=l&cat=p&typeid=i","cat":311628},{"id":51995,"n":"Spécialité laitière Délisse Epaisse - 7% MG - 50cl","p":1.43,"u":"2,86 €/L","img":"https://fd1-photos.leclercdrive.fr/image.ashx?id=2363802&use=l&cat=p&typeid=i","cat":284381},{"id":51996,"n":"Spécialtié laitière Délisse UHT Fluide 4%mg - 3x20cl","p":1.99,"u":"3,32 €/L","img":"https://fd1-photos.leclercdrive.fr/image.ashx?id=2909398&use=l&cat=p&typeid=i","cat":284381},{"id":51999,"n":"Spécialité laitière Délisse Semi-épaisse 4%mg - 2x25cl","p":1.9,"u":"3,80 €/L","img":"https://fd1-photos.leclercdrive.fr/image.ashx?id=1790942&use=l&cat=p&typeid=i","cat":284381},{"id":52001,"n":"Pâte à pizza fine Herta Rectangulaire - 390g","p":1.54,"u":"3,95 €/KG","img":"https://fd1-photos.leclercdrive.fr/image.ashx?id=2976110&use=l&cat=p&typeid=i","cat":333681},{"id":52002,"n":"HERTA Pâte à pizza fine & ronde 265g","p":1.23,"u":"4,64 €/KG","img":"https://fd1-photos.leclercdrive.fr/image.ashx?id=2975674&use=l&cat=p&typeid=i","cat":333681},{"id":52004,"n":"AOC Alsace Edelzwicker  vin blanc Rebmann - 75 cl","p":4.45,"u":"5,93 €/L","img":"https://fd1-photos.leclercdrive.fr/image.ashx?id=2775472&use=l&cat=p&typeid=i","cat":289557},{"id":52006,"n":"Blinis Ronde des Mers Medium x8 - 160g","p":1.69,"u":"10,56 €/KG","img":"https://fd1-photos.leclercdrive.fr/image.ashx?id=2981888&use=l&cat=p&typeid=i","cat":285191},{"id":52071,"n":"Tortillas Table du Monde De maïs - 320g","p":1.69,"u":"5,28 €/KG","img":"https://fd1-photos.leclercdrive.fr/image.ashx?id=2679759&use=l&cat=p&typeid=i","cat":288993},{"id":52078,"n":"Pointe Brie de Meaux NRT AOP 200g","p":3.09,"u":"15,45 €/KG","img":"https://fd1-photos.leclercdrive.fr/image.ashx?id=2564491&use=l&cat=p&typeid=i","cat":314033},{"id":52080,"n":"Emmental fromage rapé Les Croisés - 1kg","p":7.97,"u":"7,97 €/KG","img":"https://fd1-photos.leclercdrive.fr/image.ashx?id=2832990&use=l&cat=p&typeid=i","cat":314035},{"id":52081,"n":"Boisson à base de vin rosé  saveur fraise Festalie - 75 cl","p":2.4,"u":"3,20 €/L","img":"https://fd1-photos.leclercdrive.fr/image.ashx?id=2774903&use=l&cat=p&typeid=i","cat":304569},{"id":52082,"n":"Roulés Les Croisés Jambon fumé Fromage ail fines herbes - 100g","p":2.79,"u":"27,90 €/KG","img":"https://fd1-photos.leclercdrive.fr/image.ashx?id=2501682&use=l&cat=p&typeid=i","cat":314027},{"id":52094,"n":"Poulet rôti purée Côté Table Barquette - 300g","p":2.38,"u":"7,93 €/KG","img":"https://fd1-photos.leclercdrive.fr/image.ashx?id=2624001&use=l&cat=p&typeid=i","cat":284953},{"id":52110,"n":"Chiffonnade Saint Azay Jambon italien  - 100g","p":2.99,"u":"29,90 €/KG","img":"https://fd1-photos.leclercdrive.fr/image.ashx?id=2313106&use=l&cat=p&typeid=i","cat":316007},{"id":52111,"n":"Chiffonade chorizo Saint Azay 100g","p":2.19,"u":"21,90 €/KG","img":"https://fd1-photos.leclercdrive.fr/image.ashx?id=2845146&use=l&cat=p&typeid=i","cat":316007},{"id":52112,"n":"Jambon sec Saint Azay  4 tranches - 100g","p":2.06,"u":"20,60 €/KG","img":"https://fd1-photos.leclercdrive.fr/image.ashx?id=2869275&use=l&cat=p&typeid=i","cat":316007},{"id":52122,"n":"Limonade Sprink's Zero - 1.5L","p":0.59,"u":"0,39 €/L","img":"https://fd1-photos.leclercdrive.fr/image.ashx?id=2913681&use=l&cat=p&typeid=i","cat":284531},{"id":52123,"n":"Salade pêcheur Menu Fraîcheur  300g","p":2.65,"u":"8,83 €/KG","img":"https://fd1-photos.leclercdrive.fr/image.ashx?id=2645969&use=l&cat=p&typeid=i","cat":333657},{"id":52124,"n":"Pâtes Tagliatelles Turini  Fraiches - 600g","p":1.89,"u":"3,15 €/KG","img":"https://fd1-photos.leclercdrive.fr/image.ashx?id=2823081&use=l&cat=p&typeid=i","cat":333682},{"id":52128,"n":"Dés de saumon Ronde des Mers  Fumé nature - 90g","p":4.1,"u":"45,56 €/KG","img":"https://fd1-photos.leclercdrive.fr/image.ashx?id=3004624&use=l&cat=p&typeid=i","cat":285188},{"id":52136,"n":"Mozzarella Pic'Express 250g","p":2.99,"u":"11,96 €/KG","img":"https://fd1-photos.leclercdrive.fr/image.ashx?id=2678800&use=l&cat=p&typeid=i","cat":319774},{"id":52141,"n":"Bâtonnets Dentastix Pedigree Moyen chien x7 - 180g","p":2.25,"u":"12,50 €/KG","img":"https://fd1-photos.leclercdrive.fr/image.ashx?id=2981301&use=l&cat=p&typeid=i","cat":294527},{"id":52142,"n":"Bâtonnets Dentastix Pedigree Grand chien x7 - 270g","p":2.89,"u":"10,70 €/KG","img":"https://fd1-photos.leclercdrive.fr/image.ashx?id=2877046&use=l&cat=p&typeid=i","cat":294527},{"id":52143,"n":"Bâtonnets Dentastix Pedigree Petit chien x7 - 110g","p":1.69,"u":"15,36 €/KG","img":"https://fd1-photos.leclercdrive.fr/image.ashx?id=2832338&use=l&cat=p&typeid=i","cat":294527},{"id":52148,"n":"Filet de poulet Fleury Michon pommes de terre - 300g","p":2.48,"u":"8,27 €/KG","img":"https://fd1-photos.leclercdrive.fr/image.ashx?id=2656754&use=l&cat=p&typeid=i","cat":333665},{"id":52170,"n":"Amandes effilées Vahiné 125g","p":3.39,"u":"27,12 €/KG","img":"https://fd1-photos.leclercdrive.fr/image.ashx?id=2490575&use=l&cat=p&typeid=i","cat":284504},{"id":52171,"n":"Noix de coco Vahiné  Râpée - 115g","p":1.7,"u":"14,78 €/KG","img":"https://fd1-photos.leclercdrive.fr/image.ashx?id=2559811&use=l&cat=p&typeid=i","cat":284504},{"id":52172,"n":"Noisettes en poudre Vahiné 100g","p":3.09,"u":"30,90 €/KG","img":"https://fd1-photos.leclercdrive.fr/image.ashx?id=2559823&use=l&cat=p&typeid=i","cat":284504},{"id":52174,"n":"Raisins blond Vahiné  125g","p":1.68,"u":"13,44 €/KG","img":"https://fd1-photos.leclercdrive.fr/image.ashx?id=2606253&use=l&cat=p&typeid=i","cat":284357},{"id":52175,"n":"Raisins secs Vahiné  125g","p":1.67,"u":"13,36 €/KG","img":"https://fd1-photos.leclercdrive.fr/image.ashx?id=2559820&use=l&cat=p&typeid=i","cat":284357},{"id":52176,"n":"Cerneaux de noix Vahiné 50g","p":1.55,"u":"31,00 €/KG","img":"https://fd1-photos.leclercdrive.fr/image.ashx?id=2606247&use=l&cat=p&typeid=i","cat":284504},{"id":52177,"n":"Pignons de pin Vahiné 50g","p":3.95,"u":"79,00 €/KG","img":"https://fd1-photos.leclercdrive.fr/image.ashx?id=2559799&use=l&cat=p&typeid=i","cat":284357},{"id":52210,"n":"Pur jus d'orange maison  50cl","p":1.99,"u":"3,98 €/L","img":"https://fd1-photos.leclercdrive.fr/image.ashx?id=728254&use=l&cat=p&typeid=i","cat":285435},{"id":52246,"n":"Spray retouche L'Oréal Paris Magic Retouch Noir","p":9.53,"u":"127,07 €/L","img":"https://fd1-photos.leclercdrive.fr/image.ashx?id=2586420&use=l&cat=p&typeid=i","cat":288899},{"id":52249,"n":"Spray retouche L'Oréal Paris Magic Retouch Blond foncé","p":8.43,"u":"112,40 €/L","img":"https://fd1-photos.leclercdrive.fr/image.ashx?id=2586429&use=l&cat=p&typeid=i","cat":288899},{"id":52275,"n":"Emmental Eleveurs de Bretagne Râpé - 200g","p":1.86,"u":"9,30 €/KG","img":"https://fd1-photos.leclercdrive.fr/image.ashx?id=1730286&use=l&cat=p&typeid=i","cat":314035},{"id":52276,"n":"Emmental Eleveurs de Bretagne Râpé - 500g","p":4.62,"u":"9,24 €/KG","img":"https://fd1-photos.leclercdrive.fr/image.ashx?id=1730289&use=l&cat=p&typeid=i","cat":314035},{"id":52277,"n":"Emmental Eleveurs de Bretagne 250g","p":2.35,"u":"9,40 €/KG","img":"https://fd1-photos.leclercdrive.fr/image.ashx?id=1741619&use=l&cat=p&typeid=i","cat":314034},{"id":52324,"n":"Viande hachée pur bœuf 5%MG Bio Les Eleveurs de Bretagne - 350g","p":7.8,"u":"22,29 €/KG","img":"https://fd1-photos.leclercdrive.fr/image.ashx?id=2406073&use=l&cat=p&typeid=i","cat":284332},{"id":52325,"n":"Steak hachée pur bœuf 5% MG Bio Les Éleveurs de Bretagne - 250g","p":6.15,"u":"24,60 €/KG","img":"https://fd1-photos.leclercdrive.fr/image.ashx?id=2406070&use=l&cat=p&typeid=i","cat":284332},{"id":52328,"n":"Thé glacé Breizh Thé Pêche - 1.5L","p":1.79,"u":"1,19 €/L","img":"https://fd1-photos.leclercdrive.fr/image.ashx?id=2220341&use=l&cat=p&typeid=i","cat":295019},{"id":52329,"n":"Limonade Breizh Lim' 1.5L","p":1.89,"u":"1,26 €/L","img":"https://fd1-photos.leclercdrive.fr/image.ashx?id=2184672&use=l&cat=p&typeid=i","cat":284531},{"id":52330,"n":"Soda Breizh  Agrumes - 1.5L","p":1.81,"u":"1,21 €/L","img":"https://fd1-photos.leclercdrive.fr/image.ashx?id=2183606&use=l&cat=p&typeid=i","cat":284532},{"id":52335,"n":"Sauce tomate cuisinée Panzani Tube légumes - 180g","p":0.97,"u":"5,39 €/KG","img":"https://fd1-photos.leclercdrive.fr/image.ashx?id=2984751&use=l&cat=p&typeid=i","cat":288384},{"id":52367,"n":"Whisky Ballantine's Finest Blended Scotch 40% vol - 1,5L","p":31.58,"u":"21,05 €/L","img":"https://fd1-photos.leclercdrive.fr/image.ashx?id=3000833&use=l&cat=p&typeid=i","cat":284547},{"id":52372,"n":"Crème fraîche 30%mg Les Eleveurs de Bretagne - 50cl","p":2.04,"u":"4,08 €/L","img":"https://fd1-photos.leclercdrive.fr/image.ashx?id=1642289&use=l&cat=p&typeid=i","cat":284381},{"id":52384,"n":"Règle Double décimètre Esquisse 20 cm x1","p":0.5,"img":"https://fd1-photos.leclercdrive.fr/image.ashx?id=2943247&use=l&cat=p&typeid=i","cat":334133},{"id":52388,"n":"Crème anti-âge So Bio Etic Plaisir d'argan bio - 50ml","p":7.79,"u":"155,80 €/L","img":"https://fd1-photos.leclercdrive.fr/image.ashx?id=2988587&use=l&cat=p&typeid=i","cat":325345},{"id":52389,"n":"Gelée nuit anti âge So Bio Etic Argan bio - 40ml","p":8.09,"u":"202,25 €/L","img":"https://fd1-photos.leclercdrive.fr/image.ashx?id=2494734&use=l&cat=p&typeid=i","cat":325345},{"id":52539,"n":"Pur jus de citron Jardin Bio Bio - 50cl","p":2.84,"u":"5,68 €/L","img":"https://fd1-photos.leclercdrive.fr/image.ashx?id=3014524&use=l&cat=p&typeid=i","cat":288383},{"id":52540,"n":"Pur jus de citron Jardin Bio Bio - 25cl","p":1.51,"u":"6,04 €/L","img":"https://fd1-photos.leclercdrive.fr/image.ashx?id=2673745&use=l&cat=p&typeid=i","cat":288383},{"id":52582,"n":"Sauce Bolognaise Panzani - 210G","p":1.31,"u":"6,24 €/KG","img":"https://fd1-photos.leclercdrive.fr/image.ashx?id=2977927&use=l&cat=p&typeid=i","cat":287599},{"id":52618,"n":"Crème brulée Rians  3x100g","p":3.21,"u":"10,70 €/KG","img":"https://fd1-photos.leclercdrive.fr/image.ashx?id=2396246&use=l&cat=p&typeid=i","cat":284419},{"id":52625,"n":"Sauce Pommes de Terre Bénédicta - 255g","p":1.48,"u":"5,69 €/KG","img":"https://fd1-photos.leclercdrive.fr/image.ashx?id=2689925&use=l&cat=p&typeid=i","cat":318430},{"id":52631,"n":"Sauce Béarnaise Bénédicta - 260g","p":1.39,"u":"5,35 €/KG","img":"https://fd1-photos.leclercdrive.fr/image.ashx?id=2689931&use=l&cat=p&typeid=i","cat":318430},{"id":52632,"n":"Sauce au Poivre Bénédicta - 260g","p":1.44,"u":"5,54 €/KG","img":"https://fd1-photos.leclercdrive.fr/image.ashx?id=2689937&use=l&cat=p&typeid=i","cat":318430},{"id":52633,"n":"Sauce Tartare Bénédicta - 260g","p":1.45,"u":"5,58 €/KG","img":"https://fd1-photos.leclercdrive.fr/image.ashx?id=2689940&use=l&cat=p&typeid=i","cat":318430},{"id":52634,"n":"Sauce Bourguignonne Bénédicta - 260g","p":1.39,"u":"5,15 €/KG","img":"https://fd1-photos.leclercdrive.fr/image.ashx?id=2689943&use=l&cat=p&typeid=i","cat":318430},{"id":52673,"n":"Fromage Burger cheddar/emmental Président - 12 tranches - 200g","p":1.55,"u":"7,75 €/KG","img":"https://fd1-photos.leclercdrive.fr/image.ashx?id=2445024&use=l&cat=p&typeid=i","cat":314028},{"id":52679,"n":"Fromage cabecou Rians 22%mg - 3x35g","p":2.26,"u":"21,52 €/KG","img":"https://fd1-photos.leclercdrive.fr/image.ashx?id=2668455&use=l&cat=p&typeid=i","cat":314031},{"id":52684,"n":"Cheddar fromage râpé  Les Croisés - 200g","p":2.39,"u":"11,95 €/KG","img":"https://fd1-photos.leclercdrive.fr/image.ashx?id=2044381&use=l&cat=p&typeid=i","cat":314035},{"id":52688,"n":"Burrata Di Andria IGP  Tradizioni d'italia - 200g","p":4.79,"u":"23,95 €/KG","img":"https://fd1-photos.leclercdrive.fr/image.ashx?id=2904025&use=l&cat=p&typeid=i","cat":314026},{"id":52699,"n":"Comté Entremont Râpé - 2x70g","p":2.52,"u":"18,00 €/KG","img":"https://fd1-photos.leclercdrive.fr/image.ashx?id=2983162&use=l&cat=p&typeid=i","cat":314035},{"id":52704,"n":"Emmental Président 400g","p":4.39,"u":"10,98 €/KG","img":"https://fd1-photos.leclercdrive.fr/image.ashx?id=2752945&use=l&cat=p&typeid=i","cat":314034},{"id":52705,"n":"Bonbon Fili-tubs fraise Lutti  - 200g","p":1.83,"u":"9,15 €/KG","img":"https://fd1-photos.leclercdrive.fr/image.ashx?id=1750952&use=l&cat=p&typeid=i","cat":304250},{"id":52720,"n":"Essuie-tout blanc Mimosa Super absorbant - x3 compacts","p":3.99,"u":"1,33 €/P","img":"https://fd1-photos.leclercdrive.fr/image.ashx?id=2752631&use=l&cat=p&typeid=i","cat":284635},{"id":52757,"n":"Biscuits sablés Granola Chocolat au lait - 2x200g","p":2.63,"u":"6,58 €/KG","img":"https://fd1-photos.leclercdrive.fr/image.ashx?id=2347275&use=l&cat=p&typeid=i","cat":284488},{"id":52790,"n":"Fromage mi-chèvre Soignon 180g","p":2.09,"u":"11,61 €/KG","img":"https://fd1-photos.leclercdrive.fr/image.ashx?id=2734357&use=l&cat=p&typeid=i","cat":314031},{"id":52797,"n":"AOP Parmigiano Reggiano Tradizioni d'Italia - 60g","p":1.9,"u":"31,67 €/KG","img":"https://fd1-photos.leclercdrive.fr/image.ashx?id=2904028&use=l&cat=p&typeid=i","cat":314035},{"id":52804,"n":"Fromage à Raclette RichesMonts  Classique 18 Tranches - 420g","p":5.23,"u":"12,45 €/KG","img":"https://fd1-photos.leclercdrive.fr/image.ashx?id=2953489&use=l&cat=p&typeid=i","cat":314037},{"id":52806,"n":"Fromage à Tartiner St Môret  Nature Léger - 300g","p":3.72,"u":"12,40 €/KG","img":"https://fd1-photos.leclercdrive.fr/image.ashx?id=2914507&use=l&cat=p&typeid=i","cat":314029},{"id":52809,"n":"Fromage raclette Les Croisés 28%mg - 800g","p":7.39,"u":"9,24 €/KG","img":"https://fd1-photos.leclercdrive.fr/image.ashx?id=2969761&use=l&cat=p&typeid=i","cat":314037},{"id":52811,"n":"Fromage raclette fumée Les Croisés 26%mg - 250g","p":2.99,"u":"11,96 €/KG","img":"https://fd1-photos.leclercdrive.fr/image.ashx?id=2793236&use=l&cat=p&typeid=i","cat":314037},{"id":52812,"n":"Yaourt nature bifidus Activia 16x125g","p":4.58,"u":"2,29 €/KG","img":"https://fd1-photos.leclercdrive.fr/image.ashx?id=2831675&use=l&cat=p&typeid=i","cat":315000},{"id":52816,"n":"yaourt nature bifidus Activia 8x125g","p":2.79,"u":"2,79 €/KG","img":"https://fd1-photos.leclercdrive.fr/image.ashx?id=2741709&use=l&cat=p&typeid=i","cat":315000},{"id":52818,"n":"Fromage à tartiner Boursin Figue et 3 noix - 150g","p":2.18,"u":"14,53 €/KG","img":"https://fd1-photos.leclercdrive.fr/image.ashx?id=2962062&use=l&cat=p&typeid=i","cat":314029},{"id":52951,"n":"Café dosettes Tassimo Thé vert menthe x16","p":4.8,"u":"120,00 €/KG","img":"https://fd1-photos.leclercdrive.fr/image.ashx?id=2100368&use=l&cat=p&typeid=i","cat":293233},{"id":52958,"n":"Café dosettes Tassimo L'Or Espresso Classique x16","p":4.46,"u":"42,88 €/KG","img":"https://fd1-photos.leclercdrive.fr/image.ashx?id=2507335&use=l&cat=p&typeid=i","cat":293240},{"id":52961,"n":"Gnocchi Bio Village Bio - 300g","p":2.18,"u":"7,27 €/KG","img":"https://fd1-photos.leclercdrive.fr/image.ashx?id=2607960&use=l&cat=p&typeid=i","cat":333682},{"id":52962,"n":"Biscuits fourrés Prince Chocolat - 300g","p":1.35,"u":"4,50 €/KG","img":"https://fd1-photos.leclercdrive.fr/image.ashx?id=3014638&use=l&cat=p&typeid=i","cat":284488},{"id":52964,"n":"Essuie-tout blanc Mimosa Super absorbant - x4 compacts","p":4.95,"u":"1,24 €/P","img":"https://fd1-photos.leclercdrive.fr/image.ashx?id=2752628&use=l&cat=p&typeid=i","cat":284635},{"id":52979,"n":"Truite fumée de Bretagne NRT x4 - 120g","p":5.39,"u":"44,92 €/KG","img":"https://fd1-photos.leclercdrive.fr/image.ashx?id=2663851&use=l&cat=p&typeid=i","cat":285188},{"id":53000,"n":"Enveloppes à fenêtre Esquisse 11x22cm - x100","p":3.45,"img":"https://fd1-photos.leclercdrive.fr/image.ashx?id=1929795&use=l&cat=p&typeid=i","cat":284697},{"id":53003,"n":"Vin d'Espagne rouge Merlot Adrien Champaud - BIB 5L","p":9.95,"u":"1,99 €/L","img":"https://fd1-photos.leclercdrive.fr/image.ashx?id=2960496&use=l&cat=p&typeid=i","cat":289560},{"id":53006,"n":"Vin d'Espagne Merlot rouge Adrien Champaud - BIB 10L","p":18.99,"u":"1,90 €/L","img":"https://fd1-photos.leclercdrive.fr/image.ashx?id=2959614&use=l&cat=p&typeid=i","cat":289560},{"id":53032,"n":"Essuie-tout décoré Mimosa x3 compacts","p":3.82,"u":"1,27 €/P","img":"https://fd1-photos.leclercdrive.fr/image.ashx?id=2752634&use=l&cat=p&typeid=i","cat":284635},{"id":53064,"n":"Eponges grattantes Mamison  Vaisselle délicate - x2","p":1.26,"u":"0,63 €/P","img":"https://fd1-photos.leclercdrive.fr/image.ashx?id=2202440&use=l&cat=p&typeid=i","cat":284667},{"id":53065,"n":"Eponges grattantes Mamison  Récurage difficile - x2","p":1.27,"u":"0,64 €/P","img":"https://fd1-photos.leclercdrive.fr/image.ashx?id=2207733&use=l&cat=p&typeid=i","cat":284667},{"id":53066,"n":"Diffuseur mini spray Bien Air Floral  - 15ml","p":1.69,"u":"112,67 €/L","img":"https://fd1-photos.leclercdrive.fr/image.ashx?id=2375699&use=l&cat=p&typeid=i","cat":311629},{"id":53067,"n":"Recharge désodorisant Bien Air  Floral - 15ml","p":1.55,"u":"103,33 €/L","img":"https://fd1-photos.leclercdrive.fr/image.ashx?id=2467655&use=l&cat=p&typeid=i","cat":311629},{"id":53069,"n":"Recharge désodorisant Bien Air  Muguet - 15ml","p":1.5,"u":"100,00 €/L","img":"https://fd1-photos.leclercdrive.fr/image.ashx?id=2467658&use=l&cat=p&typeid=i","cat":311629},{"id":53116,"n":"Rhum blanc agricole Damoiseau 50%vol - 1L","p":18.97,"u":"18,97 €/L","img":"https://fd1-photos.leclercdrive.fr/image.ashx?id=2021214&use=l&cat=p&typeid=i","cat":284550},{"id":53135,"n":"Crozets de Savoie NRT Nature - 400g","p":2.35,"u":"5,88 €/KG","img":"https://fd1-photos.leclercdrive.fr/image.ashx?id=2856226&use=l&cat=p&typeid=i","cat":284427},{"id":53150,"n":"Barquette chat Sheba  Volaille en sauce - 12x85g","p":6.4,"u":"6,27 €/KG","img":"https://fd1-photos.leclercdrive.fr/image.ashx?id=2759640&use=l&cat=p&typeid=i","cat":285286},{"id":53165,"n":"Lomo Saint Azay 100g","p":2.69,"u":"26,90 €/KG","img":"https://fd1-photos.leclercdrive.fr/image.ashx?id=2453192&use=l&cat=p&typeid=i","cat":316007},{"id":53167,"n":"Gaufres liégoise P'tit Déli Nappée chocolat - x7 - 402g","p":2.61,"u":"6,49 €/KG","img":"https://fd1-photos.leclercdrive.fr/image.ashx?id=1965560&use=l&cat=p&typeid=i","cat":294777},{"id":53168,"n":"Snacks chats Tous mes amis Hygiène dentaire mini - 40g","p":0.99,"u":"24,75 €/KG","img":"https://fd1-photos.leclercdrive.fr/image.ashx?id=1946868&use=l&cat=p&typeid=i","cat":285285},{"id":53170,"n":"Dés fromage de Brebis Herbes de Provence Les Croisés - 300g","p":2.83,"u":"9,43 €/KG","img":"https://fd1-photos.leclercdrive.fr/image.ashx?id=2900531&use=l&cat=p&typeid=i","cat":314027},{"id":53174,"n":"Chocolat noir Equador Caramel salé - 100g","p":1.39,"u":"13,90 €/KG","img":"https://fd1-photos.leclercdrive.fr/image.ashx?id=2553339&use=l&cat=p&typeid=i","cat":284956},{"id":53396,"n":"Yaourt nature bifidus Activia 4x125g","p":1.39,"u":"2,78 €/KG","img":"https://fd1-photos.leclercdrive.fr/image.ashx?id=2885944&use=l&cat=p&typeid=i","cat":315000},{"id":53412,"n":"Activateur biologique Eparcyl  Fosse septique - 864g x24","p":6.37,"u":"7,37 €/KG","img":"https://fd1-photos.leclercdrive.fr/image.ashx?id=2890085&use=l&cat=p&typeid=i","cat":284908},{"id":53416,"n":"AOP Bourgogne Chardonnay L'Aurore - 75cl","p":6.12,"u":"8,16 €/L","img":"https://fd1-photos.leclercdrive.fr/image.ashx?id=1734034&use=l&cat=p&typeid=i","cat":289557},{"id":53434,"n":"Salade d'Alaska Menu Fraîcheur 300g","p":2.59,"u":"8,63 €/KG","img":"https://fd1-photos.leclercdrive.fr/image.ashx?id=2727638&use=l&cat=p&typeid=i","cat":333657},{"id":53465,"n":"Biscuit petit beurre P'tit Déli Chocolat lait 48% - 125g","p":1.69,"u":"13,52 €/KG","img":"https://fd1-photos.leclercdrive.fr/image.ashx?id=2846520&use=l&cat=p&typeid=i","cat":284488},{"id":53474,"n":"Bloc de foie gras pour apéritif Pierre De Chaumeyrac - 100g","p":6.09,"u":"60,90 €/KG","img":"https://fd1-photos.leclercdrive.fr/image.ashx?id=2804332&use=l&cat=p&typeid=i","cat":316008},{"id":53479,"n":"AOP Côtes du Rhône rouge Vieille Vignes - 75cl","p":3.74,"u":"4,99 €/L","img":"https://fd1-photos.leclercdrive.fr/image.ashx?id=2722396&use=l&cat=p&typeid=i","cat":289556},{"id":53508,"n":"Fine chapelure de pain Tipiak 275g","p":0.61,"u":"2,22 €/KG","img":"https://fd1-photos.leclercdrive.fr/image.ashx?id=2594124&use=l&cat=p&typeid=i","cat":288382},{"id":53606,"n":"Salade Mexicaine Côté Snack Au thon - 250g","p":1.9,"u":"7,60 €/KG","img":"https://fd1-photos.leclercdrive.fr/image.ashx?id=2884255&use=l&cat=p&typeid=i","cat":284437},{"id":53607,"n":"Salade Piémontaise Côté Snack Thon - 250g","p":1.9,"u":"7,60 €/KG","img":"https://fd1-photos.leclercdrive.fr/image.ashx?id=2868319&use=l&cat=p&typeid=i","cat":284437},{"id":53628,"n":"Soda Breizh Cola Zéro Bouteille - 6x33cl","p":3.2,"u":"1,62 €/L","img":"https://fd1-photos.leclercdrive.fr/image.ashx?id=2432663&use=l&cat=p&typeid=i","cat":284530},{"id":53662,"n":"Jambon Torchon Fleury Michon -25% de sel x2 - 80g","p":1.78,"u":"11,13 €/KG","img":"https://fd1-photos.leclercdrive.fr/image.ashx?id=2923636&use=l&cat=p&typeid=i","cat":316009},{"id":53663,"n":"Dés d'épaule Fleury Michon - 2x75g","p":1.49,"u":"9,93 €/KG","img":"https://fd1-photos.leclercdrive.fr/image.ashx?id=2650429&use=l&cat=p&typeid=i","cat":316011},{"id":53669,"n":"Assortiment Justin Bridou  4 charcuteries - 260g","p":4.64,"u":"17,85 €/KG","img":"https://fd1-photos.leclercdrive.fr/image.ashx?id=2770783&use=l&cat=p&typeid=i","cat":316007},{"id":53701,"n":"Pizza Poulet Curry  550g","p":8.95,"u":"16,27 €/KG","img":"https://fd1-photos.leclercdrive.fr/image.ashx?id=1006227&use=l&cat=p&typeid=i","cat":333679},{"id":53776,"n":"Brioche tressée Pasquier Nature - 630g","p":2.77,"u":"4,40 €/KG","img":"https://fd1-photos.leclercdrive.fr/image.ashx?id=2850946&use=l&cat=p&typeid=i","cat":284478},{"id":53777,"n":"Brioche tressée Pasquier  Pépites - 630g","p":2.67,"u":"4,24 €/KG","img":"https://fd1-photos.leclercdrive.fr/image.ashx?id=2848809&use=l&cat=p&typeid=i","cat":284478},{"id":53783,"n":"Lait de coco Suzi Wan 200ml","p":1.26,"u":"6,30 €/L","img":"https://fd1-photos.leclercdrive.fr/image.ashx?id=3002177&use=l&cat=p&typeid=i","cat":288992},{"id":53784,"n":"Potimarron Bio  1 p","p":2.49,"img":"https://fd1-photos.leclercdrive.fr/image.ashx?id=1633370&use=l&cat=p&typeid=i","cat":284352},{"id":53820,"n":"Madeleines Armor Délices x13 - 430g","p":3.79,"u":"8,81 €/KG","img":"https://fd1-photos.leclercdrive.fr/image.ashx?id=2788688&use=l&cat=p&typeid=i","cat":284492},{"id":53839,"n":"Râpé 3 saveurs Président 200g","p":2.92,"u":"14,60 €/KG","img":"https://fd1-photos.leclercdrive.fr/image.ashx?id=2786006&use=l&cat=p&typeid=i","cat":314035},{"id":53855,"n":"Crêpes gourmandes froment x12 Les Délices de Landeleau - 360g","p":3.6,"u":"10,00 €/KG","img":"https://fd1-photos.leclercdrive.fr/image.ashx?id=2528937&use=l&cat=p&typeid=i","cat":284494},{"id":53856,"n":"Crêpes gourmandises x6 Les Délices de Landeleau - 315g","p":3.6,"u":"11,43 €/KG","img":"https://fd1-photos.leclercdrive.fr/image.ashx?id=2528940&use=l&cat=p&typeid=i","cat":284494},{"id":53857,"n":"Galettes de blé noir x6 Les Délices de Landeleau - 300g","p":3.7,"u":"12,33 €/KG","img":"https://fd1-photos.leclercdrive.fr/image.ashx?id=2528738&use=l&cat=p&typeid=i","cat":284494},{"id":53899,"n":"Eau minérale gazeuse Perrier  Naturelle - 6x1L","p":3.89,"u":"0,65 €/L","img":"https://fd1-photos.leclercdrive.fr/image.ashx?id=2454463&use=l&cat=p&typeid=i","cat":284536},{"id":53902,"n":"Eau minérale gazeuse Perrier  Fines bulles - 6x1L","p":3.6,"u":"0,60 €/L","img":"https://fd1-photos.leclercdrive.fr/image.ashx?id=2830924&use=l&cat=p&typeid=i","cat":284536},{"id":53904,"n":"Barre de chocolat Toblerone Noir - 360g","p":9.69,"u":"26,92 €/KG","img":"https://fd1-photos.leclercdrive.fr/image.ashx?id=2428687&use=l&cat=p&typeid=i","cat":327595},{"id":53941,"n":"Fromage apéritif Boursin Echalote ciboulette 20 roulés","p":3.26,"u":"32,60 €/KG","img":"https://fd1-photos.leclercdrive.fr/image.ashx?id=2918595&use=l&cat=p&typeid=i","cat":314027},{"id":53944,"n":"Fromage à tartiner Boursin Ail et fines herbes - 250g","p":3.4,"u":"13,60 €/KG","img":"https://fd1-photos.leclercdrive.fr/image.ashx?id=2999853&use=l&cat=p&typeid=i","cat":314029},{"id":54112,"n":"Absolut Vodka 40%vol - 1L","p":24.22,"u":"24,22 €/L","img":"https://fd1-photos.leclercdrive.fr/image.ashx?id=2550261&use=l&cat=p&typeid=i","cat":284550},{"id":54171,"n":"Sauce Béarnaise Férial 120g","p":1.69,"u":"14,08 €/KG","img":"https://fd1-photos.leclercdrive.fr/image.ashx?id=2636239&use=l&cat=p&typeid=i","cat":284382},{"id":54172,"n":"Sauce aux 3 poivres  120g","p":1.69,"u":"14,08 €/KG","img":"https://fd1-photos.leclercdrive.fr/image.ashx?id=2636242&use=l&cat=p&typeid=i","cat":284382},{"id":54173,"n":"Sauce Forestière Férial 120g","p":1.69,"u":"14,08 €/KG","img":"https://fd1-photos.leclercdrive.fr/image.ashx?id=2636248&use=l&cat=p&typeid=i","cat":284382},{"id":54176,"n":"Pâte feuilletée sans gluten Chaque Jour Sans Gluten - 280g","p":1.99,"u":"7,11 €/KG","img":"https://fd1-photos.leclercdrive.fr/image.ashx?id=2896024&use=l&cat=p&typeid=i","cat":333681},{"id":54177,"n":"AOP Champagne Bio Canard Duchêne - Extra Brut - 75cl","p":29.64,"u":"39,52 €/L","img":"https://fd1-photos.leclercdrive.fr/image.ashx?id=2753611&use=l&cat=p&typeid=i","cat":284542},{"id":54184,"n":"Pétillant AOC Jaillance Clairette Bio, 7%vol - 75cl","p":6.9,"u":"9,20 €/L","img":"https://fd1-photos.leclercdrive.fr/image.ashx?id=2867455&use=l&cat=p&typeid=i","cat":284544},{"id":54244,"n":"Liqueur de menthe Get 31 Edition Limitée 24° - 70cl","p":13.89,"u":"19,84 €/L","img":"https://fd1-photos.leclercdrive.fr/image.ashx?id=2989051&use=l&cat=p&typeid=i","cat":286032},{"id":54272,"n":"Beurre Tendre Président Demi-sel - 80% MG - 125g","p":2.05,"u":"16,40 €/KG","img":"https://fd1-photos.leclercdrive.fr/image.ashx?id=2653495&use=l&cat=p&typeid=i","cat":284379},{"id":54295,"n":"Brosse à dents Sensodyne Gencives sensibles x1","p":2.07,"pp":1.45,"img":"https://fd1-photos.leclercdrive.fr/image.ashx?id=2557245&use=l&cat=p&typeid=i","cat":284614},{"id":54296,"n":"Recharge mini spray Bien Air Marine - 15ml","p":1.5,"u":"100,00 €/L","img":"https://fd1-photos.leclercdrive.fr/image.ashx?id=2467646&use=l&cat=p&typeid=i","cat":311629},{"id":54297,"n":"Désodorisant Bien Air Mèches actives, lavande - 375ml","p":1.65,"u":"4,40 €/L","img":"https://fd1-photos.leclercdrive.fr/image.ashx?id=2968997&use=l&cat=p&typeid=i","cat":311628},{"id":54298,"n":"Désodorisant Bien Air Mèche active muguet - 375ml","p":1.65,"u":"4,40 €/L","img":"https://fd1-photos.leclercdrive.fr/image.ashx?id=2777803&use=l&cat=p&typeid=i","cat":311628},{"id":54299,"n":"Désodorisant Bien Air Mèche active Fruit rouge 375ml","p":1.65,"u":"4,40 €/L","img":"https://fd1-photos.leclercdrive.fr/image.ashx?id=2777806&use=l&cat=p&typeid=i","cat":311628},{"id":54300,"n":"Désodorisant Bien Air Mèche active agrume 375ml","p":1.65,"u":"4,40 €/L","img":"https://fd1-photos.leclercdrive.fr/image.ashx?id=2777809&use=l&cat=p&typeid=i","cat":311628},{"id":54301,"n":"Recharge mini spray Bien Air Agrume - 15ml","p":1.5,"u":"100,00 €/L","img":"https://fd1-photos.leclercdrive.fr/image.ashx?id=2467652&use=l&cat=p&typeid=i","cat":311629},{"id":54311,"n":"Bière blonde Bio Jade 4.5%vol - 6x25cl","p":5.6,"u":"3,73 €/L","img":"https://fd1-photos.leclercdrive.fr/image.ashx?id=2511282&use=l&cat=p&typeid=i","cat":334873},{"id":54312,"n":"Bière Sans gluten Jade Bio - 4.5%vol - 6x25cl","p":5.75,"u":"3,83 €/L","img":"https://fd1-photos.leclercdrive.fr/image.ashx?id=2672161&use=l&cat=p&typeid=i","cat":334873},{"id":54316,"n":"AOC Coteaux du Layon vin blanc Les Caractères - 75cl","p":5.9,"u":"7,87 €/L","img":"https://fd1-photos.leclercdrive.fr/image.ashx?id=2898762&use=l&cat=p&typeid=i","cat":289557},{"id":54344,"n":"Tablette chocolat Côte d'Or Chocolat lait/Amandes - 180g","p":4.07,"u":"22,61 €/KG","img":"https://fd1-photos.leclercdrive.fr/image.ashx?id=3009143&use=l&cat=p&typeid=i","cat":284497},{"id":54346,"n":"Barre Chocolatée KINDER Country  Céréales chocolat x10 - 235g","p":3.68,"u":"15,66 €/KG","img":"https://fd1-photos.leclercdrive.fr/image.ashx?id=2231942&use=l&cat=p&typeid=i","cat":284498},{"id":54354,"n":"Crevettes décortiquées ASC Delpierre - 180g","p":6.6,"u":"36,67 €/KG","img":"https://fd1-photos.leclercdrive.fr/image.ashx?id=2867999&use=l&cat=p&typeid=i","cat":284343},{"id":54385,"n":"Coupelles Ananas DDV Sirop léger - 4x70g","p":2.79,"u":"9,96 €/KG","img":"https://fd1-photos.leclercdrive.fr/image.ashx?id=2100793&use=l&cat=p&typeid=i","cat":284507},{"id":54386,"n":"Gâteau multicouche P'tit Déli Genoise fourré chocolat - 175g","p":1.27,"u":"7,26 €/KG","img":"https://fd1-photos.leclercdrive.fr/image.ashx?id=2416538&use=l&cat=p&typeid=i","cat":284495},{"id":54387,"n":"Pains Hot Dog Epi d'Or x4 - 250g","p":1.41,"u":"5,64 €/KG","img":"https://fd1-photos.leclercdrive.fr/image.ashx?id=2147414&use=l&cat=p&typeid=i","cat":284985},{"id":54396,"n":"Salade Catalane Côté Snack Thon à la catalane - 250g","p":2.17,"u":"8,68 €/KG","img":"https://fd1-photos.leclercdrive.fr/image.ashx?id=2910589&use=l&cat=p&typeid=i","cat":284437},{"id":54404,"n":"Sauce Tomacouli Panzani - 3X200G","p":1.61,"u":"2,68 €/KG","img":"https://fd1-photos.leclercdrive.fr/image.ashx?id=2744623&use=l&cat=p&typeid=i","cat":288384},{"id":54405,"n":"Sauce Tomacouli Panzani - 700G","p":1.56,"u":"2,23 €/KG","img":"https://fd1-photos.leclercdrive.fr/image.ashx?id=2744632&use=l&cat=p&typeid=i","cat":288384},{"id":54415,"n":"Bâtonnet à mâcher Dentalife  Petit chien - x21 - 345g","p":3.05,"u":"8,84 €/KG","img":"https://fd1-photos.leclercdrive.fr/image.ashx?id=2897339&use=l&cat=p&typeid=i","cat":294527},{"id":54416,"n":"Bâtonnet à macher Dentalife Chien moyen - 345g","p":3.05,"u":"8,84 €/KG","img":"https://fd1-photos.leclercdrive.fr/image.ashx?id=2896426&use=l&cat=p&typeid=i","cat":294527},{"id":54417,"n":"Barre chocolat lait P'tit Déli x5 - 130g","p":1.5,"u":"11,54 €/KG","img":"https://fd1-photos.leclercdrive.fr/image.ashx?id=2568936&use=l&cat=p&typeid=i","cat":284488},{"id":54418,"n":"Bâtonnet à mâche Dentalife Grand chien x12 - 426g","p":3.05,"u":"7,16 €/KG","img":"https://fd1-photos.leclercdrive.fr/image.ashx?id=2897342&use=l&cat=p&typeid=i","cat":294527},{"id":54420,"n":"Gel à raser Carré Homme Pour barbe difficile - 200ml","p":1.89,"u":"9,45 €/L","img":"https://fd1-photos.leclercdrive.fr/image.ashx?id=2704723&use=l&cat=p&typeid=i","cat":284617},{"id":54423,"n":"Gel à raser Carré Homme Fraicheur - 200ml","p":1.69,"u":"8,45 €/L","img":"https://fd1-photos.leclercdrive.fr/image.ashx?id=2704726&use=l&cat=p&typeid=i","cat":284617},{"id":54430,"n":"Salade Italienne Côté Snack Au thon - 250g","p":2.18,"u":"8,72 €/KG","img":"https://fd1-photos.leclercdrive.fr/image.ashx?id=2927910&use=l&cat=p&typeid=i","cat":284437},{"id":54471,"n":"Madeleines longues Le Ster Marbrées choco - 250g","p":1.4,"u":"5,60 €/KG","img":"https://fd1-photos.leclercdrive.fr/image.ashx?id=2962548&use=l&cat=p&typeid=i","cat":284492},{"id":54473,"n":"Madeleines longues Le Ster Nature  - 250g","p":1.59,"u":"6,36 €/KG","img":"https://fd1-photos.leclercdrive.fr/image.ashx?id=2962545&use=l&cat=p&typeid=i","cat":284492},{"id":54476,"n":"Galette de blé noir Bio  Crêperie Guerlédan x4 - 280g","p":3.17,"u":"11,32 €/KG","img":"https://fd1-photos.leclercdrive.fr/image.ashx?id=2044008&use=l&cat=p&typeid=i","cat":285530},{"id":54492,"n":"Tortillas chips Bio village Bio Nature - 150g","p":1.75,"u":"11,67 €/KG","img":"https://fd1-photos.leclercdrive.fr/image.ashx?id=2538385&use=l&cat=p&typeid=i","cat":287899},{"id":54494,"n":"Biscuits Petit Ecolier LU Chocolat au lait - 2x150g","p":3.35,"u":"11,17 €/KG","img":"https://fd1-photos.leclercdrive.fr/image.ashx?id=3009122&use=l&cat=p&typeid=i","cat":284488},{"id":54496,"n":"Gâteaux fourrés Milka Chocolat - 175g","p":1.68,"u":"9,60 €/KG","img":"https://fd1-photos.leclercdrive.fr/image.ashx?id=3005338&use=l&cat=p&typeid=i","cat":284495},{"id":54513,"n":"Falafels Végé - 200g","p":1.99,"u":"9,95 €/KG","img":"https://fd1-photos.leclercdrive.fr/image.ashx?id=2865266&use=l&cat=p&typeid=i","cat":316036},{"id":54520,"n":"Pâte a pizza Tablier Blanc Rectangle - 385g","p":1.3,"u":"3,38 €/KG","img":"https://fd1-photos.leclercdrive.fr/image.ashx?id=2635925&use=l&cat=p&typeid=i","cat":333681},{"id":54522,"n":"Pâte feuilletée Tablier Blanc A dérouler - x2 - 460g","p":1.48,"u":"3,22 €/KG","img":"https://fd1-photos.leclercdrive.fr/image.ashx?id=2635928&use=l&cat=p&typeid=i","cat":333681},{"id":54540,"n":"AOC Crémant Limoux Aguila Brut - 75cl","p":6.57,"u":"8,76 €/L","img":"https://fd1-photos.leclercdrive.fr/image.ashx?id=2792243&use=l&cat=p&typeid=i","cat":284544},{"id":54612,"n":"Corn Flakes bio Bio Village Nature - 375g","p":2.4,"u":"6,40 €/KG","img":"https://fd1-photos.leclercdrive.fr/image.ashx?id=2835226&use=l&cat=p&typeid=i","cat":309513},{"id":54707,"n":"Gnocchi Bio à poêler nature  300g","p":1.89,"u":"6,30 €/KG","img":"https://fd1-photos.leclercdrive.fr/image.ashx?id=2605562&use=l&cat=p&typeid=i","cat":333682},{"id":54726,"n":"Tartelettes au citron  2x1 p","p":3.5,"u":"1,75 €/P","img":"https://fd1-photos.leclercdrive.fr/image.ashx?id=820617&use=l&cat=p&typeid=i","cat":284360},{"id":54762,"n":"Mini gâteaux bretons natures x6 - 250g","p":4.9,"u":"19,60 €/KG","img":"https://fd1-photos.leclercdrive.fr/image.ashx?id=1426120&use=l&cat=p&typeid=i","cat":284495},{"id":54853,"n":"Mini choux Tokapi  Saumon/aneth - 60g","p":0.92,"u":"15,33 €/KG","img":"https://fd1-photos.leclercdrive.fr/image.ashx?id=2063338&use=l&cat=p&typeid=i","cat":297000},{"id":54856,"n":"Mini choux Tokapi  Bleu-/noix60g","p":1.36,"u":"22,67 €/KG","img":"https://fd1-photos.leclercdrive.fr/image.ashx?id=2068019&use=l&cat=p&typeid=i","cat":297000},{"id":54860,"n":"Mix apéritif Bio Village  Bio -  120g","p":2.74,"u":"22,83 €/KG","img":"https://fd1-photos.leclercdrive.fr/image.ashx?id=1944243&use=l&cat=p&typeid=i","cat":284448},{"id":54865,"n":"Tablette chocolat Villars Chocolat au Lait Suisse - 100g","p":2.19,"u":"21,90 €/KG","img":"https://fd1-photos.leclercdrive.fr/image.ashx?id=2464276&use=l&cat=p&typeid=i","cat":284497},{"id":54944,"n":"Cône Nestlé Extrême  Café intense - 6x71g","p":3.55,"u":"8,33 €/KG","img":"https://fd1-photos.leclercdrive.fr/image.ashx?id=3000435&use=l&cat=p&typeid=i","cat":284264},{"id":54957,"n":"Cône Extrême Nestle Vanille Fraise - 6x71g","p":3.55,"u":"8,33 €/KG","img":"https://fd1-photos.leclercdrive.fr/image.ashx?id=2353113&use=l&cat=p&typeid=i","cat":284264},{"id":54958,"n":"Cône Extrême Nestle Menthe chocolat - 6x71g","p":3.46,"u":"8,12 €/KG","img":"https://fd1-photos.leclercdrive.fr/image.ashx?id=2737048&use=l&cat=p&typeid=i","cat":284264},{"id":54959,"n":"Cône Extrême Intense Nestle Pistache Chocolat - 6x71g","p":3.55,"u":"8,33 €/KG","img":"https://fd1-photos.leclercdrive.fr/image.ashx?id=2353116&use=l&cat=p&typeid=i","cat":284264},{"id":55033,"n":"Fromage à Tartiner Tartare Ail et Fines Herbes 16P - 250g","p":3.41,"u":"13,64 €/KG","img":"https://fd1-photos.leclercdrive.fr/image.ashx?id=2732887&use=l&cat=p&typeid=i","cat":314029},{"id":55069,"n":"Bière La Rousse aux 3 malts 6.5%vol - 75cl","p":4.74,"u":"6,32 €/L","img":"https://fd1-photos.leclercdrive.fr/image.ashx?id=2432964&use=l&cat=p&typeid=i","cat":334872},{"id":55073,"n":"Bière La Blanche légère 4.7%vol - 75cl","p":4.7,"u":"6,27 €/L","img":"https://fd1-photos.leclercdrive.fr/image.ashx?id=2432961&use=l&cat=p&typeid=i","cat":334872},{"id":55088,"n":"AOP Saint Estephe Vin rouge Marquis de St Estephe - 75cl","p":10.9,"u":"14,53 €/L","img":"https://fd1-photos.leclercdrive.fr/image.ashx?id=1758421&use=l&cat=p&typeid=i","cat":289556},{"id":55090,"n":"AOP Bordeaux rouge Mouton Cadet - 75cl","p":42.9,"u":"57,20 €/L","img":"https://fd1-photos.leclercdrive.fr/image.ashx?id=2959940&use=l&cat=p&typeid=i","cat":289556},{"id":55094,"n":"AOP Bordeaux supérieur Château Labatut - BIB 3L","p":18.5,"u":"6,17 €/L","img":"https://fd1-photos.leclercdrive.fr/image.ashx?id=1877057&use=l&cat=p&typeid=i","cat":289560},{"id":55102,"n":"Dentifrice expert Bionaïa Menthe Bio - 75ml","p":1.79,"u":"23,87 €/L","img":"https://fd1-photos.leclercdrive.fr/image.ashx?id=2529540&use=l&cat=p&typeid=i","cat":284612},{"id":55104,"n":"Recharge brosse à dents Dentamyl - Double zone - x2","p":6.99,"u":"3,50 €/P","img":"https://fd1-photos.leclercdrive.fr/image.ashx?id=2790988&use=l&cat=p&typeid=i","cat":297133},{"id":55109,"n":"Recharge brosse à dents Dentamyl Sensitive x2","p":6.99,"u":"3,50 €/P","img":"https://fd1-photos.leclercdrive.fr/image.ashx?id=2790991&use=l&cat=p&typeid=i","cat":297133},{"id":55144,"n":"Emincés de poulet Fleury Michon Rôti sans nitrite 2x75g","p":2.24,"u":"14,93 €/KG","img":"https://fd1-photos.leclercdrive.fr/image.ashx?id=2649804&use=l&cat=p&typeid=i","cat":316011},{"id":55145,"n":"Allumettes Fleury Michon Jambon cuit - 2x75g","p":1.23,"u":"8,20 €/KG","img":"https://fd1-photos.leclercdrive.fr/image.ashx?id=2651047&use=l&cat=p&typeid=i","cat":316011},{"id":55146,"n":"Jambon à poêler Fleury Michon 2x80g","p":2.57,"u":"16,06 €/KG","img":"https://fd1-photos.leclercdrive.fr/image.ashx?id=2975155&use=l&cat=p&typeid=i","cat":316009},{"id":55160,"n":"Brioche tréssée Pasquier Tranchée Pépite chocolat - 500g","p":2.75,"u":"5,50 €/KG","img":"https://fd1-photos.leclercdrive.fr/image.ashx?id=2971969&use=l&cat=p&typeid=i","cat":284478},{"id":55183,"n":"AOP Bourgogne Hautes Côtes de Nuits Rouge 75cl","p":10.75,"u":"14,33 €/L","img":"https://fd1-photos.leclercdrive.fr/image.ashx?id=2210506&use=l&cat=p&typeid=i","cat":289556},{"id":55197,"n":"Plat bébé soir Blédiner 12 mois Macaroni ratatouille - 2x200g","p":2.34,"u":"5,85 €/KG","img":"https://fd1-photos.leclercdrive.fr/image.ashx?id=2845826&use=l&cat=p&typeid=i","cat":312239},{"id":55199,"n":"AOP Mâcon vin rouge L'Aurore - 75cl","p":6.15,"u":"8,20 €/L","img":"https://fd1-photos.leclercdrive.fr/image.ashx?id=1758385&use=l&cat=p&typeid=i","cat":289556},{"id":55206,"n":"Plat bébé Blédina 12 mois Pâtes tomate jambon - 2x200g","p":2.4,"u":"6,00 €/KG","img":"https://fd1-photos.leclercdrive.fr/image.ashx?id=2975071&use=l&cat=p&typeid=i","cat":312237},{"id":55214,"n":"Plat bébé soir Blédiner 12 mois Boulghour potiron panais-2x200g","p":2.66,"u":"6,65 €/KG","img":"https://fd1-photos.leclercdrive.fr/image.ashx?id=2921064&use=l&cat=p&typeid=i","cat":312239},{"id":55234,"n":"Dosettes Café Carte Noire  Arabica Corsé n°7 x36 - 250g","p":6.23,"u":"24,92 €/KG","img":"https://fd1-photos.leclercdrive.fr/image.ashx?id=2909236&use=l&cat=p&typeid=i","cat":293238},{"id":55243,"n":"Crêpe fourrée Fraise Paysan Breton - 6x180g","p":1.86,"u":"10,33 €/KG","img":"https://fd1-photos.leclercdrive.fr/image.ashx?id=2607086&use=l&cat=p&typeid=i","cat":284494},{"id":55259,"n":"Rôti de porc supérieur L'Atelier Charcuterie x2 - 90g","p":2.09,"u":"23,22 €/KG","img":"https://fd1-photos.leclercdrive.fr/image.ashx?id=2943590&use=l&cat=p&typeid=i","cat":316009},{"id":55260,"n":"Rôti de porc supérieur L'Atelier Charcuterie x4 -180g","p":3.68,"u":"20,44 €/KG","img":"https://fd1-photos.leclercdrive.fr/image.ashx?id=2998856&use=l&cat=p&typeid=i","cat":316009},{"id":55261,"n":"Pâté de campagne Breton L'Atelier Charcuterie - 170g","p":2.39,"u":"14,06 €/KG","img":"https://fd1-photos.leclercdrive.fr/image.ashx?id=2970426&use=l&cat=p&typeid=i","cat":316008},{"id":55262,"n":"Pâté Campagne Supérieur L'Atelier Charcuterie - 170g","p":2.08,"u":"12,24 €/KG","img":"https://fd1-photos.leclercdrive.fr/image.ashx?id=2905862&use=l&cat=p&typeid=i","cat":316008},{"id":55264,"n":"Mousse de foie Supérieure L'Atelier Charcuterie - 170g","p":2.19,"u":"12,88 €/KG","img":"https://fd1-photos.leclercdrive.fr/image.ashx?id=2882289&use=l&cat=p&typeid=i","cat":316008},{"id":55265,"n":"Mousse de canard Supérieure L'Atelier Charcuterie - 170g","p":2.71,"u":"15,94 €/KG","img":"https://fd1-photos.leclercdrive.fr/image.ashx?id=2882529&use=l&cat=p&typeid=i","cat":316008},{"id":55269,"n":"Boudin noir oignons rissolés L'Atelier Charcuterie x3 - 375g","p":4.04,"u":"10,77 €/KG","img":"https://fd1-photos.leclercdrive.fr/image.ashx?id=2994342&use=l&cat=p&typeid=i","cat":316012},{"id":55271,"n":"AOC Bordeaux vin rouge Bernard Cordelier - 75 cl","p":1.99,"u":"2,65 €/L","img":"https://fd1-photos.leclercdrive.fr/image.ashx?id=2954046&use=l&cat=p&typeid=i","cat":289556},{"id":55275,"n":"Bougie Bien Air Soirée d'hiver 30heures - x1","p":2.34,"img":"https://fd1-photos.leclercdrive.fr/image.ashx?id=2399755&use=l&cat=p&typeid=i","cat":284666},{"id":55276,"n":"Brosse adhésive  Mamison Textile 36 feuilles","p":2.29,"img":"https://fd1-photos.leclercdrive.fr/image.ashx?id=1063565&use=l&cat=p&typeid=i","cat":284669},{"id":55343,"n":"Biscuits à thé Delacre Tea Time Assortiment Boîte Métal - 1kg","p":13.21,"u":"13,21 €/KG","img":"https://fd1-photos.leclercdrive.fr/image.ashx?id=2867969&use=l&cat=p&typeid=i","cat":284490},{"id":55356,"n":"AOP Beaumes de Venise rouge 75cl","p":7.75,"u":"10,33 €/L","img":"https://fd1-photos.leclercdrive.fr/image.ashx?id=1758325&use=l&cat=p&typeid=i","cat":289556},{"id":55364,"n":"Vin mousseux Kriter Demi-sec - 3x20cl","p":5.25,"u":"8,75 €/L","img":"https://fd1-photos.leclercdrive.fr/image.ashx?id=2538506&use=l&cat=p&typeid=i","cat":284544},{"id":55377,"n":"Bougie Bien Air Fruits rouges 30heures - x1","p":2.19,"img":"https://fd1-photos.leclercdrive.fr/image.ashx?id=2939073&use=l&cat=p&typeid=i","cat":284666},{"id":55381,"n":"Cacahuètes Tokapi  Grillées à sec - 120g","p":0.47,"u":"3,92 €/KG","img":"https://fd1-photos.leclercdrive.fr/image.ashx?id=2799778&use=l&cat=p&typeid=i","cat":284448},{"id":55415,"n":"Bougie Bien Air Anti-tabac 30h - x1","p":1.83,"img":"https://fd1-photos.leclercdrive.fr/image.ashx?id=2999613&use=l&cat=p&typeid=i","cat":284666},{"id":55429,"n":"Crème Chantilly UHT Président Aérosol sucré aromatisé - 250g","p":2.99,"u":"11,96 €/KG","img":"https://fd1-photos.leclercdrive.fr/image.ashx?id=2860169&use=l&cat=p&typeid=i","cat":284382},{"id":55435,"n":"Sardines à l'huile d'olive  Connétable - 3x55g","p":3.52,"u":"21,33 €/KG","img":"https://fd1-photos.leclercdrive.fr/image.ashx?id=2139052&use=l&cat=p&typeid=i","cat":305146},{"id":55439,"n":"Salade Niçoise Côté Snack Au thon - 250g","p":1.8,"u":"7,20 €/KG","img":"https://fd1-photos.leclercdrive.fr/image.ashx?id=2868316&use=l&cat=p&typeid=i","cat":284437},{"id":55442,"n":"Salade Parisienne Côté Snack Au thon - 250g","p":2.49,"u":"9,96 €/KG","img":"https://fd1-photos.leclercdrive.fr/image.ashx?id=2905919&use=l&cat=p&typeid=i","cat":284437},{"id":55573,"n":"Soda Coca-Cola Original Bouteille - 1L","p":1.7,"u":"1,70 €/L","img":"https://fd1-photos.leclercdrive.fr/image.ashx?id=2194409&use=l&cat=p&typeid=i","cat":284530},{"id":55619,"n":"Lait Bio entier Lactel UHT Bouteille - 6x50cl","p":8.28,"u":"2,76 €/L","img":"https://fd1-photos.leclercdrive.fr/image.ashx?id=2892760&use=l&cat=p&typeid=i","cat":285610},{"id":55642,"n":"Ramette Esquisse x500 - A4 - 100g - Ultra blanc","p":7.9,"img":"https://fd1-photos.leclercdrive.fr/image.ashx?id=2943250&use=l&cat=p&typeid=i","cat":284697},{"id":55655,"n":"Feutres de coloriage Esquisse Lavables Pointe moyenne x36","p":3.4,"img":"https://fd1-photos.leclercdrive.fr/image.ashx?id=1928785&use=l&cat=p&typeid=i","cat":284696},{"id":55686,"n":"Intercalaires Esquisse  x12 - A4","p":1.35,"img":"https://fd1-photos.leclercdrive.fr/image.ashx?id=2943244&use=l&cat=p&typeid=i","cat":284745},{"id":55700,"n":"Haricots Verts Cassegrain Extra Fins Ceuillis main 110g","p":1.34,"u":"12,18 €/KG","img":"https://fd1-photos.leclercdrive.fr/image.ashx?id=2913034&use=l&cat=p&typeid=i","cat":312606},{"id":55756,"n":"Kiwis jaunes Bio Barquette 3 fruits","p":3.99,"u":"1,33 €/P","img":"https://fd1-photos.leclercdrive.fr/image.ashx?id=1633970&use=l&cat=p&typeid=i","cat":284356},{"id":55770,"n":"Déboucheur Ouragan Chrono 5min - 1L","p":3.2,"u":"3,20 €/L","img":"https://fd1-photos.leclercdrive.fr/image.ashx?id=2792552&use=l&cat=p&typeid=i","cat":284908},{"id":55786,"n":"Crêpe fourrée Whaou Chocolat / Noisette x8 - 256g","p":2.02,"u":"7,89 €/KG","img":"https://fd1-photos.leclercdrive.fr/image.ashx?id=2962857&use=l&cat=p&typeid=i","cat":284494},{"id":55810,"n":"Chipolatas bio - Bio Village  x5 - 275g","p":4.69,"u":"17,05 €/KG","img":"https://fd1-photos.leclercdrive.fr/image.ashx?id=2886478&use=l&cat=p&typeid=i","cat":284334},{"id":55816,"n":"Lingettes désinfectantes 2en1 x10 lingettes","p":1.52,"img":"https://fd1-photos.leclercdrive.fr/image.ashx?id=2832981&use=l&cat=p&typeid=i","cat":284630},{"id":55866,"n":"AOP Reblochon laitier  240g","p":3.99,"u":"16,63 €/KG","img":"https://fd1-photos.leclercdrive.fr/image.ashx?id=601050&use=l&cat=p&typeid=i","cat":314037},{"id":55887,"n":"Bougie Bien Air Vanille Caramel 30h - x1","p":1.8,"img":"https://fd1-photos.leclercdrive.fr/image.ashx?id=2399761&use=l&cat=p&typeid=i","cat":284666},{"id":56155,"n":"Jambon des Pyrénées NRT x4 - 100g","p":2.99,"u":"29,90 €/KG","img":"https://fd1-photos.leclercdrive.fr/image.ashx?id=2670452&use=l&cat=p&typeid=i","cat":316007},{"id":56160,"n":"Assortiment de charcuteries Savoyardes - NRT - 200g","p":6.29,"u":"31,45 €/KG","img":"https://fd1-photos.leclercdrive.fr/image.ashx?id=2753529&use=l&cat=p&typeid=i","cat":316007},{"id":56163,"n":"Lait concentré sucré Nestlé x6 sticks - 30g","p":2.07,"u":"69,00 €/KG","img":"https://fd1-photos.leclercdrive.fr/image.ashx?id=2306528&use=l&cat=p&typeid=i","cat":299162},{"id":56259,"n":"Fourme d'Ambert AOP  200g","p":3.8,"u":"19,00 €/KG","img":"https://fd1-photos.leclercdrive.fr/image.ashx?id=601039&use=l&cat=p&typeid=i","cat":314032},{"id":56418,"n":"Vinaigre de cidre Bio Village Bio 75cl","p":2.09,"u":"2,79 €/L","img":"https://fd1-photos.leclercdrive.fr/image.ashx?id=1069902&use=l&cat=p&typeid=i","cat":298543},{"id":56435,"n":"Bouillon Kub Or Maggi  Déshydraté dégraissé - 128g","p":1.49,"u":"11,64 €/KG","img":"https://fd1-photos.leclercdrive.fr/image.ashx?id=2953977&use=l&cat=p&typeid=i","cat":288379},{"id":56440,"n":"Biscuit Citron Yuzu GERBLE  sans sucre 6 132g","p":1.79,"u":"13,56 €/KG","img":"https://fd1-photos.leclercdrive.fr/image.ashx?id=2664016&use=l&cat=p&typeid=i","cat":318653},{"id":56444,"n":"Biscuits chocolat amande GERBLE  - 4x4, 200g","p":1.76,"u":"8,80 €/KG","img":"https://fd1-photos.leclercdrive.fr/image.ashx?id=2967004&use=l&cat=p&typeid=i","cat":318651},{"id":56452,"n":"Cookie Cacao GERBLE  sans sucres - 130g","p":2.34,"u":"18,00 €/KG","img":"https://fd1-photos.leclercdrive.fr/image.ashx?id=2575057&use=l&cat=p&typeid=i","cat":318653},{"id":56456,"n":"Biscuit Coco GERBLE  sans sucre - 132g","p":1.91,"u":"14,47 €/KG","img":"https://fd1-photos.leclercdrive.fr/image.ashx?id=2662826&use=l&cat=p&typeid=i","cat":318653},{"id":56457,"n":"Biscuit Sésame Vanille GERBLE  sans sucres - 132g","p":1.79,"u":"13,56 €/KG","img":"https://fd1-photos.leclercdrive.fr/image.ashx?id=2664013&use=l&cat=p&typeid=i","cat":318653},{"id":56464,"n":"Biscuit fourré cacao GERBLE   sans sucre 6 185g","p":2.72,"u":"14,70 €/KG","img":"https://fd1-photos.leclercdrive.fr/image.ashx?id=2662832&use=l&cat=p&typeid=i","cat":318653},{"id":56511,"n":"Galettes sarrasin Bretagne NRT x6 - 300g","p":1.89,"u":"6,30 €/KG","img":"https://fd1-photos.leclercdrive.fr/image.ashx?id=2770268&use=l&cat=p&typeid=i","cat":333672},{"id":56517,"n":"Eau minérale naturelle Contrex 6x1.5L","p":3.0,"u":"0,33 €/L","img":"https://fd1-photos.leclercdrive.fr/image.ashx?id=2758773&use=l&cat=p&typeid=i","cat":284535},{"id":56547,"n":"Flocons d'avoine bio Bio Village - 500g","p":1.48,"u":"2,96 €/KG","img":"https://fd1-photos.leclercdrive.fr/image.ashx?id=2688243&use=l&cat=p&typeid=i","cat":309512},{"id":56571,"n":"Tomates entières pelées bio Bio Village - 240g","p":1.04,"u":"4,33 €/KG","img":"https://fd1-photos.leclercdrive.fr/image.ashx?id=3002662&use=l&cat=p&typeid=i","cat":312608},{"id":56574,"n":"Sel Fin de Table Rustica Boîte verseuse 500g","p":0.46,"u":"0,92 €/KG","img":"https://fd1-photos.leclercdrive.fr/image.ashx?id=2050681&use=l&cat=p&typeid=i","cat":284457},{"id":56609,"n":"Fromage à tartiner Madame Loïk Fouetté Nature - 320g","p":3.13,"u":"9,78 €/KG","img":"https://fd1-photos.leclercdrive.fr/image.ashx?id=2967798&use=l&cat=p&typeid=i","cat":314029},{"id":56610,"n":"Fromage à tartiner Madame Loïk Fouetté Nature - 180g","p":1.89,"u":"10,50 €/KG","img":"https://fd1-photos.leclercdrive.fr/image.ashx?id=2948015&use=l&cat=p&typeid=i","cat":314029},{"id":56683,"n":"Pur jus d'ananas Bio Village  Bio - 1L","p":3.81,"u":"3,81 €/L","img":"https://fd1-photos.leclercdrive.fr/image.ashx?id=2901539&use=l&cat=p&typeid=i","cat":284916},{"id":56767,"n":"Vinaigre balsamique Rustica De Modène - 25cl","p":1.27,"u":"5,08 €/L","img":"https://fd1-photos.leclercdrive.fr/image.ashx?id=2777812&use=l&cat=p&typeid=i","cat":298543},{"id":56770,"n":"Fleur de sel de Guérande IGP  NRT - 125g","p":2.49,"u":"19,92 €/KG","img":"https://fd1-photos.leclercdrive.fr/image.ashx?id=2644924&use=l&cat=p&typeid=i","cat":284457},{"id":56774,"n":"AOP Alsace Gewurtzraminer blanc Henri Ehrhart - 75 cl","p":6.45,"u":"8,60 €/L","img":"https://fd1-photos.leclercdrive.fr/image.ashx?id=1754404&use=l&cat=p&typeid=i","cat":289557},{"id":56789,"n":"Whisky Talisker Storm 45.8%vol - 70cL","p":36.95,"u":"52,79 €/L","img":"https://fd1-photos.leclercdrive.fr/image.ashx?id=2160039&use=l&cat=p&typeid=i","cat":284547},{"id":56831,"n":"Nuggets de poulet Maître Coq Sachet - 1kg","p":5.79,"u":"5,79 €/KG","img":"https://fd1-photos.leclercdrive.fr/image.ashx?id=2936404&use=l&cat=p&typeid=i","cat":319780},{"id":56845,"n":"Bâtonnets de poisson Findus  Colin d'Alaska MSC x16 - 448g","p":3.69,"u":"8,24 €/KG","img":"https://fd1-photos.leclercdrive.fr/image.ashx?id=2650684&use=l&cat=p&typeid=i","cat":319788},{"id":56853,"n":"Tablette de chocolat Côte d'or Noir noisette - 4x180g","p":12.72,"u":"17,67 €/KG","img":"https://fd1-photos.leclercdrive.fr/image.ashx?id=2167696&use=l&cat=p&typeid=i","cat":284956},{"id":56859,"n":"Pistaches Vico  230g","p":4.48,"u":"19,48 €/KG","img":"https://fd1-photos.leclercdrive.fr/image.ashx?id=2280149&use=l&cat=p&typeid=i","cat":284448},{"id":56860,"n":"Flûtes Tokapi Chèvre/romarin -  - 100g","p":1.59,"u":"15,90 €/KG","img":"https://fd1-photos.leclercdrive.fr/image.ashx?id=2374055&use=l&cat=p&typeid=i","cat":297000},{"id":56861,"n":"Mini-flûtes Tokapi Tomate/olive/origan - 100g","p":1.59,"u":"15,90 €/KG","img":"https://fd1-photos.leclercdrive.fr/image.ashx?id=2374058&use=l&cat=p&typeid=i","cat":297000},{"id":56862,"n":"Couscous Comptoir du Grain  Fin - 1kg","p":2.17,"u":"2,17 €/KG","img":"https://fd1-photos.leclercdrive.fr/image.ashx?id=3012854&use=l&cat=p&typeid=i","cat":284429},{"id":56873,"n":"Hachis parmentier Côté Table 350g","p":2.53,"u":"7,23 €/KG","img":"https://fd1-photos.leclercdrive.fr/image.ashx?id=2393893&use=l&cat=p&typeid=i","cat":284953},{"id":56874,"n":"Lasagnes bolognaise Côté Table Barquette - 350g","p":2.39,"u":"6,83 €/KG","img":"https://fd1-photos.leclercdrive.fr/image.ashx?id=2476164&use=l&cat=p&typeid=i","cat":284953},{"id":56884,"n":"Merguez fortes Socopa  A la Marocaine - 6x55g","p":5.45,"u":"16,52 €/KG","img":"https://fd1-photos.leclercdrive.fr/image.ashx?id=2972859&use=l&cat=p&typeid=i","cat":284334},{"id":56885,"n":"Gel coiffant Vitanove Effet invisible - 300ml","p":1.96,"u":"6,53 €/L","img":"https://fd1-photos.leclercdrive.fr/image.ashx?id=2275418&use=l&cat=p&typeid=i","cat":284609},{"id":56886,"n":"Gel coiffant Vitanove Effet mouillé - 300ml","p":1.53,"u":"5,10 €/L","img":"https://fd1-photos.leclercdrive.fr/image.ashx?id=2273361&use=l&cat=p&typeid=i","cat":284609},{"id":56919,"n":"Bière blonde Pelforth 5.8%vol - 20x25cl","p":11.37,"u":"2,27 €/L","img":"https://fd1-photos.leclercdrive.fr/image.ashx?id=2764523&use=l&cat=p&typeid=i","cat":334873},{"id":56934,"n":"AOP Champagne Brut Deutz - 75cL","p":42.0,"u":"56,00 €/L","img":"https://fd1-photos.leclercdrive.fr/image.ashx?id=2409271&use=l&cat=p&typeid=i","cat":284542},{"id":56935,"n":"Pâte à tartiner Nutella 400g","p":3.33,"u":"8,33 €/KG","img":"https://fd1-photos.leclercdrive.fr/image.ashx?id=2935645&use=l&cat=p&typeid=i","cat":284481},{"id":56953,"n":"Cordons bleus Côté Croc Au poulet x2 - 200g","p":1.59,"u":"7,95 €/KG","img":"https://fd1-photos.leclercdrive.fr/image.ashx?id=2801046&use=l&cat=p&typeid=i","cat":333683},{"id":56967,"n":"Biscuits déli Matin P'tit Deli Pepites chocolat -  600g","p":3.31,"u":"5,52 €/KG","img":"https://fd1-photos.leclercdrive.fr/image.ashx?id=2999514&use=l&cat=p&typeid=i","cat":284491},{"id":56968,"n":"Rhum ambré Trois Rivières 40% vol - 70cl","p":14.93,"u":"21,33 €/L","img":"https://fd1-photos.leclercdrive.fr/image.ashx?id=2973670&use=l&cat=p&typeid=i","cat":284550},{"id":56975,"n":"Saucisson sec Saint-Azay Pur porc - 250g","p":4.09,"u":"16,36 €/KG","img":"https://fd1-photos.leclercdrive.fr/image.ashx?id=2861422&use=l&cat=p&typeid=i","cat":316006},{"id":56980,"n":"Laque Vitanove  Maximum - 400ml","p":2.6,"u":"6,50 €/L","img":"https://fd1-photos.leclercdrive.fr/image.ashx?id=2994812&use=l&cat=p&typeid=i","cat":284609},{"id":56983,"n":"Laque Vitanove Ultra protect - 400ml","p":2.65,"u":"6,63 €/L","img":"https://fd1-photos.leclercdrive.fr/image.ashx?id=2490046&use=l&cat=p&typeid=i","cat":284609},{"id":56992,"n":"Sauce roquefort Ferial  120g","p":1.69,"u":"14,08 €/KG","img":"https://fd1-photos.leclercdrive.fr/image.ashx?id=2636245&use=l&cat=p&typeid=i","cat":284382},{"id":56995,"n":"Jus de fruit Jafaden  Grenade - 1L","p":2.71,"u":"2,71 €/L","img":"https://fd1-photos.leclercdrive.fr/image.ashx?id=2591412&use=l&cat=p&typeid=i","cat":284915},{"id":56996,"n":"Jus de fruit Jafaden  Pur jus multifruits - 2L","p":2.59,"u":"1,30 €/L","img":"https://fd1-photos.leclercdrive.fr/image.ashx?id=2920196&use=l&cat=p&typeid=i","cat":284917},{"id":57007,"n":"Fromage tartiflette Les Croisés 27%mg - 250g","p":2.88,"u":"11,52 €/KG","img":"https://fd1-photos.leclercdrive.fr/image.ashx?id=2793248&use=l&cat=p&typeid=i","cat":314037},{"id":57017,"n":"Friandises chat Catisfactions Poulet - 60g","p":1.1,"u":"18,33 €/KG","img":"https://fd1-photos.leclercdrive.fr/image.ashx?id=2914762&use=l&cat=p&typeid=i","cat":285285},{"id":57020,"n":"Ossau iraty NRT AOP  Fromage de brebis - 200g","p":3.99,"u":"19,95 €/KG","img":"https://fd1-photos.leclercdrive.fr/image.ashx?id=2342632&use=l&cat=p&typeid=i","cat":329184},{"id":57030,"n":"Fromage Morbier NRT AOP  250g","p":3.59,"u":"14,36 €/KG","img":"https://fd1-photos.leclercdrive.fr/image.ashx?id=2624034&use=l&cat=p&typeid=i","cat":329184},{"id":57040,"n":"Bière blanche 1664 Blanc 5° - 6x25cl","p":4.69,"u":"3,13 €/L","img":"https://fd1-photos.leclercdrive.fr/image.ashx?id=2886699&use=l&cat=p&typeid=i","cat":334878},{"id":57080,"n":"Fromage frais nature Bio Bio village - 4x100g","p":1.85,"u":"4,63 €/KG","img":"https://fd1-photos.leclercdrive.fr/image.ashx?id=2839947&use=l&cat=p&typeid=i","cat":284409},{"id":57119,"n":"Super décapant cuisine Briochin Ecocert - 1L","p":3.54,"u":"3,54 €/L","img":"https://fd1-photos.leclercdrive.fr/image.ashx?id=3011401&use=l&cat=p&typeid=i","cat":325357},{"id":57121,"n":"Nettoyant salle de bain 3en1 Briochin - Ecocert - 750mL","p":2.88,"u":"3,84 €/L","img":"https://fd1-photos.leclercdrive.fr/image.ashx?id=3011398&use=l&cat=p&typeid=i","cat":325357},{"id":57184,"n":"Yaourt Lait de brebis Délisse Vanille - 4x125g","p":2.29,"u":"4,58 €/P","img":"https://fd1-photos.leclercdrive.fr/image.ashx?id=1993589&use=l&cat=p&typeid=i","cat":314998},{"id":57190,"n":"Yaourt brassé Bio Village Myrtille Bio - 4x115g","p":1.45,"u":"3,15 €/KG","img":"https://fd1-photos.leclercdrive.fr/image.ashx?id=2662175&use=l&cat=p&typeid=i","cat":284410},{"id":57274,"n":"Boisson aux fruits Oasis Goût Pomme Cassis Framboise 1L","p":1.74,"u":"1,74 €/L","img":"https://fd1-photos.leclercdrive.fr/image.ashx?id=3011083&use=l&cat=p&typeid=i","cat":295018},{"id":57275,"n":"Boisson aux fruits Oasis Tropical - 1L","p":1.59,"u":"1,59 €/L","img":"https://fd1-photos.leclercdrive.fr/image.ashx?id=2666638&use=l&cat=p&typeid=i","cat":295018},{"id":57284,"n":"AOC Prosecco Riccadonna Extra Dry - 11° - 75cl","p":6.0,"u":"8,00 €/L","img":"https://fd1-photos.leclercdrive.fr/image.ashx?id=2666303&use=l&cat=p&typeid=i","cat":289461},{"id":57288,"n":"Jeunes pousses & roquettes  Bonduelle - 145g","p":2.09,"u":"14,41 €/KG","img":"https://fd1-photos.leclercdrive.fr/image.ashx?id=2862128&use=l&cat=p&typeid=i","cat":284353},{"id":57307,"n":"Pur jus Jafaden Orange, raisin, clémentine, pamplemousse - 1L","p":2.29,"u":"2,29 €/L","img":"https://fd1-photos.leclercdrive.fr/image.ashx?id=2869799&use=l&cat=p&typeid=i","cat":284917},{"id":57314,"n":"Risotto Fleury Michon Poulet et cèpes - 280g","p":2.49,"u":"8,89 €/KG","img":"https://fd1-photos.leclercdrive.fr/image.ashx?id=3003281&use=l&cat=p&typeid=i","cat":333665},{"id":57354,"n":"Duo de Sel & Poivre La Baleine Sel 50G - Poivre 18G","p":2.31,"u":"33,97 €/KG","img":"https://fd1-photos.leclercdrive.fr/image.ashx?id=1752097&use=l&cat=p&typeid=i","cat":284457},{"id":57355,"n":"Soda Breizh Cola zéro 1.5L","p":1.24,"u":"0,83 €/L","img":"https://fd1-photos.leclercdrive.fr/image.ashx?id=2458661&use=l&cat=p&typeid=i","cat":284530},{"id":57356,"n":"Bière Morgane Lancelot Bio Blonde - 3x33cl","p":4.01,"u":"4,05 €/L","img":"https://fd1-photos.leclercdrive.fr/image.ashx?id=2225018&use=l&cat=p&typeid=i","cat":334872},{"id":57391,"n":"Salade Garden Sodebo Caesar Poulet - 240g","p":3.21,"u":"13,38 €/KG","img":"https://fd1-photos.leclercdrive.fr/image.ashx?id=2939496&use=l&cat=p&typeid=i","cat":333657},{"id":57435,"n":"Fromage blanc Bio Vrai Lait de brebis - 400g","p":2.29,"u":"5,73 €/KG","img":"https://fd1-photos.leclercdrive.fr/image.ashx?id=2517495&use=l&cat=p&typeid=i","cat":314998},{"id":57520,"n":"Vin mousseux de France Kriter  Rosé brut - 75cl","p":4.84,"u":"6,45 €/L","img":"https://fd1-photos.leclercdrive.fr/image.ashx?id=2875342&use=l&cat=p&typeid=i","cat":284544},{"id":57627,"n":"Bacon Bio Village 10 tranches bio 100g","p":2.29,"u":"22,90 €/KG","img":"https://fd1-photos.leclercdrive.fr/image.ashx?id=2974846&use=l&cat=p&typeid=i","cat":316007},{"id":57653,"n":"Bière dorée Dremmwel bio Blonde - 6x25cl","p":5.75,"u":"3,83 €/L","img":"https://fd1-photos.leclercdrive.fr/image.ashx?id=2870767&use=l&cat=p&typeid=i","cat":334873},{"id":57657,"n":"Bière blonde Dremmwel bio 12x25cl","p":10.29,"u":"3,43 €/L","img":"https://fd1-photos.leclercdrive.fr/image.ashx?id=2678077&use=l&cat=p&typeid=i","cat":334873},{"id":57684,"n":"Repas soir bio 12mois Babybio Panais legumes boulghour 230g","p":2.02,"u":"8,78 €/KG","img":"https://fd1-photos.leclercdrive.fr/image.ashx?id=2859359&use=l&cat=p&typeid=i","cat":312239},{"id":57685,"n":"Pots bébé bio Babybio Légumes poulet - 6 mois - 400g","p":2.69,"u":"6,73 €/KG","img":"https://fd1-photos.leclercdrive.fr/image.ashx?id=2827422&use=l&cat=p&typeid=i","cat":312236},{"id":57687,"n":"Repas du soir Babybio - 8 mois Bio Patates douces - 2x200g","p":2.92,"u":"7,30 €/KG","img":"https://fd1-photos.leclercdrive.fr/image.ashx?id=2168291&use=l&cat=p&typeid=i","cat":312239},{"id":57688,"n":"Bols soir bébé bio Babybio Purée, courgette -8 mois-2x200g","p":2.48,"u":"6,20 €/KG","img":"https://fd1-photos.leclercdrive.fr/image.ashx?id=2859365&use=l&cat=p&typeid=i","cat":312239},{"id":57690,"n":"Assiette bébé soir bio Babybio Gratin de légumes -15 mois-260g","p":2.14,"u":"8,23 €/KG","img":"https://fd1-photos.leclercdrive.fr/image.ashx?id=2827539&use=l&cat=p&typeid=i","cat":312239},{"id":57691,"n":"Gourde bébé Babybio Bio 6 mois Pomme/poire/pêche - 4x90g","p":2.89,"u":"8,03 €/KG","img":"https://fd1-photos.leclercdrive.fr/image.ashx?id=2733319&use=l&cat=p&typeid=i","cat":312393},{"id":57692,"n":"Gourde bébé Babybio - 6 mois Bio banane millet / Poire-4x90g","p":3.79,"u":"10,53 €/KG","img":"https://fd1-photos.leclercdrive.fr/image.ashx?id=2858234&use=l&cat=p&typeid=i","cat":312393},{"id":57693,"n":"Crème dessert bébé bio Babybio  Semoule cacao -8 mois- 4x85g","p":3.39,"u":"9,97 €/KG","img":"https://fd1-photos.leclercdrive.fr/image.ashx?id=2834527&use=l&cat=p&typeid=i","cat":312393},{"id":57694,"n":"Crème dessert bébé bio Babybio  Semoule vanille -6 mois- 4x85g","p":3.39,"u":"9,97 €/KG","img":"https://fd1-photos.leclercdrive.fr/image.ashx?id=2834530&use=l&cat=p&typeid=i","cat":312393},{"id":57696,"n":"Pots bébé bio Babybio - 6 mois  Légumes pâtes boeuf - 2x200g","p":3.11,"u":"7,78 €/KG","img":"https://fd1-photos.leclercdrive.fr/image.ashx?id=2838301&use=l&cat=p&typeid=i","cat":312236},{"id":57703,"n":"Bols bébé soir bio Babybio Légumes pâtes - 8 mois - 2x200g","p":2.82,"u":"7,05 €/KG","img":"https://fd1-photos.leclercdrive.fr/image.ashx?id=2838311&use=l&cat=p&typeid=i","cat":312239},{"id":57705,"n":"Compote bébé Babybio Bio 4 mois Mirabelle Pomme - 2x130g","p":1.79,"u":"6,88 €/KG","img":"https://fd1-photos.leclercdrive.fr/image.ashx?id=2834518&use=l&cat=p&typeid=i","cat":312387},{"id":57706,"n":"Salades Bonduelle Tortis, concombres, saumon 300g","p":2.82,"u":"9,40 €/KG","img":"https://fd1-photos.leclercdrive.fr/image.ashx?id=2905303&use=l&cat=p&typeid=i","cat":333657},{"id":57707,"n":"Piémontaise Bonduelle Poulet rôti - 320g","p":2.83,"u":"8,84 €/KG","img":"https://fd1-photos.leclercdrive.fr/image.ashx?id=2904697&use=l&cat=p&typeid=i","cat":333657},{"id":57710,"n":"Assiette Babybio bio Panais petits pois canard- 260g","p":2.85,"u":"10,96 €/KG","img":"https://fd1-photos.leclercdrive.fr/image.ashx?id=2827536&use=l&cat=p&typeid=i","cat":312238},{"id":57712,"n":"Vin de l'Union Européenne rosé Caves Vernaux Champlure - 75 cl","p":2.6,"u":"3,47 €/L","img":"https://fd1-photos.leclercdrive.fr/image.ashx?id=2964950&use=l&cat=p&typeid=i","cat":289558},{"id":57713,"n":"Vin Union européenne blanc Lichette Alouettes - 5L","p":13.38,"u":"2,68 €/L","img":"https://fd1-photos.leclercdrive.fr/image.ashx?id=2859194&use=l&cat=p&typeid=i","cat":289557},{"id":57742,"n":"Lait croissance Guigoz Gest 3e âge - dès 12 mois - 800g","p":12.48,"u":"15,60 €/KG","img":"https://fd1-photos.leclercdrive.fr/image.ashx?id=2895023&use=l&cat=p&typeid=i","cat":290219},{"id":57760,"n":"Assiette bébé soir bio Babybio Aubergine pâtes -15 mois- 260g","p":1.79,"u":"6,88 €/KG","img":"https://fd1-photos.leclercdrive.fr/image.ashx?id=2855912&use=l&cat=p&typeid=i","cat":312239},{"id":57763,"n":"Pâtes Serpentini Panzani 3 Minutes - 500g","p":1.12,"u":"2,24 €/KG","img":"https://fd1-photos.leclercdrive.fr/image.ashx?id=2896078&use=l&cat=p&typeid=i","cat":284427},{"id":57764,"n":"Pâtes Farfalle Panzani  3 Minutes - 500G","p":1.17,"u":"2,34 €/KG","img":"https://fd1-photos.leclercdrive.fr/image.ashx?id=2896090&use=l&cat=p&typeid=i","cat":284427},{"id":57767,"n":"Tablette de chocolat noir Lindt Framboise intense - 100g","p":2.39,"u":"23,90 €/KG","img":"https://fd1-photos.leclercdrive.fr/image.ashx?id=2689484&use=l&cat=p&typeid=i","cat":318654},{"id":57768,"n":"Tablette de chocolat noir Lindt Sésame grillé - 100g","p":2.39,"u":"23,90 €/KG","img":"https://fd1-photos.leclercdrive.fr/image.ashx?id=2689490&use=l&cat=p&typeid=i","cat":284956},{"id":57772,"n":"Chocolat noir Lindt Création Menthe frappée - 150g","p":3.09,"u":"20,60 €/KG","img":"https://fd1-photos.leclercdrive.fr/image.ashx?id=2685817&use=l&cat=p&typeid=i","cat":284956},{"id":57779,"n":"Capsules café Plantation Espresso n°5 - x16 - 92g","p":2.69,"u":"29,24 €/KG","img":"https://fd1-photos.leclercdrive.fr/image.ashx?id=2649729&use=l&cat=p&typeid=i","cat":293239},{"id":57782,"n":"Capsules café Plantation Cappuccino - 2x8 - 166g","p":3.45,"u":"20,78 €/KG","img":"https://fd1-photos.leclercdrive.fr/image.ashx?id=2856558&use=l&cat=p&typeid=i","cat":293239},{"id":57783,"n":"Capsules café Plantation Espresso forte n°7 - x16 - 105g","p":2.99,"u":"28,48 €/KG","img":"https://fd1-photos.leclercdrive.fr/image.ashx?id=2649732&use=l&cat=p&typeid=i","cat":293239},{"id":57785,"n":"Capsules café Plantation Lungo n°6 - x16 - 99.2g","p":2.69,"u":"27,17 €/KG","img":"https://fd1-photos.leclercdrive.fr/image.ashx?id=2649735&use=l&cat=p&typeid=i","cat":293239},{"id":57786,"n":"Capsules café Plantation Gigante n°5 - x16 - 112g","p":2.99,"u":"26,70 €/KG","img":"https://fd1-photos.leclercdrive.fr/image.ashx?id=2649738&use=l&cat=p&typeid=i","cat":293239},{"id":57787,"n":"Céréales Jordans Country Crisp 4 Noix - 850g","p":4.57,"u":"5,38 €/KG","img":"https://fd1-photos.leclercdrive.fr/image.ashx?id=2860520&use=l&cat=p&typeid=i","cat":309512},{"id":57796,"n":"Bonbons KINDER Schoko-Bons Chocolat au lait - 300G","p":5.0,"u":"16,67 €/KG","img":"https://fd1-photos.leclercdrive.fr/image.ashx?id=2439692&use=l&cat=p&typeid=i","cat":304238},{"id":57804,"n":"Tomato Ketchup Heinz - 570g","p":2.25,"u":"3,95 €/KG","img":"https://fd1-photos.leclercdrive.fr/image.ashx?id=2924944&use=l&cat=p&typeid=i","cat":284455},{"id":57812,"n":"Petits pots bébé P'TITE RECETTE Couscous 8M+ - 2x200g","p":1.88,"u":"4,70 €/KG","img":"https://fd1-photos.leclercdrive.fr/image.ashx?id=2525696&use=l&cat=p&typeid=i","cat":312236},{"id":57813,"n":"Petits pots bébé P'TITE RECETTE Poulet Basquais 15M+ - 2 x 200g","p":2.17,"u":"5,43 €/KG","img":"https://fd1-photos.leclercdrive.fr/image.ashx?id=2737042&use=l&cat=p&typeid=i","cat":312238},{"id":57814,"n":"Petits pots bébé P'TITE RECETTE Hachis Parmentier 8M+ - 2x200g","p":1.85,"u":"4,63 €/KG","img":"https://fd1-photos.leclercdrive.fr/image.ashx?id=2629689&use=l&cat=p&typeid=i","cat":312236},{"id":57815,"n":"Petits pots bébé P'TITE RECETTE Spaghetti bolognaise 8m -2x200g","p":1.83,"u":"4,58 €/KG","img":"https://fd1-photos.leclercdrive.fr/image.ashx?id=2629683&use=l&cat=p&typeid=i","cat":312236},{"id":57816,"n":"Petits pots bébé P'TITE RECETTE Pot au feu 8M+ - 2x200g","p":2.18,"u":"5,45 €/KG","img":"https://fd1-photos.leclercdrive.fr/image.ashx?id=2518415&use=l&cat=p&typeid=i","cat":312236},{"id":57821,"n":"Petits pots bébé PTIT SOUPER pâtes courgettes 6M+ - 2x200g","p":1.78,"u":"4,45 €/KG","img":"https://fd1-photos.leclercdrive.fr/image.ashx?id=2526523&use=l&cat=p&typeid=i","cat":312239},{"id":57823,"n":"Petits pots bébé P'TIT SOUPER Carottes semoule 6M+ - 2x200g","p":1.8,"u":"4,50 €/KG","img":"https://fd1-photos.leclercdrive.fr/image.ashx?id=2527109&use=l&cat=p&typeid=i","cat":312239},{"id":57824,"n":"Petits pots bébé P'TIT SOUPER Risotto carottes 12M+ - 2x200g","p":2.05,"u":"5,13 €/KG","img":"https://fd1-photos.leclercdrive.fr/image.ashx?id=2526526&use=l&cat=p&typeid=i","cat":312239},{"id":57883,"n":"Petits pots bébé P'TITE RECETTE  riz dinde 12M+ - 2x200g","p":1.83,"u":"4,58 €/KG","img":"https://fd1-photos.leclercdrive.fr/image.ashx?id=2629686&use=l&cat=p&typeid=i","cat":312237},{"id":57956,"n":"Serviettes fuites urinaires  TENA Discreet - Mini - x20","p":3.4,"u":"0,17 €/P","img":"https://fd1-photos.leclercdrive.fr/image.ashx?id=2597241&use=l&cat=p&typeid=i","cat":284628},{"id":57957,"n":"Serviette Tena Lady Discreet - Normal - x12","p":3.57,"u":"0,30 €/P","img":"https://fd1-photos.leclercdrive.fr/image.ashx?id=2597235&use=l&cat=p&typeid=i","cat":284628},{"id":57958,"n":"Eau de toilette Alix De Faure Nature de feu - 100ml","p":4.55,"u":"45,50 €/L","img":"https://fd1-photos.leclercdrive.fr/image.ashx?id=2741300&use=l&cat=p&typeid=i","cat":287740},{"id":57959,"n":"Eau de toilette Alix de Faure Nature boisée - 100ml","p":4.55,"u":"45,50 €/L","img":"https://fd1-photos.leclercdrive.fr/image.ashx?id=2741297&use=l&cat=p&typeid=i","cat":287740},{"id":57962,"n":"Eau de toilette Alix de Faure Sao Paulo - 100ml","p":4.99,"u":"49,90 €/L","img":"https://fd1-photos.leclercdrive.fr/image.ashx?id=2645263&use=l&cat=p&typeid=i","cat":291525},{"id":58118,"n":"Palets pur beurre Le Glazik 200g","p":1.82,"u":"9,10 €/KG","img":"https://fd1-photos.leclercdrive.fr/image.ashx?id=2509379&use=l&cat=p&typeid=i","cat":284487},{"id":58119,"n":"Madeleines longue pépites sucre Le Ster x20 - 250g","p":1.59,"u":"6,36 €/KG","img":"https://fd1-photos.leclercdrive.fr/image.ashx?id=2962566&use=l&cat=p&typeid=i","cat":284492},{"id":58122,"n":"Colin d'Alaska Findus Façon meuniere - x2 - 250g","p":2.64,"u":"10,56 €/KG","img":"https://fd1-photos.leclercdrive.fr/image.ashx?id=2654914&use=l&cat=p&typeid=i","cat":319788},{"id":58141,"n":"Lentilles corail Bio Village Bio - 450g","p":1.97,"u":"4,38 €/KG","img":"https://fd1-photos.leclercdrive.fr/image.ashx?id=3002665&use=l&cat=p&typeid=i","cat":284430},{"id":58142,"n":"Confiture extra bio Bio Village Cassis - 370g","p":2.59,"u":"7,00 €/KG","img":"https://fd1-photos.leclercdrive.fr/image.ashx?id=2459587&use=l&cat=p&typeid=i","cat":284480},{"id":58200,"n":"Galette veggies Céréal Bio Quinoa & Tomates Bio - 200g","p":2.29,"u":"11,45 €/KG","img":"https://fd1-photos.leclercdrive.fr/image.ashx?id=2624212&use=l&cat=p&typeid=i","cat":316036},{"id":58201,"n":"Désodorisant Bien Air  Senteur muguet - 300ml","p":1.09,"u":"3,63 €/L","img":"https://fd1-photos.leclercdrive.fr/image.ashx?id=2607942&use=l&cat=p&typeid=i","cat":311626},{"id":58202,"n":"Désodorisant Bien Air Floral - 300ml","p":1.09,"u":"3,63 €/L","img":"https://fd1-photos.leclercdrive.fr/image.ashx?id=2614573&use=l&cat=p&typeid=i","cat":311626},{"id":58203,"n":"Désodorisant Bien Air  Fruits rouges - 300ml","p":1.35,"u":"4,50 €/L","img":"https://fd1-photos.leclercdrive.fr/image.ashx?id=2613723&use=l&cat=p&typeid=i","cat":311626},{"id":58205,"n":"Désodorisant Bien Air Vanille - 300ml","p":1.09,"u":"3,63 €/L","img":"https://fd1-photos.leclercdrive.fr/image.ashx?id=2613726&use=l&cat=p&typeid=i","cat":311626},{"id":58206,"n":"Désodorisant Bien Air Agrume, anti-tabac - 300ml","p":1.15,"u":"3,83 €/L","img":"https://fd1-photos.leclercdrive.fr/image.ashx?id=2613729&use=l&cat=p&typeid=i","cat":311626},{"id":58210,"n":"Galettes de céréales Céréal Bio Sarrasin & Comté Bio - 200g","p":2.29,"u":"11,45 €/KG","img":"https://fd1-photos.leclercdrive.fr/image.ashx?id=2624281&use=l&cat=p&typeid=i","cat":316036},{"id":58214,"n":"Carré gourmand Garden Gourmet Tomates et mozzarella 160g","p":2.07,"u":"12,94 €/KG","img":"https://fd1-photos.leclercdrive.fr/image.ashx?id=3009107&use=l&cat=p&typeid=i","cat":316036},{"id":58218,"n":"Croissants Côté Table Jambon emmental - 2x170g","p":2.92,"u":"8,59 €/KG","img":"https://fd1-photos.leclercdrive.fr/image.ashx?id=2885128&use=l&cat=p&typeid=i","cat":333671},{"id":58232,"n":"Pâte feuilletée Tablier Blanc Rectangulaire - 230g","p":1.14,"u":"4,96 €/KG","img":"https://fd1-photos.leclercdrive.fr/image.ashx?id=2635931&use=l&cat=p&typeid=i","cat":333681},{"id":58283,"n":"Cake au jambon et olives  Guyader - 260g","p":5.0,"u":"19,23 €/KG","img":"https://fd1-photos.leclercdrive.fr/image.ashx?id=2491502&use=l&cat=p&typeid=i","cat":316003},{"id":58365,"n":"Tartelettes Chocolat P'tit Déli Fourrées au lait - 225g","p":1.39,"u":"6,18 €/KG","img":"https://fd1-photos.leclercdrive.fr/image.ashx?id=2523715&use=l&cat=p&typeid=i","cat":284488},{"id":58428,"n":"Sachet fraicheur chat Sheba Boeuf poulet en sauce - 6x50g","p":2.45,"u":"8,17 €/KG","img":"https://fd1-photos.leclercdrive.fr/image.ashx?id=2895927&use=l&cat=p&typeid=i","cat":285286},{"id":58435,"n":"Bouillon Cube Maggi Poule au pot - 150g","p":1.52,"u":"10,13 €/KG","img":"https://fd1-photos.leclercdrive.fr/image.ashx?id=2737054&use=l&cat=p&typeid=i","cat":288379},{"id":58444,"n":"Cacahuètes Benenuts-Twinuts Nature format familial - 260g","p":1.81,"u":"6,96 €/KG","img":"https://fd1-photos.leclercdrive.fr/image.ashx?id=2967744&use=l&cat=p&typeid=i","cat":284448},{"id":58449,"n":"Tomates pelées entières D'aucy 238g","p":1.01,"u":"4,24 €/KG","img":"https://fd1-photos.leclercdrive.fr/image.ashx?id=2503425&use=l&cat=p&typeid=i","cat":312608},{"id":58450,"n":"Tomates pelées entières D'aucy 476g","p":1.53,"u":"3,21 €/KG","img":"https://fd1-photos.leclercdrive.fr/image.ashx?id=2751996&use=l&cat=p&typeid=i","cat":312608},{"id":58451,"n":"Sachets repas chats Gourmet Mon Petit - Poisson - 6x50g","p":2.09,"u":"6,97 €/KG","img":"https://fd1-photos.leclercdrive.fr/image.ashx?id=2899686&use=l&cat=p&typeid=i","cat":285286},{"id":58453,"n":"Sachets repas chats Gourmet Mon Petit - Volaille - 6x50g","p":2.48,"u":"8,27 €/KG","img":"https://fd1-photos.leclercdrive.fr/image.ashx?id=2899689&use=l&cat=p&typeid=i","cat":285286},{"id":58457,"n":"Sachet repas chats Gourmet 12x85g","p":6.35,"u":"6,23 €/KG","img":"https://fd1-photos.leclercdrive.fr/image.ashx?id=2901124&use=l&cat=p&typeid=i","cat":285286},{"id":58459,"n":"Croquettes chat Purina One Adulte - Boeuf/Céréales - 1.5Kg","p":6.59,"u":"4,39 €/KG","img":"https://fd1-photos.leclercdrive.fr/image.ashx?id=2433548&use=l&cat=p&typeid=i","cat":284680},{"id":58460,"n":"Croquettes chat Purina One Boules de poils - Poulet -1.5Kg","p":7.77,"u":"5,18 €/KG","img":"https://fd1-photos.leclercdrive.fr/image.ashx?id=2868527&use=l&cat=p&typeid=i","cat":284680},{"id":58463,"n":"Gâche tranchée La Fournée Dorée 500g","p":2.17,"u":"4,34 €/KG","img":"https://fd1-photos.leclercdrive.fr/image.ashx?id=2277956&use=l&cat=p&typeid=i","cat":284478},{"id":58487,"n":"Croquettes chat Purina One Poulet - 11 ans et + - 1,5Kg","p":7.61,"u":"5,07 €/KG","img":"https://fd1-photos.leclercdrive.fr/image.ashx?id=2433575&use=l&cat=p&typeid=i","cat":284680},{"id":58488,"n":"Boîte chat Whiskas Sauce carte du boucher - 4x400g","p":5.0,"u":"3,13 €/KG","img":"https://fd1-photos.leclercdrive.fr/image.ashx?id=2619986&use=l&cat=p&typeid=i","cat":285601},{"id":58490,"n":"Sauce Béchamel Maggi 350ml","p":1.58,"u":"4,51 €/L","img":"https://fd1-photos.leclercdrive.fr/image.ashx?id=2977726&use=l&cat=p&typeid=i","cat":288381},{"id":58491,"n":"Briochettes Navettes La Fournée dorée x8 - 400g","p":2.44,"u":"6,10 €/KG","img":"https://fd1-photos.leclercdrive.fr/image.ashx?id=2842777&use=l&cat=p&typeid=i","cat":284478},{"id":58496,"n":"Bière blonde Heineken 6x33cl","p":7.19,"u":"3,63 €/L","img":"https://fd1-photos.leclercdrive.fr/image.ashx?id=3008107&use=l&cat=p&typeid=i","cat":334873},{"id":58502,"n":"Croquettes chat Purina One Stérilisé Adulte-Dinde/Blé -3kg","p":14.55,"u":"4,85 €/KG","img":"https://fd1-photos.leclercdrive.fr/image.ashx?id=2488055&use=l&cat=p&typeid=i","cat":284680},{"id":58505,"n":"Bière blonde Heineken Sans alcool - 6x25cl","p":4.25,"u":"2,83 €/L","img":"https://fd1-photos.leclercdrive.fr/image.ashx?id=2948528&use=l&cat=p&typeid=i","cat":334877},{"id":58525,"n":"Salade choux rouge  Menu fraîcheur - 300g","p":1.81,"u":"6,03 €/KG","img":"https://fd1-photos.leclercdrive.fr/image.ashx?id=2901458&use=l&cat=p&typeid=i","cat":333657},{"id":58526,"n":"Salade cervelas Menu fraîcheur 300g","p":2.57,"u":"8,57 €/KG","img":"https://fd1-photos.leclercdrive.fr/image.ashx?id=2645957&use=l&cat=p&typeid=i","cat":333657},{"id":58529,"n":"Pâte à tartiner L.Georgelin Cacao noisettes - 400g","p":4.25,"u":"10,63 €/KG","img":"https://fd1-photos.leclercdrive.fr/image.ashx?id=1557088&use=l&cat=p&typeid=i","cat":284481},{"id":58530,"n":"Pâte à tartiner L. Georgelin Bio Noisettes cacao  400g","p":5.17,"u":"12,93 €/KG","img":"https://fd1-photos.leclercdrive.fr/image.ashx?id=1580439&use=l&cat=p&typeid=i","cat":284481},{"id":58547,"n":"Duo de raisins moelleux Couleurs Vives - 250g","p":2.25,"u":"9,00 €/KG","img":"https://fd1-photos.leclercdrive.fr/image.ashx?id=2659262&use=l&cat=p&typeid=i","cat":284357},{"id":58548,"n":"Sachets repas chats Purina One Sauce boeuf poulet x4 - 340g","p":2.01,"u":"5,91 €/KG","img":"https://fd1-photos.leclercdrive.fr/image.ashx?id=2468239&use=l&cat=p&typeid=i","cat":285286},{"id":58570,"n":"Friandises chien Pedigree  Récompense bœuf volaille - 155g","p":1.7,"u":"10,97 €/KG","img":"https://fd1-photos.leclercdrive.fr/image.ashx?id=2924779&use=l&cat=p&typeid=i","cat":294527},{"id":58577,"n":"Dessert bébé lacté Blédina 6m Abricot - 6x55g","p":2.25,"u":"6,82 €/KG","img":"https://fd1-photos.leclercdrive.fr/image.ashx?id=2952448&use=l&cat=p&typeid=i","cat":312392},{"id":58578,"n":"Dessert bébé lacté Blédina 6m Fraise - 6x55g","p":2.22,"u":"6,73 €/KG","img":"https://fd1-photos.leclercdrive.fr/image.ashx?id=2952451&use=l&cat=p&typeid=i","cat":312392},{"id":58618,"n":"Tarte Côté Table Saumon Poireau - 400g","p":3.09,"u":"7,73 €/KG","img":"https://fd1-photos.leclercdrive.fr/image.ashx?id=2791821&use=l&cat=p&typeid=i","cat":284257},{"id":58625,"n":"Cœurs de palmiers Géant Vert - 220g","p":3.55,"u":"16,14 €/KG","img":"https://fd1-photos.leclercdrive.fr/image.ashx?id=2840560&use=l&cat=p&typeid=i","cat":312611},{"id":58626,"n":"Coeurs d'artichauts Géant Vert - 240g","p":2.81,"u":"11,71 €/KG","img":"https://fd1-photos.leclercdrive.fr/image.ashx?id=2840566&use=l&cat=p&typeid=i","cat":312611},{"id":58628,"n":"Galettes riz bio bjorg  Complet  - 130g","p":1.24,"u":"9,54 €/KG","img":"https://fd1-photos.leclercdrive.fr/image.ashx?id=2978002&use=l&cat=p&typeid=i","cat":318651},{"id":58630,"n":"Tablette chocolat Bio Côte d'Or Chocolat noir - 90g","p":2.37,"u":"26,33 €/KG","img":"https://fd1-photos.leclercdrive.fr/image.ashx?id=2985579&use=l&cat=p&typeid=i","cat":284956},{"id":58635,"n":"Soupe Douceur automne Knorr Crème fraîche - 1L","p":2.46,"u":"2,46 €/L","img":"https://fd1-photos.leclercdrive.fr/image.ashx?id=2212824&use=l&cat=p&typeid=i","cat":284462},{"id":58636,"n":"Soupe Douceur potiron Knorr Chataigne - 1L","p":2.71,"u":"2,71 €/L","img":"https://fd1-photos.leclercdrive.fr/image.ashx?id=2420033&use=l&cat=p&typeid=i","cat":284462},{"id":58655,"n":"Poêlée fermière Notre Jardin 750g","p":2.89,"u":"3,85 €/KG","img":"https://fd1-photos.leclercdrive.fr/image.ashx?id=2878597&use=l&cat=p&typeid=i","cat":319823},{"id":58668,"n":"Gorgonzola AOP Galbani 150g","p":2.68,"u":"17,87 €/KG","img":"https://fd1-photos.leclercdrive.fr/image.ashx?id=2792972&use=l&cat=p&typeid=i","cat":314032},{"id":58685,"n":"Jambon Speck Saint Azay 100g","p":2.39,"u":"23,90 €/KG","img":"https://fd1-photos.leclercdrive.fr/image.ashx?id=2856739&use=l&cat=p&typeid=i","cat":316007},{"id":58695,"n":"Farce à légumes Férial 400g","p":3.72,"u":"9,30 €/KG","img":"https://fd1-photos.leclercdrive.fr/image.ashx?id=2922703&use=l&cat=p&typeid=i","cat":284332},{"id":58740,"n":"Haché à cuisiner Charal Happy Family - 600g","p":7.78,"u":"12,97 €/KG","img":"https://fd1-photos.leclercdrive.fr/image.ashx?id=2977330&use=l&cat=p&typeid=i","cat":319779},{"id":58789,"n":"Fromage de brebis Perail Lou Perac - 150g","p":3.94,"u":"26,27 €/KG","img":"https://fd1-photos.leclercdrive.fr/image.ashx?id=2956313&use=l&cat=p&typeid=i","cat":314031},{"id":58826,"n":"Viande hachée 5% MG Férial 500g","p":8.09,"u":"16,18 €/KG","img":"https://fd1-photos.leclercdrive.fr/image.ashx?id=2903995&use=l&cat=p&typeid=i","cat":284332},{"id":58853,"n":"Sacs poubelle Haute 50L Alfapac Origine végétale - x10","p":2.9,"u":"0,29 €/P","img":"https://fd1-photos.leclercdrive.fr/image.ashx?id=2526875&use=l&cat=p&typeid=i","cat":284707},{"id":58869,"n":"Filet de julienne 2x140g","p":4.55,"u":"16,25 €/KG","img":"https://fd1-photos.leclercdrive.fr/image.ashx?id=630534&use=l&cat=p&typeid=i","cat":284342},{"id":58939,"n":"Yaourt à boire Actimel fraise - 12x100g","p":3.9,"u":"3,25 €/KG","img":"https://fd1-photos.leclercdrive.fr/image.ashx?id=2996458&use=l&cat=p&typeid=i","cat":284415},{"id":58944,"n":"Yaourts à boire Actimel Nature - 12x100g","p":3.9,"u":"3,25 €/KG","img":"https://fd1-photos.leclercdrive.fr/image.ashx?id=2996461&use=l&cat=p&typeid=i","cat":284415},{"id":58946,"n":"Yaourts à boire Actimel Multifruits - 8x100g","p":3.34,"u":"4,18 €/KG","img":"https://fd1-photos.leclercdrive.fr/image.ashx?id=2996464&use=l&cat=p&typeid=i","cat":284415},{"id":58950,"n":"Yaourts à boire Actimel nature 0%mg - 8x100g","p":3.0,"u":"3,75 €/KG","img":"https://fd1-photos.leclercdrive.fr/image.ashx?id=2996470&use=l&cat=p&typeid=i","cat":284415},{"id":58952,"n":"Yaourts à boire Actimel framboise fruit rouge - 12x100g","p":4.88,"u":"4,07 €/KG","img":"https://fd1-photos.leclercdrive.fr/image.ashx?id=2996476&use=l&cat=p&typeid=i","cat":284415},{"id":59025,"n":"Pur beurre cacahuète Jardin Bio Bio - 350g","p":3.58,"u":"10,23 €/KG","img":"https://fd1-photos.leclercdrive.fr/image.ashx?id=3000312&use=l&cat=p&typeid=i","cat":284481},{"id":59027,"n":"Dessert fruitier bio Jardin Bio Pomme nature - 680g","p":2.63,"u":"3,87 €/KG","img":"https://fd1-photos.leclercdrive.fr/image.ashx?id=2999297&use=l&cat=p&typeid=i","cat":284508},{"id":59038,"n":"Café moulu L'Or Intense 100% Arabica - 2x250g","p":9.28,"u":"18,56 €/KG","img":"https://fd1-photos.leclercdrive.fr/image.ashx?id=2020062&use=l&cat=p&typeid=i","cat":284750},{"id":59039,"n":"Café Moulu Carte Noire  Arabica Douceur Intense 2x250g","p":9.67,"u":"19,34 €/KG","img":"https://fd1-photos.leclercdrive.fr/image.ashx?id=2869233&use=l&cat=p&typeid=i","cat":284750},{"id":59041,"n":"Céréales Extra Kellogg's Chocolat au lait - 800g","p":4.88,"u":"6,10 €/KG","img":"https://fd1-photos.leclercdrive.fr/image.ashx?id=2694941&use=l&cat=p&typeid=i","cat":309512},{"id":59043,"n":"Lait en poudre Régilait Entier - 300g","p":2.65,"u":"8,83 €/KG","img":"https://fd1-photos.leclercdrive.fr/image.ashx?id=2110074&use=l&cat=p&typeid=i","cat":293236},{"id":59091,"n":"Gousse vanille Vahiné Papouasie - 3g","p":4.89,"img":"https://fd1-photos.leclercdrive.fr/image.ashx?id=2559877&use=l&cat=p&typeid=i","cat":284504},{"id":59213,"n":"Dosettes Café Carte Noire  Arabica Classique n5 x60 - 420g","p":9.4,"u":"22,38 €/KG","img":"https://fd1-photos.leclercdrive.fr/image.ashx?id=2922191&use=l&cat=p&typeid=i","cat":293238},{"id":59235,"n":"Café dosettes Tassimo L'Or Café Long Classique x24","p":6.68,"u":"42,82 €/KG","img":"https://fd1-photos.leclercdrive.fr/image.ashx?id=2100356&use=l&cat=p&typeid=i","cat":293240},{"id":59242,"n":"Gourde bébé Babybio Bio 6 mois Abricot/banane/pomme - 360g","p":2.86,"u":"7,94 €/KG","img":"https://fd1-photos.leclercdrive.fr/image.ashx?id=2850548&use=l&cat=p&typeid=i","cat":312393},{"id":59249,"n":"Huile de coco Jardin Bio Bio - 200ml","p":3.62,"u":"18,10 €/L","img":"https://fd1-photos.leclercdrive.fr/image.ashx?id=2790135&use=l&cat=p&typeid=i","cat":284453},{"id":59251,"n":"Ravioli Jardin Bio  Bio légumes - 250g","p":1.72,"u":"6,88 €/KG","img":"https://fd1-photos.leclercdrive.fr/image.ashx?id=2535568&use=l&cat=p&typeid=i","cat":287600},{"id":59252,"n":"Café dosettes Tassimo Maxwell House - caramel x8","p":6.02,"u":"22,46 €/KG","img":"https://fd1-photos.leclercdrive.fr/image.ashx?id=2100254&use=l&cat=p&typeid=i","cat":293240},{"id":59253,"n":"Café dosettes Tassimo L'Or Petit Déjeuner Classique x24","p":7.08,"u":"35,58 €/KG","img":"https://fd1-photos.leclercdrive.fr/image.ashx?id=2100365&use=l&cat=p&typeid=i","cat":293240},{"id":59257,"n":"Café dosettes Tassimo Grand-mère - petit déjeuner x16","p":3.51,"u":"26,39 €/KG","img":"https://fd1-photos.leclercdrive.fr/image.ashx?id=2100359&use=l&cat=p&typeid=i","cat":293240},{"id":59271,"n":"Sauce tomate cuisinée Panzani Ail et oignon - 500g","p":1.61,"u":"3,22 €/KG","img":"https://fd1-photos.leclercdrive.fr/image.ashx?id=2884303&use=l&cat=p&typeid=i","cat":288384},{"id":59284,"n":"Maoam Mixx Haribo Sachet bonbons - 250g","p":1.85,"u":"7,40 €/KG","img":"https://fd1-photos.leclercdrive.fr/image.ashx?id=2876956&use=l&cat=p&typeid=i","cat":304250},{"id":59287,"n":"Cornichons Rustica 6 épices - 360g","p":2.31,"u":"6,42 €/KG","img":"https://fd1-photos.leclercdrive.fr/image.ashx?id=2916710&use=l&cat=p&typeid=i","cat":284458},{"id":59288,"n":"IGP Gros sel - Le Guérandais Sachet - 800g","p":0.97,"u":"1,21 €/KG","img":"https://fd1-photos.leclercdrive.fr/image.ashx?id=2458622&use=l&cat=p&typeid=i","cat":284457},{"id":59291,"n":"Sauce bolognaise Bio Village  Bio - 350g","p":1.69,"u":"4,83 €/KG","img":"https://fd1-photos.leclercdrive.fr/image.ashx?id=2753381&use=l&cat=p&typeid=i","cat":287599},{"id":59292,"n":"Œufs au plat Haribo Sachet bonbons - 300g","p":1.54,"u":"5,13 €/KG","img":"https://fd1-photos.leclercdrive.fr/image.ashx?id=2984892&use=l&cat=p&typeid=i","cat":304250},{"id":59293,"n":"Sauce provençale Bio Village  Bio - 350g","p":1.63,"u":"4,66 €/KG","img":"https://fd1-photos.leclercdrive.fr/image.ashx?id=2712995&use=l&cat=p&typeid=i","cat":287599},{"id":59296,"n":"Sauce tomate Bio Village  Basilic bio - 350g","p":1.63,"u":"4,66 €/KG","img":"https://fd1-photos.leclercdrive.fr/image.ashx?id=2696289&use=l&cat=p&typeid=i","cat":287599},{"id":59299,"n":"Bonbons KINDER Schoko-Bons Chocolat au lait - 225G","p":3.77,"u":"16,76 €/KG","img":"https://fd1-photos.leclercdrive.fr/image.ashx?id=2679633&use=l&cat=p&typeid=i","cat":304238},{"id":59305,"n":"Sauce American Burger Heinz - 230g","p":1.75,"u":"7,61 €/KG","img":"https://fd1-photos.leclercdrive.fr/image.ashx?id=2973354&use=l&cat=p&typeid=i","cat":318431},{"id":59307,"n":"Miami Pik Haribo Sachet bonbons acidulés - 200g","p":1.43,"u":"7,15 €/KG","img":"https://fd1-photos.leclercdrive.fr/image.ashx?id=2984895&use=l&cat=p&typeid=i","cat":304250},{"id":59311,"n":"Olives Apéro Tramier  À l'Ail 150g","p":2.18,"u":"14,53 €/KG","img":"https://fd1-photos.leclercdrive.fr/image.ashx?id=2639299&use=l&cat=p&typeid=i","cat":284458},{"id":59314,"n":"Huile d'Olive Tramier  Vierge Extra Biologique 75cl","p":8.99,"u":"11,99 €/L","img":"https://fd1-photos.leclercdrive.fr/image.ashx?id=2803916&use=l&cat=p&typeid=i","cat":284453},{"id":59319,"n":"Penne rigate Tradizioni Italia N°133 - 500g","p":1.52,"u":"3,04 €/KG","img":"https://fd1-photos.leclercdrive.fr/image.ashx?id=2657316&use=l&cat=p&typeid=i","cat":284427},{"id":59327,"n":"Pâtes de fruits St Siffrein  4 saisons - 720g","p":6.44,"u":"8,94 €/KG","img":"https://fd1-photos.leclercdrive.fr/image.ashx?id=2504176&use=l&cat=p&typeid=i","cat":304249},{"id":59331,"n":"Barquette chien Cesar  Recette campagne sauce - 8x150g","p":7.95,"u":"6,63 €/KG","img":"https://fd1-photos.leclercdrive.fr/image.ashx?id=2796222&use=l&cat=p&typeid=i","cat":284673},{"id":59336,"n":"Barquette chien Cesar Terrine poulet - 300g","p":1.63,"u":"5,43 €/KG","img":"https://fd1-photos.leclercdrive.fr/image.ashx?id=2091323&use=l&cat=p&typeid=i","cat":284673},{"id":59339,"n":"Barquette chien sénior Cesar Terrine en gelée - 4x150g","p":3.66,"u":"6,10 €/KG","img":"https://fd1-photos.leclercdrive.fr/image.ashx?id=2091320&use=l&cat=p&typeid=i","cat":284673},{"id":59340,"n":"Barquette chien Cesar Terrine cœur légumes - 4x150g","p":3.66,"u":"6,10 €/KG","img":"https://fd1-photos.leclercdrive.fr/image.ashx?id=2091317&use=l&cat=p&typeid=i","cat":284673},{"id":59341,"n":"Barquette chien Cesar Terrine du jardin - 4x150g","p":3.64,"u":"6,07 €/KG","img":"https://fd1-photos.leclercdrive.fr/image.ashx?id=2091314&use=l&cat=p&typeid=i","cat":284673},{"id":59342,"n":"Barquette chien Cesar  Recette campagne sauce - 4x150g","p":3.66,"u":"6,10 €/KG","img":"https://fd1-photos.leclercdrive.fr/image.ashx?id=2752849&use=l&cat=p&typeid=i","cat":284673},{"id":59343,"n":"Pâtes Tradizioni d'Italia Linguine n°121 - 500g","p":1.52,"u":"3,04 €/KG","img":"https://fd1-photos.leclercdrive.fr/image.ashx?id=2657322&use=l&cat=p&typeid=i","cat":284427},{"id":59344,"n":"Barquette chien Cesar Terrine du jardin - 4x300g","p":6.64,"u":"5,53 €/KG","img":"https://fd1-photos.leclercdrive.fr/image.ashx?id=2091308&use=l&cat=p&typeid=i","cat":284673},{"id":59407,"n":"Biscuits Choc&Choc Milka  175g","p":1.81,"u":"10,34 €/KG","img":"https://fd1-photos.leclercdrive.fr/image.ashx?id=2314599&use=l&cat=p&typeid=i","cat":284495},{"id":59499,"n":"Bière Chouffe Blonde 75cl","p":4.76,"u":"6,35 €/L","img":"https://fd1-photos.leclercdrive.fr/image.ashx?id=2959199&use=l&cat=p&typeid=i","cat":334872},{"id":59539,"n":"Pêches Douceur du Verger Sirop léger - 230 g","p":1.26,"u":"5,48 €/KG","img":"https://fd1-photos.leclercdrive.fr/image.ashx?id=2666468&use=l&cat=p&typeid=i","cat":284507},{"id":59553,"n":"Croustilles  Belin  Emmental - 138g","p":1.23,"u":"8,91 €/KG","img":"https://fd1-photos.leclercdrive.fr/image.ashx?id=3002267&use=l&cat=p&typeid=i","cat":284449},{"id":59556,"n":"Croustilles Belin Cacahuète - 138g","p":1.34,"u":"9,71 €/KG","img":"https://fd1-photos.leclercdrive.fr/image.ashx?id=3002270&use=l&cat=p&typeid=i","cat":284449},{"id":59563,"n":"Galette de maïs GERBLE Chocolat au lait - 124g","p":1.71,"u":"13,79 €/KG","img":"https://fd1-photos.leclercdrive.fr/image.ashx?id=2664034&use=l&cat=p&typeid=i","cat":318651},{"id":59564,"n":"Galette riz chocolat Gerblé   Chocolat noir - 130,4g","p":1.7,"u":"13,08 €/KG","img":"https://fd1-photos.leclercdrive.fr/image.ashx?id=2664037&use=l&cat=p&typeid=i","cat":318651},{"id":59565,"n":"Pâte à tartiner Nustikao 1kg","p":4.25,"u":"4,25 €/KG","img":"https://fd1-photos.leclercdrive.fr/image.ashx?id=3012860&use=l&cat=p&typeid=i","cat":284481},{"id":59591,"n":"Boisson base vodka Eristoff Black 18° - 70cl","p":12.68,"u":"18,11 €/L","img":"https://fd1-photos.leclercdrive.fr/image.ashx?id=2842882&use=l&cat=p&typeid=i","cat":284550},{"id":59618,"n":"Soupe Knorr Tomates/mozza - 1L","p":2.51,"u":"2,51 €/L","img":"https://fd1-photos.leclercdrive.fr/image.ashx?id=2408258&use=l&cat=p&typeid=i","cat":284462},{"id":59655,"n":"Dentifrice Email Diamant Rouge - 75ml","p":3.05,"u":"40,67 €/L","img":"https://fd1-photos.leclercdrive.fr/image.ashx?id=1781297&use=l&cat=p&typeid=i","cat":284612},{"id":59687,"n":"Sardines Connetable Olive/citron - 135g","p":2.56,"u":"18,96 €/KG","img":"https://fd1-photos.leclercdrive.fr/image.ashx?id=2618951&use=l&cat=p&typeid=i","cat":305146},{"id":59695,"n":"Yaourt à la grecque YAOS Vanille - 4x125g","p":2.42,"u":"4,84 €/KG","img":"https://fd1-photos.leclercdrive.fr/image.ashx?id=3007972&use=l&cat=p&typeid=i","cat":314999},{"id":59713,"n":"Gros cornichons Rustica  Aigre doux - 850g","p":2.69,"u":"3,16 €/KG","img":"https://fd1-photos.leclercdrive.fr/image.ashx?id=2916707&use=l&cat=p&typeid=i","cat":284458},{"id":59714,"n":"Cacahuètes Tokapi  Grillées à sec - 200g","p":0.78,"u":"3,90 €/KG","img":"https://fd1-photos.leclercdrive.fr/image.ashx?id=2799781&use=l&cat=p&typeid=i","cat":284448},{"id":59715,"n":"Double concentré de tomates Tube - 200g","p":1.35,"u":"6,75 €/KG","img":"https://fd1-photos.leclercdrive.fr/image.ashx?id=3012421&use=l&cat=p&typeid=i","cat":288384},{"id":59718,"n":"Saumon tagliatelles D'Aucy Micro-ondes - 300g","p":2.52,"u":"8,40 €/KG","img":"https://fd1-photos.leclercdrive.fr/image.ashx?id=2117168&use=l&cat=p&typeid=i","cat":284953},{"id":59722,"n":"Crème légère semi-épaisse  Bridélice 18%mg - 3x20cl","p":2.51,"u":"4,18 €/L","img":"https://fd1-photos.leclercdrive.fr/image.ashx?id=2904733&use=l&cat=p&typeid=i","cat":284381},{"id":59725,"n":"Bâtonnets Surimi Saveur Coraya  x12 - 180g","p":1.99,"u":"11,06 €/KG","img":"https://fd1-photos.leclercdrive.fr/image.ashx?id=2962677&use=l&cat=p&typeid=i","cat":285189},{"id":59730,"n":"Blinis Cocktail Blini  x16 - 135g","p":1.34,"u":"9,93 €/KG","img":"https://fd1-photos.leclercdrive.fr/image.ashx?id=2971020&use=l&cat=p&typeid=i","cat":285191},{"id":59735,"n":"Bâtonnets surimi Ciepe Arôme Crabe x12 - 200g","p":1.47,"u":"7,35 €/KG","img":"https://fd1-photos.leclercdrive.fr/image.ashx?id=2973126&use=l&cat=p&typeid=i","cat":285189},{"id":59751,"n":"Rollmops au vinaigre  MSC Ronde des mers - 400g","p":2.29,"u":"5,73 €/KG","img":"https://fd1-photos.leclercdrive.fr/image.ashx?id=2686470&use=l&cat=p&typeid=i","cat":285190},{"id":59760,"n":"Lingettes liniment Biolane Oleo calcaire - x64","p":2.69,"img":"https://fd1-photos.leclercdrive.fr/image.ashx?id=2875378&use=l&cat=p&typeid=i","cat":284738},{"id":59761,"n":"Lingettes Lotus Baby Peau nette - x64","p":1.95,"u":"0,03 €/P","img":"https://fd1-photos.leclercdrive.fr/image.ashx?id=2904431&use=l&cat=p&typeid=i","cat":284738},{"id":59774,"n":"Sérum physiologique Biolane 30x5ml","p":3.25,"u":"21,67 €/L","img":"https://fd1-photos.leclercdrive.fr/image.ashx?id=2733232&use=l&cat=p&typeid=i","cat":284741},{"id":59776,"n":"Chocolat Côte d'Or Bouchée Lait - 200g","p":5.45,"u":"27,25 €/KG","img":"https://fd1-photos.leclercdrive.fr/image.ashx?id=3000447&use=l&cat=p&typeid=i","cat":284497},{"id":59832,"n":"Secret de crème Président Semi-épaisse 25%mg - 3x20cl","p":4.06,"u":"6,77 €/L","img":"https://fd1-photos.leclercdrive.fr/image.ashx?id=2699861&use=l&cat=p&typeid=i","cat":284381},{"id":59946,"n":"Galette de Pays de blé noir x6 Crêperie de Guerlédan - 520g","p":4.05,"u":"7,79 €/KG","img":"https://fd1-photos.leclercdrive.fr/image.ashx?id=2093083&use=l&cat=p&typeid=i","cat":285530},{"id":59948,"n":"Galette de Pays x4 Crêperie de Guerlédan - 340g","p":3.18,"u":"9,35 €/KG","img":"https://fd1-photos.leclercdrive.fr/image.ashx?id=2044011&use=l&cat=p&typeid=i","cat":285530},{"id":60015,"n":"Pancakes Pasquier x10 - 350g","p":1.91,"u":"5,46 €/KG","img":"https://fd1-photos.leclercdrive.fr/image.ashx?id=2688878&use=l&cat=p&typeid=i","cat":284495},{"id":60029,"n":"Brioche Harrys Mini Tressée Nature au sucre perlé - 210g","p":1.99,"u":"9,48 €/KG","img":"https://fd1-photos.leclercdrive.fr/image.ashx?id=2667742&use=l&cat=p&typeid=i","cat":284478},{"id":60051,"n":"Gâteaux Lulu L'Ourson Fraise - 150g","p":1.42,"u":"9,47 €/KG","img":"https://fd1-photos.leclercdrive.fr/image.ashx?id=3008050&use=l&cat=p&typeid=i","cat":284495},{"id":60053,"n":"Végétal Falafels Garden Gourmet Pois chiches 190g","p":3.41,"u":"17,95 €/KG","img":"https://fd1-photos.leclercdrive.fr/image.ashx?id=2988686&use=l&cat=p&typeid=i","cat":316036},{"id":60068,"n":"Pavé Gourmand Garden Gourmet Courgettes Fromage 180g","p":3.24,"u":"18,00 €/KG","img":"https://fd1-photos.leclercdrive.fr/image.ashx?id=2973294&use=l&cat=p&typeid=i","cat":316036},{"id":60074,"n":"Monster Munch Salé - 2x85g","p":2.09,"u":"12,29 €/KG","img":"https://fd1-photos.leclercdrive.fr/image.ashx?id=2916869&use=l&cat=p&typeid=i","cat":284449},{"id":60106,"n":"Spray tropic Cinq sur cinq Anti-moustiques - 100ml","p":6.99,"u":"69,90 €/L","img":"https://fd1-photos.leclercdrive.fr/image.ashx?id=2087160&use=l&cat=p&typeid=i","cat":290402},{"id":60114,"n":"Rillettes de canard Henaff 3x72g","p":5.66,"u":"26,20 €/KG","img":"https://fd1-photos.leclercdrive.fr/image.ashx?id=2868038&use=l&cat=p&typeid=i","cat":305149},{"id":60115,"n":"Tofu aux herbes Céréal Bio Bio - 250g","p":2.72,"u":"10,88 €/KG","img":"https://fd1-photos.leclercdrive.fr/image.ashx?id=2624284&use=l&cat=p&typeid=i","cat":316036},{"id":60118,"n":"Ratatouille niçoise D'aucy  750g","p":1.95,"u":"2,60 €/KG","img":"https://fd1-photos.leclercdrive.fr/image.ashx?id=2665904&use=l&cat=p&typeid=i","cat":312612},{"id":60120,"n":"Yaourts Lait de chèvre Vrai Bio Nature - 2x125g","p":1.32,"u":"5,28 €/KG","img":"https://fd1-photos.leclercdrive.fr/image.ashx?id=2516284&use=l&cat=p&typeid=i","cat":314998},{"id":60124,"n":"Compotes Pom'Potes Gourdes  Pomme Nature - 4x90g","p":1.66,"u":"4,61 €/KG","img":"https://fd1-photos.leclercdrive.fr/image.ashx?id=2983003&use=l&cat=p&typeid=i","cat":284508},{"id":60128,"n":"Crème dessert bio les 2 vaches fondant chocolat - 4x125g","p":1.88,"u":"3,76 €/KG","img":"https://fd1-photos.leclercdrive.fr/image.ashx?id=2774012&use=l&cat=p&typeid=i","cat":285041},{"id":60138,"n":"Bûche de chèvre Bio Soignon 180g","p":2.72,"u":"15,11 €/KG","img":"https://fd1-photos.leclercdrive.fr/image.ashx?id=2676741&use=l&cat=p&typeid=i","cat":314031},{"id":60150,"n":"Fromage l'Ortolan Bio Fromagerie Milleret - 250g","p":2.85,"u":"11,40 €/KG","img":"https://fd1-photos.leclercdrive.fr/image.ashx?id=2732866&use=l&cat=p&typeid=i","cat":314033},{"id":60165,"n":"Boisson végétale Alpro noisette - 1l","p":1.99,"u":"1,99 €/L","img":"https://fd1-photos.leclercdrive.fr/image.ashx?id=2849602&use=l&cat=p&typeid=i","cat":316067},{"id":60168,"n":"fromage blanc jockey Nature 3%MG - 8x100g","p":2.49,"u":"3,11 €/KG","img":"https://fd1-photos.leclercdrive.fr/image.ashx?id=2230369&use=l&cat=p&typeid=i","cat":284409},{"id":60171,"n":"boisson végétale lait d'amande grillée alpro -1l","p":2.15,"u":"2,15 €/L","img":"https://fd1-photos.leclercdrive.fr/image.ashx?id=2988671&use=l&cat=p&typeid=i","cat":316067},{"id":60174,"n":"Madeleine Bonne Maman  Chocolat au lait x10 - 300g","p":3.25,"u":"10,83 €/KG","img":"https://fd1-photos.leclercdrive.fr/image.ashx?id=2949940&use=l&cat=p&typeid=i","cat":284492},{"id":60175,"n":"Madeleines St Michel  Oeuf en plein air - 1kg","p":3.96,"u":"3,96 €/KG","img":"https://fd1-photos.leclercdrive.fr/image.ashx?id=2936194&use=l&cat=p&typeid=i","cat":284492},{"id":60192,"n":"Pancakes Le Ster  x8 - 280g","p":2.25,"u":"8,04 €/KG","img":"https://fd1-photos.leclercdrive.fr/image.ashx?id=2827215&use=l&cat=p&typeid=i","cat":284495},{"id":60204,"n":"Crêpes de landerneau Le Ster Le pâtissier x12 - 300g","p":2.09,"u":"6,97 €/KG","img":"https://fd1-photos.leclercdrive.fr/image.ashx?id=2962860&use=l&cat=p&typeid=i","cat":284494},{"id":60313,"n":"Fromage frais Délisse  Vanille de Madagascar - 500g","p":2.29,"u":"4,58 €/KG","img":"https://fd1-photos.leclercdrive.fr/image.ashx?id=3012851&use=l&cat=p&typeid=i","cat":284409},{"id":60382,"n":"Soin de jour L'Oréal Paris Age Perfect anti-rides - 50ml","p":11.97,"pp":7.9,"u":"158,00 €/L","img":"https://fd1-photos.leclercdrive.fr/image.ashx?id=2860355&use=l&cat=p&typeid=i","cat":325345},{"id":60539,"n":"Purée delice Bonduelle  Courgette Céleri Brocoli - 780g","p":3.11,"u":"3,99 €/KG","img":"https://fd1-photos.leclercdrive.fr/image.ashx?id=2910043&use=l&cat=p&typeid=i","cat":319805},{"id":60588,"n":"Emmental Président 250g","p":2.81,"u":"11,24 €/KG","img":"https://fd1-photos.leclercdrive.fr/image.ashx?id=2752942&use=l&cat=p&typeid=i","cat":314034},{"id":60607,"n":"Tarte meringuée Citron 650g","p":9.9,"u":"15,23 €/KG","img":"https://fd1-photos.leclercdrive.fr/image.ashx?id=2315988&use=l&cat=p&typeid=i","cat":284360},{"id":60672,"n":"Matière grasse St Hubert 41 demi-sel - 38%MG - 250g","p":2.15,"u":"8,60 €/KG","img":"https://fd1-photos.leclercdrive.fr/image.ashx?id=2734144&use=l&cat=p&typeid=i","cat":315229},{"id":60774,"n":"Bière blonde Leffe 6,6% - 6x25cl","p":4.92,"u":"3,28 €/L","img":"https://fd1-photos.leclercdrive.fr/image.ashx?id=2995421&use=l&cat=p&typeid=i","cat":334852},{"id":60775,"n":"Dés de jambon Herta  2x75g","p":1.62,"u":"10,80 €/KG","img":"https://fd1-photos.leclercdrive.fr/image.ashx?id=2877133&use=l&cat=p&typeid=i","cat":316011},{"id":60777,"n":"Brique de brebis Lou Pérac Fromage de brebis - 150g","p":2.86,"u":"19,07 €/KG","img":"https://fd1-photos.leclercdrive.fr/image.ashx?id=2785154&use=l&cat=p&typeid=i","cat":314031},{"id":60778,"n":"Tranche Salakis Fromage de brebis - 200g","p":2.65,"u":"13,25 €/KG","img":"https://fd1-photos.leclercdrive.fr/image.ashx?id=2729710&use=l&cat=p&typeid=i","cat":314026},{"id":60886,"n":"Mozzarella Galbani 125g","p":1.09,"u":"8,72 €/KG","img":"https://fd1-photos.leclercdrive.fr/image.ashx?id=2765381&use=l&cat=p&typeid=i","cat":314026},{"id":60890,"n":"Chaussée aux moines 340g","p":2.89,"u":"8,50 €/KG","img":"https://fd1-photos.leclercdrive.fr/image.ashx?id=2830030&use=l&cat=p&typeid=i","cat":329184},{"id":60891,"n":"Camembert Président 250g","p":1.8,"u":"7,20 €/KG","img":"https://fd1-photos.leclercdrive.fr/image.ashx?id=2878873&use=l&cat=p&typeid=i","cat":314033},{"id":60892,"n":"Emmental râpé fondant Président 200g","p":2.05,"u":"10,25 €/KG","img":"https://fd1-photos.leclercdrive.fr/image.ashx?id=2488455&use=l&cat=p&typeid=i","cat":314035},{"id":60893,"n":"Brique fondante Président Fondante - 200g","p":2.39,"u":"11,95 €/KG","img":"https://fd1-photos.leclercdrive.fr/image.ashx?id=2652840&use=l&cat=p&typeid=i","cat":314033},{"id":60930,"n":"Thé Earl Grey Twinings x25 sachets - 50g","p":2.07,"u":"41,40 €/KG","img":"https://fd1-photos.leclercdrive.fr/image.ashx?id=2889817&use=l&cat=p&typeid=i","cat":293233},{"id":60931,"n":"Thé Ceylan Scotland Twinings x20 - 40g","p":2.33,"u":"58,25 €/KG","img":"https://fd1-photos.leclercdrive.fr/image.ashx?id=2893024&use=l&cat=p&typeid=i","cat":293233},{"id":60957,"n":"Boisson énergisante Red Bull Goût Myrtille, 250ml","p":1.19,"u":"4,76 €/L","img":"https://fd1-photos.leclercdrive.fr/image.ashx?id=2174528&use=l&cat=p&typeid=i","cat":284533},{"id":60974,"n":"Pur jus Tropicana Orange Pure Premium Sans pulpe - 1L","p":2.45,"u":"2,45 €/L","img":"https://fd1-photos.leclercdrive.fr/image.ashx?id=2586186&use=l&cat=p&typeid=i","cat":284521},{"id":60978,"n":"Roquefort AOP Société Fromage de brebis - 150g","p":2.93,"u":"19,53 €/KG","img":"https://fd1-photos.leclercdrive.fr/image.ashx?id=2729713&use=l&cat=p&typeid=i","cat":314032},{"id":61019,"n":"Camembert de Campagne Président 250g","p":2.44,"u":"9,76 €/KG","img":"https://fd1-photos.leclercdrive.fr/image.ashx?id=2892559&use=l&cat=p&typeid=i","cat":314033},{"id":61021,"n":"Risotto champignon poulet Marie 900g","p":4.19,"u":"4,66 €/KG","img":"https://fd1-photos.leclercdrive.fr/image.ashx?id=2996755&use=l&cat=p&typeid=i","cat":284254},{"id":61153,"n":"Labyrinthe Dès 7 ans","p":21.8,"img":"https://fd1-photos.leclercdrive.fr/image.ashx?id=2937721&use=l&cat=p&typeid=i","cat":334378},{"id":61167,"n":"Crème légère épaisse Bridélice 15%mg - 497g","p":1.9,"u":"3,82 €/KG","img":"https://fd1-photos.leclercdrive.fr/image.ashx?id=2996578&use=l&cat=p&typeid=i","cat":284381},{"id":61169,"n":"Petit suisse NESQUIK Chocolat 6x60g","p":1.55,"u":"4,31 €/KG","img":"https://fd1-photos.leclercdrive.fr/image.ashx?id=3007933&use=l&cat=p&typeid=i","cat":284414},{"id":61172,"n":"Yaourts à la Grecque Délisse Citron - 4x150g","p":2.38,"u":"3,97 €/KG","img":"https://fd1-photos.leclercdrive.fr/image.ashx?id=2699714&use=l&cat=p&typeid=i","cat":314999},{"id":61191,"n":"Mache-Mots Kids VS Parents Jeu de société - Dès 8 ans","p":19.9,"img":"https://fd1-photos.leclercdrive.fr/image.ashx?id=2362017&use=l&cat=p&typeid=i","cat":334378},{"id":61254,"n":"Filou Chiptou (2 à 4 joueurs) Jeu de société - Dès 4 ans","p":17.8,"img":"https://fd1-photos.leclercdrive.fr/image.ashx?id=2740331&use=l&cat=p&typeid=i","cat":334378},{"id":61255,"n":"Môts Mêlés (2 à 4 joueurs) Jeu de société - Dès 8 ans","p":21.8,"img":"https://fd1-photos.leclercdrive.fr/image.ashx?id=2740334&use=l&cat=p&typeid=i","cat":334378},{"id":61289,"n":"Café moulu Carte Noire Classique - 2x250g","p":11.06,"u":"22,12 €/KG","img":"https://fd1-photos.leclercdrive.fr/image.ashx?id=2918062&use=l&cat=p&typeid=i","cat":284750},{"id":61293,"n":"Boisson Jafaden Orange carotte citron - 1L","p":1.89,"u":"1,89 €/L","img":"https://fd1-photos.leclercdrive.fr/image.ashx?id=2956753&use=l&cat=p&typeid=i","cat":284917},{"id":61334,"n":"Ma Chimie Clementoni Dès 8 ans","p":19.95,"img":"https://fd1-photos.leclercdrive.fr/image.ashx?id=2779864&use=l&cat=p&typeid=i","cat":334378},{"id":61352,"n":"Stylo Krono Dès 8 ans - 3 joueurs et +","p":19.8,"img":"https://fd1-photos.leclercdrive.fr/image.ashx?id=1723799&use=l&cat=p&typeid=i","cat":334378},{"id":61594,"n":"Tomato Ketchup Heinz - 910g","p":2.93,"u":"3,22 €/KG","img":"https://fd1-photos.leclercdrive.fr/image.ashx?id=2923420&use=l&cat=p&typeid=i","cat":284455},{"id":61596,"n":"Sauce au poivre Rustica Pot - 245g","p":1.13,"u":"4,61 €/KG","img":"https://fd1-photos.leclercdrive.fr/image.ashx?id=2954373&use=l&cat=p&typeid=i","cat":318430},{"id":61597,"n":"Sauce bourguignonne Rustica Pot - 250g","p":1.01,"u":"4,04 €/KG","img":"https://fd1-photos.leclercdrive.fr/image.ashx?id=2954376&use=l&cat=p&typeid=i","cat":318430},{"id":61605,"n":"Sauce barbecue Rustica Flacon souple - 280g","p":1.39,"u":"4,96 €/KG","img":"https://fd1-photos.leclercdrive.fr/image.ashx?id=2559704&use=l&cat=p&typeid=i","cat":318431},{"id":61609,"n":"Sauce Aïoli Bénédicta - 260g","p":1.45,"u":"5,58 €/KG","img":"https://fd1-photos.leclercdrive.fr/image.ashx?id=2689934&use=l&cat=p&typeid=i","cat":318430},{"id":61613,"n":"Sauce Pommes frites  Amora 448g","p":2.44,"u":"5,45 €/KG","img":"https://fd1-photos.leclercdrive.fr/image.ashx?id=2738227&use=l&cat=p&typeid=i","cat":318431},{"id":61626,"n":"Cocktail Douceur du Verger 4 fruits - Sirop léger - 250 g","p":1.5,"u":"6,00 €/KG","img":"https://fd1-photos.leclercdrive.fr/image.ashx?id=2783026&use=l&cat=p&typeid=i","cat":284507},{"id":61628,"n":"Fruits au sirop St Mamet Pêches - 245g","p":1.86,"u":"7,59 €/KG","img":"https://fd1-photos.leclercdrive.fr/image.ashx?id=2628428&use=l&cat=p&typeid=i","cat":284507},{"id":61631,"n":"Cocktail Douceur du Verger 4 fruits - Sirop léger- 500g","p":1.99,"u":"3,98 €/KG","img":"https://fd1-photos.leclercdrive.fr/image.ashx?id=2783023&use=l&cat=p&typeid=i","cat":284507},{"id":61634,"n":"Poires Douceur du Verger Sirop léger - 455 g","p":1.95,"u":"4,29 €/KG","img":"https://fd1-photos.leclercdrive.fr/image.ashx?id=2783020&use=l&cat=p&typeid=i","cat":284507},{"id":61638,"n":"Lentilles Préparées Cassegrain Tendres et Fondantes 460g","p":2.33,"u":"5,07 €/KG","img":"https://fd1-photos.leclercdrive.fr/image.ashx?id=3011047&use=l&cat=p&typeid=i","cat":312609},{"id":61697,"n":"Eponges Spontex Multicolore - x3","p":1.37,"u":"0,46 €/P","img":"https://fd1-photos.leclercdrive.fr/image.ashx?id=2972847&use=l&cat=p&typeid=i","cat":284667},{"id":61706,"n":"Beurre Grand Fermage Demi-sel - 80% MG - 500g","p":5.15,"u":"10,30 €/KG","img":"https://fd1-photos.leclercdrive.fr/image.ashx?id=2916171&use=l&cat=p&typeid=i","cat":284379},{"id":61874,"n":"Gel shampooing douche Fa Men Perfect wave flacon - 250ml","p":1.51,"u":"6,04 €/L","img":"https://fd1-photos.leclercdrive.fr/image.ashx?id=2995091&use=l&cat=p&typeid=i","cat":284619},{"id":61968,"n":"AOP Petit Reblochon Le Pochat 240g","p":3.68,"u":"15,33 €/KG","img":"https://fd1-photos.leclercdrive.fr/image.ashx?id=2102764&use=l&cat=p&typeid=i","cat":314037},{"id":61976,"n":"Coeurs de palmiers Bio Village Bio - 250g","p":4.02,"u":"16,08 €/KG","img":"https://fd1-photos.leclercdrive.fr/image.ashx?id=2077463&use=l&cat=p&typeid=i","cat":312611},{"id":61983,"n":"Sachet repas Gourmet  Terrine coffret - 4x85g","p":1.99,"u":"5,85 €/KG","img":"https://fd1-photos.leclercdrive.fr/image.ashx?id=2901118&use=l&cat=p&typeid=i","cat":285286},{"id":61984,"n":"Sachet repas chat Gourmet  Perle duo de la mer - 4x85g","p":2.45,"u":"7,21 €/KG","img":"https://fd1-photos.leclercdrive.fr/image.ashx?id=2859866&use=l&cat=p&typeid=i","cat":285286},{"id":62004,"n":"Cornichons Maille  Mini classique - 370g","p":3.9,"u":"10,54 €/KG","img":"https://fd1-photos.leclercdrive.fr/image.ashx?id=2916567&use=l&cat=p&typeid=i","cat":284458},{"id":62007,"n":"Sardines Huile Olive PARMENTIER Vierge Extra - 135g","p":1.53,"u":"11,33 €/KG","img":"https://fd1-photos.leclercdrive.fr/image.ashx?id=3014410&use=l&cat=p&typeid=i","cat":305146},{"id":62042,"n":"Haricots rouges D'aucy  500g","p":1.87,"u":"3,74 €/KG","img":"https://fd1-photos.leclercdrive.fr/image.ashx?id=2491190&use=l&cat=p&typeid=i","cat":312606},{"id":62043,"n":"Lentilles préparées D'aucy  265g","p":0.93,"u":"3,51 €/KG","img":"https://fd1-photos.leclercdrive.fr/image.ashx?id=2560600&use=l&cat=p&typeid=i","cat":312609},{"id":62045,"n":"Haricots verts Jardin Bio étic Bio sans sel - 345g","p":3.24,"u":"9,39 €/KG","img":"https://fd1-photos.leclercdrive.fr/image.ashx?id=2535010&use=l&cat=p&typeid=i","cat":312606},{"id":62053,"n":"Haricots Coco Cuisinés Cassegrain Tomate, Laurier 435g","p":1.64,"u":"6,56 €/KG","img":"https://fd1-photos.leclercdrive.fr/image.ashx?id=2952466&use=l&cat=p&typeid=i","cat":312606},{"id":62054,"n":"Courgettes Cuisinées Cassegrain à la Provençale 185g","p":1.99,"u":"10,76 €/KG","img":"https://fd1-photos.leclercdrive.fr/image.ashx?id=2913022&use=l&cat=p&typeid=i","cat":312612},{"id":62055,"n":"Aubergines Cuisinées Cassegrain à la Provençale 185g","p":2.16,"u":"11,68 €/KG","img":"https://fd1-photos.leclercdrive.fr/image.ashx?id=2913019&use=l&cat=p&typeid=i","cat":312612},{"id":62066,"n":"Lentilles cuisinées façon Sud-Ouest Cassegrain 410g","p":1.86,"u":"4,54 €/KG","img":"https://fd1-photos.leclercdrive.fr/image.ashx?id=2862131&use=l&cat=p&typeid=i","cat":312609},{"id":62067,"n":"Flageolets Préparés Cassegrain Extra Fins 130g","p":1.03,"u":"7,92 €/KG","img":"https://fd1-photos.leclercdrive.fr/image.ashx?id=2912980&use=l&cat=p&typeid=i","cat":312606},{"id":62083,"n":"Soda Schweppes Saveur Agrumes - 1L","p":1.59,"u":"1,59 €/L","img":"https://fd1-photos.leclercdrive.fr/image.ashx?id=2852414&use=l&cat=p&typeid=i","cat":284532},{"id":62094,"n":"Sauce fajitas Old El Paso à cuisiner doux - 395g","p":2.17,"u":"5,49 €/KG","img":"https://fd1-photos.leclercdrive.fr/image.ashx?id=2950852&use=l&cat=p&typeid=i","cat":288993},{"id":62095,"n":"Chips Tortilla Old El Paso Fajita - 185g","p":2.12,"u":"11,46 €/KG","img":"https://fd1-photos.leclercdrive.fr/image.ashx?id=2444522&use=l&cat=p&typeid=i","cat":288993},{"id":62101,"n":"Miel l'Apiculteur liquide   et savoureux - 500g","p":6.93,"u":"13,86 €/KG","img":"https://fd1-photos.leclercdrive.fr/image.ashx?id=3008077&use=l&cat=p&typeid=i","cat":287643},{"id":62112,"n":"Compotes Pom'Potes Gourdes  Pomme Nature - 12x90g","p":4.86,"u":"4,50 €/KG","img":"https://fd1-photos.leclercdrive.fr/image.ashx?id=3010927&use=l&cat=p&typeid=i","cat":284508},{"id":62120,"n":"Cookies Choco Sensation Milka Chocolat au lait - 312g","p":3.98,"u":"12,76 €/KG","img":"https://fd1-photos.leclercdrive.fr/image.ashx?id=3002279&use=l&cat=p&typeid=i","cat":325066},{"id":62123,"n":"Mini brownie Brossard Chocolat/noisette x8 - 240g","p":2.51,"u":"10,46 €/KG","img":"https://fd1-photos.leclercdrive.fr/image.ashx?id=2976830&use=l&cat=p&typeid=i","cat":294776},{"id":62124,"n":"Steak haché   180g","p":3.22,"u":"17,89 €/KG","img":"https://fd1-photos.leclercdrive.fr/image.ashx?id=1097625&use=l&cat=p&typeid=i","cat":284332},{"id":62125,"n":"Steak haché   2x150g","p":5.38,"u":"17,93 €/KG","img":"https://fd1-photos.leclercdrive.fr/image.ashx?id=1097628&use=l&cat=p&typeid=i","cat":284332},{"id":62126,"n":"Steak haché   4x120g","p":8.61,"u":"17,94 €/KG","img":"https://fd1-photos.leclercdrive.fr/image.ashx?id=1097631&use=l&cat=p&typeid=i","cat":284332},{"id":62128,"n":"Biscuits fourrés Prince Tout chocolat - 300g","p":1.47,"u":"4,90 €/KG","img":"https://fd1-photos.leclercdrive.fr/image.ashx?id=2528801&use=l&cat=p&typeid=i","cat":284488},{"id":62129,"n":"Haché  de boeuf  350g","p":6.26,"u":"17,89 €/KG","img":"https://fd1-photos.leclercdrive.fr/image.ashx?id=1097634&use=l&cat=p&typeid=i","cat":284332},{"id":62130,"n":"Cookies extra moelleux Granola Pépites de chocolat - 312g","p":3.83,"u":"12,28 €/KG","img":"https://fd1-photos.leclercdrive.fr/image.ashx?id=2306723&use=l&cat=p&typeid=i","cat":325066},{"id":62142,"n":"Biscottes Braisor Heudebert  Nature - 500g","p":3.29,"u":"6,58 €/KG","img":"https://fd1-photos.leclercdrive.fr/image.ashx?id=2680176&use=l&cat=p&typeid=i","cat":284479},{"id":62146,"n":"Brioche La Fournée Dorée Tranchée crème fraiche - 500g","p":2.27,"u":"4,54 €/KG","img":"https://fd1-photos.leclercdrive.fr/image.ashx?id=2415365&use=l&cat=p&typeid=i","cat":284478},{"id":62148,"n":"Brioch'burger La fournée Dorée x4 - 250g","p":1.59,"u":"6,36 €/KG","img":"https://fd1-photos.leclercdrive.fr/image.ashx?id=2765261&use=l&cat=p&typeid=i","cat":325067},{"id":62161,"n":"Cake aux fruits Brossard 300g","p":2.99,"u":"9,97 €/KG","img":"https://fd1-photos.leclercdrive.fr/image.ashx?id=2964998&use=l&cat=p&typeid=i","cat":284493},{"id":62162,"n":"Donuts Curly 100g","p":1.13,"u":"11,30 €/KG","img":"https://fd1-photos.leclercdrive.fr/image.ashx?id=2446836&use=l&cat=p&typeid=i","cat":284449},{"id":62163,"n":"Madeleines coquilles St Michel chocolat au lait - 350g","p":3.06,"u":"8,74 €/KG","img":"https://fd1-photos.leclercdrive.fr/image.ashx?id=2936182&use=l&cat=p&typeid=i","cat":284492},{"id":62169,"n":"Croquettes chiens Purina One Minis chiens - 1.5kg","p":4.69,"u":"3,13 €/KG","img":"https://fd1-photos.leclercdrive.fr/image.ashx?id=2899677&use=l&cat=p&typeid=i","cat":294526},{"id":62226,"n":"Soda Coca-Cola Sans Sucres Bouteille - 1L","p":1.45,"u":"1,45 €/L","img":"https://fd1-photos.leclercdrive.fr/image.ashx?id=2194418&use=l&cat=p&typeid=i","cat":284530},{"id":62238,"n":"Bière blonde Grimbergen Triple d'Abbaye -8° - 6x25cl","p":5.52,"u":"3,68 €/L","img":"https://fd1-photos.leclercdrive.fr/image.ashx?id=2317363&use=l&cat=p&typeid=i","cat":334852},{"id":62246,"n":"Soda au cola Pepsi La bouteille de 1.5L","p":1.17,"u":"0,78 €/L","img":"https://fd1-photos.leclercdrive.fr/image.ashx?id=2896318&use=l&cat=p&typeid=i","cat":284530},{"id":62251,"n":"Soda au cola Pepsi Zéro sucres La bouteille de 1.5L","p":1.15,"u":"0,77 €/L","img":"https://fd1-photos.leclercdrive.fr/image.ashx?id=2683130&use=l&cat=p&typeid=i","cat":284530},{"id":62252,"n":"Soda 7UP Citron et citron vert - 1.5L","p":1.2,"u":"0,80 €/L","img":"https://fd1-photos.leclercdrive.fr/image.ashx?id=2748545&use=l&cat=p&typeid=i","cat":284531},{"id":62298,"n":"Sauce caesar Florette 175ml","p":2.35,"u":"13,43 €/L","img":"https://fd1-photos.leclercdrive.fr/image.ashx?id=2634067&use=l&cat=p&typeid=i","cat":284382},{"id":62303,"n":"yaourt fruits bio les 2 vaches brassé framboise - 4x115g","p":1.86,"u":"4,04 €/KG","img":"https://fd1-photos.leclercdrive.fr/image.ashx?id=2571533&use=l&cat=p&typeid=i","cat":284410},{"id":62333,"n":"Yaourt brassé Bio les 2 vaches Citron - 4x115g","p":1.94,"u":"4,22 €/KG","img":"https://fd1-photos.leclercdrive.fr/image.ashx?id=2571536&use=l&cat=p&typeid=i","cat":284410},{"id":62335,"n":"yaourt fruits bio les 2 vaches brassé myrtille - 4x115g","p":1.99,"u":"4,33 €/KG","img":"https://fd1-photos.leclercdrive.fr/image.ashx?id=2571530&use=l&cat=p&typeid=i","cat":284410},{"id":62340,"n":"Jus d'oranges pressées Andros 1.5L","p":3.86,"u":"2,57 €/L","img":"https://fd1-photos.leclercdrive.fr/image.ashx?id=2904272&use=l&cat=p&typeid=i","cat":285435},{"id":62357,"n":"Faisselle Rians Coulis framboise - 240g","p":1.59,"u":"6,63 €/KG","img":"https://fd1-photos.leclercdrive.fr/image.ashx?id=2522776&use=l&cat=p&typeid=i","cat":284410},{"id":62359,"n":"Jus d'oranges pressées  Sans pulpe Andros - 1.5L","p":3.84,"u":"2,56 €/L","img":"https://fd1-photos.leclercdrive.fr/image.ashx?id=2876104&use=l&cat=p&typeid=i","cat":285435},{"id":62417,"n":"Jus de pamplemousse rose pressé Andros - 1L","p":3.15,"u":"3,15 €/L","img":"https://fd1-photos.leclercdrive.fr/image.ashx?id=2928423&use=l&cat=p&typeid=i","cat":285435},{"id":62418,"n":"Jus d'oranges douces Andros 1L","p":3.32,"u":"3,32 €/L","img":"https://fd1-photos.leclercdrive.fr/image.ashx?id=2882638&use=l&cat=p&typeid=i","cat":285435},{"id":62481,"n":"Coton disque Bio Bionaïa x70","p":0.97,"u":"0,01 €/P","img":"https://fd1-photos.leclercdrive.fr/image.ashx?id=2434942&use=l&cat=p&typeid=i","cat":285593},{"id":62482,"n":"Coton-tige Bio Bionaïa x200 bâtonnets ouatés","p":0.86,"img":"https://fd1-photos.leclercdrive.fr/image.ashx?id=2598704&use=l&cat=p&typeid=i","cat":285593},{"id":62486,"n":"Quiche lorraine 400g","p":1.99,"u":"4,98 €/KG","img":"https://fd1-photos.leclercdrive.fr/image.ashx?id=2798421&use=l&cat=p&typeid=i","cat":333680},{"id":62496,"n":"Biscuit bébé Blédina 12 mois Petit beurre - 133g","p":2.0,"u":"15,04 €/KG","img":"https://fd1-photos.leclercdrive.fr/image.ashx?id=2974288&use=l&cat=p&typeid=i","cat":312227},{"id":62497,"n":"Biscuit bébé Blédina 12 mois  Petit beurre pépites choco-133g","p":2.15,"u":"16,17 €/KG","img":"https://fd1-photos.leclercdrive.fr/image.ashx?id=2639344&use=l&cat=p&typeid=i","cat":312227},{"id":62561,"n":"Rasoirs jetables Carré Homme 3 lames - x8","p":2.66,"u":"0,33 €/P","img":"https://fd1-photos.leclercdrive.fr/image.ashx?id=2869859&use=l&cat=p&typeid=i","cat":284616},{"id":62567,"n":"Papier toilette Mimosa Humide x50","p":1.29,"u":"0,03 €/P","img":"https://fd1-photos.leclercdrive.fr/image.ashx?id=2823126&use=l&cat=p&typeid=i","cat":284634},{"id":62568,"n":"Papier toilette Mimosa Humide douceur x50","p":1.29,"u":"0,03 €/P","img":"https://fd1-photos.leclercdrive.fr/image.ashx?id=3013615&use=l&cat=p&typeid=i","cat":284634},{"id":62571,"n":"Soda à l'orange Orangina 1L","p":1.67,"u":"1,67 €/L","img":"https://fd1-photos.leclercdrive.fr/image.ashx?id=2668413&use=l&cat=p&typeid=i","cat":284532},{"id":62572,"n":"Lime soda Sprink's Citron zero - 1.5L","p":1.08,"u":"0,72 €/L","img":"https://fd1-photos.leclercdrive.fr/image.ashx?id=2913742&use=l&cat=p&typeid=i","cat":284531},{"id":62574,"n":"Bière ambrée Grimbergen 6,5° - 6x25cl","p":5.8,"u":"3,87 €/L","img":"https://fd1-photos.leclercdrive.fr/image.ashx?id=2293483&use=l&cat=p&typeid=i","cat":334852},{"id":62575,"n":"Coton disque Inell Rond confort x70","p":0.61,"u":"0,01 €/P","img":"https://fd1-photos.leclercdrive.fr/image.ashx?id=2169171&use=l&cat=p&typeid=i","cat":285593},{"id":62576,"n":"Bière blanche Grimbergen 6° - 6x25cl","p":5.24,"u":"3,49 €/L","img":"https://fd1-photos.leclercdrive.fr/image.ashx?id=2294375&use=l&cat=p&typeid=i","cat":334878},{"id":62581,"n":"Bière aromatisée Grimbergen Cerise 5,5° - 6x25cl","p":5.79,"u":"3,86 €/L","img":"https://fd1-photos.leclercdrive.fr/image.ashx?id=2312798&use=l&cat=p&typeid=i","cat":334878},{"id":62614,"n":"Pâte à tartiner Ovomaltine Crunchy - 360g","p":3.15,"u":"8,75 €/KG","img":"https://fd1-photos.leclercdrive.fr/image.ashx?id=2428645&use=l&cat=p&typeid=i","cat":284481},{"id":62619,"n":"Biscuits nappés Pépito Chocolat au lait - 2x192g","p":2.46,"u":"6,41 €/KG","img":"https://fd1-photos.leclercdrive.fr/image.ashx?id=2989444&use=l&cat=p&typeid=i","cat":284488},{"id":62676,"n":"Gel douche bio So Bio Etic  Karité sans sulfate - 650ml","p":5.61,"u":"8,63 €/L","img":"https://fd1-photos.leclercdrive.fr/image.ashx?id=2850593&use=l&cat=p&typeid=i","cat":284594},{"id":62681,"n":"Eau de javel Clair Parfum citron - 2L","p":0.98,"u":"0,49 €/L","img":"https://fd1-photos.leclercdrive.fr/image.ashx?id=2949206&use=l&cat=p&typeid=i","cat":284661},{"id":62682,"n":"Javel en gel Clair  Citron vert - 750ml","p":1.18,"u":"1,57 €/L","img":"https://fd1-photos.leclercdrive.fr/image.ashx?id=2843881&use=l&cat=p&typeid=i","cat":284661},{"id":62687,"n":"Spray nasal Primoplast 100% eau de mer - 150ml","p":4.45,"u":"29,67 €/L","img":"https://fd1-photos.leclercdrive.fr/image.ashx?id=2955758&use=l&cat=p&typeid=i","cat":284630},{"id":62697,"n":"Nappe damassée Homeside Blanche - 8m","p":1.63,"img":"https://fd1-photos.leclercdrive.fr/image.ashx?id=1659708&use=l&cat=p&typeid=i","cat":334134},{"id":62710,"n":"Pâte à tartiner L. Georgelin Cacao Noisettes - 600g","p":5.99,"u":"9,98 €/KG","img":"https://fd1-photos.leclercdrive.fr/image.ashx?id=1638544&use=l&cat=p&typeid=i","cat":284481},{"id":62711,"n":"Raz El Hanout 100g","p":2.26,"u":"22,60 €/KG","img":"https://fd1-photos.leclercdrive.fr/image.ashx?id=1592586&use=l&cat=p&typeid=i","cat":298297},{"id":62722,"n":"Biscuits fourrés Prince Chocolat lait - 300g","p":1.47,"u":"4,90 €/KG","img":"https://fd1-photos.leclercdrive.fr/image.ashx?id=2349070&use=l&cat=p&typeid=i","cat":284488},{"id":62723,"n":"Biscuits fourrés Prince Multi céréales - 293g","p":1.52,"u":"5,19 €/KG","img":"https://fd1-photos.leclercdrive.fr/image.ashx?id=2350993&use=l&cat=p&typeid=i","cat":284488},{"id":62724,"n":"Biscuits Double Crème Oreo Vanille - 157g","p":1.23,"u":"7,83 €/KG","img":"https://fd1-photos.leclercdrive.fr/image.ashx?id=2160198&use=l&cat=p&typeid=i","cat":284488},{"id":62726,"n":"Compote bio Bio Village Bocal pomme - 625g","p":2.07,"u":"3,31 €/KG","img":"https://fd1-photos.leclercdrive.fr/image.ashx?id=1948042&use=l&cat=p&typeid=i","cat":284508},{"id":62727,"n":"Compote bio Bio Village Bocal pomme poire - 625g","p":2.1,"u":"3,36 €/KG","img":"https://fd1-photos.leclercdrive.fr/image.ashx?id=1948039&use=l&cat=p&typeid=i","cat":284508},{"id":62730,"n":"Fruits au sirop St Mamet Poires williams - 235g","p":1.92,"u":"8,17 €/KG","img":"https://fd1-photos.leclercdrive.fr/image.ashx?id=2630220&use=l&cat=p&typeid=i","cat":284507},{"id":62731,"n":"Abricots Douceur du Verger Sirop léger - 475 g","p":2.42,"u":"5,09 €/KG","img":"https://fd1-photos.leclercdrive.fr/image.ashx?id=2618235&use=l&cat=p&typeid=i","cat":284507},{"id":62740,"n":"Lait de coco Suzi Wan  Allégé - 200ml","p":1.35,"u":"6,75 €/L","img":"https://fd1-photos.leclercdrive.fr/image.ashx?id=2892922&use=l&cat=p&typeid=i","cat":288992},{"id":62741,"n":"Quinoa/boulgour Bio Village  Bio - 400g","p":2.56,"u":"6,40 €/KG","img":"https://fd1-photos.leclercdrive.fr/image.ashx?id=2518556&use=l&cat=p&typeid=i","cat":284429},{"id":62742,"n":"Gressins sésames bio Bio Village - 125g","p":1.52,"u":"12,16 €/KG","img":"https://fd1-photos.leclercdrive.fr/image.ashx?id=1944640&use=l&cat=p&typeid=i","cat":297000},{"id":62745,"n":"Palmiers bio Bio Village  Fromage - 100g","p":2.25,"u":"22,50 €/KG","img":"https://fd1-photos.leclercdrive.fr/image.ashx?id=2301574&use=l&cat=p&typeid=i","cat":297000},{"id":62753,"n":"Noix de cajou Bio Village  Bio Grillées - 100g","p":2.1,"u":"21,00 €/KG","img":"https://fd1-photos.leclercdrive.fr/image.ashx?id=2664590&use=l&cat=p&typeid=i","cat":284448},{"id":62784,"n":"Batavia x2","p":2.2,"u":"1,10 €/P","img":"https://fd1-photos.leclercdrive.fr/image.ashx?id=1100194&use=l&cat=p&typeid=i","cat":284352},{"id":62858,"n":"Biscuit Nature GERBLE  sans sucres ajoutés - 132g","p":1.79,"u":"13,56 €/KG","img":"https://fd1-photos.leclercdrive.fr/image.ashx?id=2662835&use=l&cat=p&typeid=i","cat":318653},{"id":62875,"n":"Confiture fraise Gerblé Sans sucres ajoutés - 320g","p":1.99,"u":"6,22 €/KG","img":"https://fd1-photos.leclercdrive.fr/image.ashx?id=2676678&use=l&cat=p&typeid=i","cat":318653},{"id":62981,"n":"Beurre de baratte fermier 80%MG Gaec de Kervannes 1/2 sel 250g","p":4.06,"u":"16,24 €/KG","img":"https://fd1-photos.leclercdrive.fr/image.ashx?id=2457323&use=l&cat=p&typeid=i","cat":284379},{"id":62982,"n":"Beurre de baratte fermier 80%MG Gaec de Kervannes 1/2 sel 125g","p":2.52,"u":"20,16 €/KG","img":"https://fd1-photos.leclercdrive.fr/image.ashx?id=2457320&use=l&cat=p&typeid=i","cat":284379},{"id":62984,"n":"Lait entier pasteurisé  Gaec de Kervannes - 1L","p":1.5,"u":"1,50 €/L","img":"https://fd1-photos.leclercdrive.fr/image.ashx?id=2457317&use=l&cat=p&typeid=i","cat":285610},{"id":63009,"n":"Sardine entière Pêche Océan Nature - 95g","p":1.37,"u":"14,42 €/KG","img":"https://fd1-photos.leclercdrive.fr/image.ashx?id=2692964&use=l&cat=p&typeid=i","cat":305146},{"id":63187,"n":"Préparation pour panna cotta  Bridélice UHT - 50cl","p":2.83,"u":"5,66 €/L","img":"https://fd1-photos.leclercdrive.fr/image.ashx?id=2639477&use=l&cat=p&typeid=i","cat":284382},{"id":63248,"n":"Biscuits fourrés Prince Maxi Chocolat - 2X250g","p":3.32,"u":"6,64 €/KG","img":"https://fd1-photos.leclercdrive.fr/image.ashx?id=2347308&use=l&cat=p&typeid=i","cat":284488},{"id":63284,"n":"AOP Champagne Canard Duchêne Charles VII Brut - 75cl","p":29.5,"pp":26.55,"u":"35,40 €/L","img":"https://fd1-photos.leclercdrive.fr/image.ashx?id=2174390&use=l&cat=p&typeid=i","cat":284542},{"id":63287,"n":"AOP Crémant de Bordeaux Malesan brut - 75cl","p":6.9,"pp":4.55,"u":"6,07 €/L","img":"https://fd1-photos.leclercdrive.fr/image.ashx?id=2497193&use=l&cat=p&typeid=i","cat":284545},{"id":63304,"n":"Pizza Crust Sodebo Classic Jambon Emmental - 600g","p":4.85,"u":"8,08 €/KG","img":"https://fd1-photos.leclercdrive.fr/image.ashx?id=3008254&use=l&cat=p&typeid=i","cat":333679},{"id":63306,"n":"Pizza Crust Sodebo Buffalo boeuf poivrons - 600g","p":5.05,"u":"8,42 €/KG","img":"https://fd1-photos.leclercdrive.fr/image.ashx?id=3011197&use=l&cat=p&typeid=i","cat":333679},{"id":63320,"n":"Rhum Vieux Agricole AOC  Martinique 40%vol - 70cl","p":22.78,"u":"32,54 €/L","img":"https://fd1-photos.leclercdrive.fr/image.ashx?id=2731075&use=l&cat=p&typeid=i","cat":284550},{"id":63501,"n":"Fromage de brebis Bio Vrai Lait brebis 50%mg - 100g","p":1.61,"img":"https://fd1-photos.leclercdrive.fr/image.ashx?id=2438699&use=l&cat=p&typeid=i","cat":314031},{"id":63503,"n":"Fromage Pavé d'Affinois Mini Mix 3 variétés - 160g","p":2.81,"u":"17,56 €/KG","img":"https://fd1-photos.leclercdrive.fr/image.ashx?id=3002066&use=l&cat=p&typeid=i","cat":314030},{"id":63512,"n":"Yaourt brebis Bio Bio Village Lit myrtille - 2x125g","p":1.93,"u":"7,72 €/KG","img":"https://fd1-photos.leclercdrive.fr/image.ashx?id=2841977&use=l&cat=p&typeid=i","cat":284410},{"id":63520,"n":"Pizza crust Sodebo Cheesy 4 fromages - 580g","p":4.82,"u":"8,31 €/KG","img":"https://fd1-photos.leclercdrive.fr/image.ashx?id=2912098&use=l&cat=p&typeid=i","cat":333679},{"id":63521,"n":"Penne au saumon Marie Crème d'épinard - 280g","p":2.53,"u":"9,04 €/KG","img":"https://fd1-photos.leclercdrive.fr/image.ashx?id=2317519&use=l&cat=p&typeid=i","cat":333665},{"id":63523,"n":"Crousty chicken Le Gaulois Long filet - 400g","p":4.67,"u":"11,68 €/KG","img":"https://fd1-photos.leclercdrive.fr/image.ashx?id=2968214&use=l&cat=p&typeid=i","cat":333684},{"id":63636,"n":"Tartinade d'olives & tomates Sud & Sol - 150g","p":2.65,"u":"17,67 €/KG","img":"https://fd1-photos.leclercdrive.fr/image.ashx?id=2937313&use=l&cat=p&typeid=i","cat":315999},{"id":63674,"n":"3 poivres Ducros Moulin - 34g","p":2.63,"u":"77,35 €/KG","img":"https://fd1-photos.leclercdrive.fr/image.ashx?id=2559460&use=l&cat=p&typeid=i","cat":284457},{"id":63676,"n":"Poivre blanc moulu Ducros 36g","p":2.5,"u":"69,44 €/KG","img":"https://fd1-photos.leclercdrive.fr/image.ashx?id=2203745&use=l&cat=p&typeid=i","cat":284457},{"id":63685,"n":"4 épices moulues Ducros 37g","p":1.49,"u":"40,27 €/KG","img":"https://fd1-photos.leclercdrive.fr/image.ashx?id=2983213&use=l&cat=p&typeid=i","cat":298297},{"id":63708,"n":"Jus multifruits Joker   Fruits et légumes  - 1L","p":2.09,"u":"2,09 €/L","img":"https://fd1-photos.leclercdrive.fr/image.ashx?id=2731180&use=l&cat=p&typeid=i","cat":284917},{"id":63712,"n":"AOC Martinique Rhum blanc  Agricole HSE 40° - 1L","p":15.36,"u":"15,36 €/L","img":"https://fd1-photos.leclercdrive.fr/image.ashx?id=2902019&use=l&cat=p&typeid=i","cat":284550},{"id":63716,"n":"AOC Martinique Rhum blanc Agricole HSE 55° - 1L","p":19.77,"u":"19,77 €/L","img":"https://fd1-photos.leclercdrive.fr/image.ashx?id=2021451&use=l&cat=p&typeid=i","cat":284550},{"id":63718,"n":"Rhum Vieux agricole HSE 40° - 70cl","p":23.66,"u":"33,80 €/L","img":"https://fd1-photos.leclercdrive.fr/image.ashx?id=2475753&use=l&cat=p&typeid=i","cat":284550},{"id":63722,"n":"Liqueur Herbes Jagermeister 35° - 70cl","p":18.43,"u":"26,33 €/L","img":"https://fd1-photos.leclercdrive.fr/image.ashx?id=2474740&use=l&cat=p&typeid=i","cat":286032},{"id":63756,"n":"Pur jus Tropicana Orange Pure Premium Avec pulpe - 1L","p":2.52,"u":"2,52 €/L","img":"https://fd1-photos.leclercdrive.fr/image.ashx?id=2605668&use=l&cat=p&typeid=i","cat":284521},{"id":63759,"n":"Pur Jus Jafaden Mutlifruits - 2L","p":2.75,"u":"1,38 €/L","img":"https://fd1-photos.leclercdrive.fr/image.ashx?id=2762955&use=l&cat=p&typeid=i","cat":284917},{"id":63762,"n":"Boisson aux fruits Oasis Tropical - 6x33cl","p":3.51,"u":"1,77 €/L","img":"https://fd1-photos.leclercdrive.fr/image.ashx?id=2900812&use=l&cat=p&typeid=i","cat":295018},{"id":63765,"n":"Boisson aux fruits Oasis Orange - 6x33cl","p":3.96,"u":"2,00 €/L","img":"https://fd1-photos.leclercdrive.fr/image.ashx?id=2681718&use=l&cat=p&typeid=i","cat":295018},{"id":63768,"n":"Boisson aux fruits Oasis Pomme Cassis Framboise - 6x33cl","p":3.6,"u":"1,82 €/L","img":"https://fd1-photos.leclercdrive.fr/image.ashx?id=3014449&use=l&cat=p&typeid=i","cat":295018},{"id":63794,"n":"Soda Schweppes Saveur Citron - 6x33cl","p":3.54,"u":"1,79 €/L","img":"https://fd1-photos.leclercdrive.fr/image.ashx?id=2852743&use=l&cat=p&typeid=i","cat":284532},{"id":63795,"n":"Soda Schweppes Indian Tonic - 6x33cl","p":3.65,"u":"1,84 €/L","img":"https://fd1-photos.leclercdrive.fr/image.ashx?id=2852423&use=l&cat=p&typeid=i","cat":284531},{"id":63797,"n":"Soda Schweppes Saveur Agrumes - 6x33cl","p":3.3,"u":"1,67 €/L","img":"https://fd1-photos.leclercdrive.fr/image.ashx?id=2852737&use=l&cat=p&typeid=i","cat":284532},{"id":63798,"n":"Soda Schweppes Saveur Agrumes Zero - 6x33cl","p":3.08,"u":"1,56 €/L","img":"https://fd1-photos.leclercdrive.fr/image.ashx?id=2852740&use=l&cat=p&typeid=i","cat":284532},{"id":63824,"n":"Soda Coca-Cola Zéro Sans caféine - 1.25L","p":1.52,"u":"1,22 €/L","img":"https://fd1-photos.leclercdrive.fr/image.ashx?id=3009059&use=l&cat=p&typeid=i","cat":284530},{"id":63828,"n":"Concentré à diluer Pulco Citron Vert Menthe - 70cl","p":2.68,"u":"3,83 €/L","img":"https://fd1-photos.leclercdrive.fr/image.ashx?id=2687791&use=l&cat=p&typeid=i","cat":295020},{"id":63837,"n":"Champignons Eco+ Pieds et morceaux - 230g","p":0.82,"u":"3,57 €/KG","img":"https://fd1-photos.leclercdrive.fr/image.ashx?id=3014335&use=l&cat=p&typeid=i","cat":312610},{"id":63904,"n":"Chocolat noir fleur de sel bio Grain de Sail -tablette 100g","p":2.89,"u":"28,90 €/KG","img":"https://fd1-photos.leclercdrive.fr/image.ashx?id=2400373&use=l&cat=p&typeid=i","cat":284956},{"id":63905,"n":"Chocolat noir 75% cacao bio Grain de Sail -tablette 100g","p":2.95,"u":"29,50 €/KG","img":"https://fd1-photos.leclercdrive.fr/image.ashx?id=2400361&use=l&cat=p&typeid=i","cat":284956},{"id":63906,"n":"Tablette chocolat Grain de Sail bio Chocolat noir sésame 100g","p":2.89,"u":"28,90 €/KG","img":"https://fd1-photos.leclercdrive.fr/image.ashx?id=2666201&use=l&cat=p&typeid=i","cat":284956},{"id":63907,"n":"Chocolat noir noisettes bio Grain de Sail -tablette 100g","p":2.95,"u":"29,50 €/KG","img":"https://fd1-photos.leclercdrive.fr/image.ashx?id=2399294&use=l&cat=p&typeid=i","cat":284956},{"id":63908,"n":"Chocolat noir 62% cacao bio Grain de Sail -tablette 100g","p":3.29,"u":"32,90 €/KG","img":"https://fd1-photos.leclercdrive.fr/image.ashx?id=2400358&use=l&cat=p&typeid=i","cat":284956},{"id":63909,"n":"Chocolat au lait intense bio Grain de Sail -tablette 100g","p":3.03,"u":"30,30 €/KG","img":"https://fd1-photos.leclercdrive.fr/image.ashx?id=2399291&use=l&cat=p&typeid=i","cat":284497},{"id":63910,"n":"Chocolat lait fleur de sel bio Grain de Sail -tablette - 100g","p":2.99,"u":"29,90 €/KG","img":"https://fd1-photos.leclercdrive.fr/image.ashx?id=2399288&use=l&cat=p&typeid=i","cat":284497},{"id":63911,"n":"Chocolat caramel fl.de sel bio Grain de Sail -tablette 100g","p":2.9,"u":"29,00 €/KG","img":"https://fd1-photos.leclercdrive.fr/image.ashx?id=2400367&use=l&cat=p&typeid=i","cat":284497},{"id":63912,"n":"Chocolat lait et cafél bio Grain de Sail -tablette 100g","p":2.94,"u":"29,40 €/KG","img":"https://fd1-photos.leclercdrive.fr/image.ashx?id=2400364&use=l&cat=p&typeid=i","cat":284497},{"id":63913,"n":"Chocolat lait coco bio Grain de Sail -tablette 100g","p":2.94,"u":"29,40 €/KG","img":"https://fd1-photos.leclercdrive.fr/image.ashx?id=2400370&use=l&cat=p&typeid=i","cat":284497},{"id":63914,"n":"Café moulu Coïc Colombie Bio - 250g","p":5.7,"u":"22,80 €/KG","img":"https://fd1-photos.leclercdrive.fr/image.ashx?id=2768201&use=l&cat=p&typeid=i","cat":284750},{"id":63915,"n":"Café moulu Coïc Décaféiné Bio - 250g","p":6.62,"u":"26,48 €/KG","img":"https://fd1-photos.leclercdrive.fr/image.ashx?id=2505181&use=l&cat=p&typeid=i","cat":284750},{"id":63916,"n":"Café moulu Coïc Mexique Bio - 250g","p":5.72,"u":"22,88 €/KG","img":"https://fd1-photos.leclercdrive.fr/image.ashx?id=2600704&use=l&cat=p&typeid=i","cat":284750},{"id":63918,"n":"Pomme & reinette Breizh'Pom Gourdes - 12x90g","p":5.05,"u":"4,68 €/KG","img":"https://fd1-photos.leclercdrive.fr/image.ashx?id=2908144&use=l&cat=p&typeid=i","cat":284508},{"id":63919,"n":"Compote Breizh'Pom Reinette d'Armorique - 16x100g","p":5.5,"u":"3,44 €/KG","img":"https://fd1-photos.leclercdrive.fr/image.ashx?id=2654330&use=l&cat=p&typeid=i","cat":284508},{"id":63927,"n":"Sardines à l'huile d'olive  Les Mouettes d'Arvor - 115g","p":2.83,"u":"24,61 €/KG","img":"https://fd1-photos.leclercdrive.fr/image.ashx?id=1892279&use=l&cat=p&typeid=i","cat":305146},{"id":63971,"n":"Escalope cordon bleu Père dodu Poulet x4 - 400g - Familial","p":4.09,"u":"10,23 €/KG","img":"https://fd1-photos.leclercdrive.fr/image.ashx?id=2957173&use=l&cat=p&typeid=i","cat":333683},{"id":63973,"n":"Cordon Bleu Père Dodu  Poulet x8 - 800g - Maxi Format","p":7.49,"u":"9,36 €/KG","img":"https://fd1-photos.leclercdrive.fr/image.ashx?id=2957176&use=l&cat=p&typeid=i","cat":333683},{"id":63993,"n":"Crème glacée Eskiss  Douceur de vanille - 500g","p":3.89,"u":"7,78 €/KG","img":"https://fd1-photos.leclercdrive.fr/image.ashx?id=2982634&use=l&cat=p&typeid=i","cat":284263},{"id":64050,"n":"Bière blonde IPA Castelain Fleur de houblon - 6.5° - 75cl","p":4.3,"u":"5,73 €/L","img":"https://fd1-photos.leclercdrive.fr/image.ashx?id=2868957&use=l&cat=p&typeid=i","cat":334872},{"id":64057,"n":"Bière Desperados Red 12x33cl","p":16.05,"u":"4,05 €/L","img":"https://fd1-photos.leclercdrive.fr/image.ashx?id=2651074&use=l&cat=p&typeid=i","cat":334878},{"id":64108,"n":"Fromage à Tartiner Carré Frais  Nature 8 Portions - 200g","p":2.16,"u":"10,80 €/KG","img":"https://fd1-photos.leclercdrive.fr/image.ashx?id=2452209&use=l&cat=p&typeid=i","cat":314029},{"id":64109,"n":"Fromage blanc Délisse 3.2%mg 12x100g","p":2.69,"u":"2,24 €/KG","img":"https://fd1-photos.leclercdrive.fr/image.ashx?id=3012848&use=l&cat=p&typeid=i","cat":284409},{"id":64132,"n":"Baume hydratant Cicabiafine 400 ml","p":16.99,"u":"42,48 €/L","img":"https://fd1-photos.leclercdrive.fr/image.ashx?id=2993418&use=l&cat=p&typeid=i","cat":290421},{"id":64133,"n":"Crème hydratante Cicabiafine 200 ml","p":13.65,"u":"68,25 €/L","img":"https://fd1-photos.leclercdrive.fr/image.ashx?id=2997034&use=l&cat=p&typeid=i","cat":290421},{"id":64135,"n":"Lait hydratant Cicabiafine 400 ml","p":14.97,"u":"37,43 €/L","img":"https://fd1-photos.leclercdrive.fr/image.ashx?id=2993424&use=l&cat=p&typeid=i","cat":290421},{"id":64140,"n":"Crème mains Cicabiafine Réparation intense - 2x75 ml","p":9.89,"u":"65,93 €/L","img":"https://fd1-photos.leclercdrive.fr/image.ashx?id=2971128&use=l&cat=p&typeid=i","cat":290424},{"id":64141,"n":"Crème mains Neutrogena Absorption rapide - 2x75 ml","p":8.99,"u":"59,93 €/L","img":"https://fd1-photos.leclercdrive.fr/image.ashx?id=2023002&use=l&cat=p&typeid=i","cat":290424},{"id":64143,"n":"Crème pieds Neutrogena Pieds secs et abimés - 150 ml","p":9.89,"u":"65,93 €/L","img":"https://fd1-photos.leclercdrive.fr/image.ashx?id=2750033&use=l&cat=p&typeid=i","cat":290424},{"id":64148,"n":"Pansements ampoules Compeed x5","p":6.3,"u":"1,26 €/P","img":"https://fd1-photos.leclercdrive.fr/image.ashx?id=2022996&use=l&cat=p&typeid=i","cat":291163},{"id":64149,"n":"Pansements ampoules Compeed Format moyen - x5","p":6.49,"u":"1,30 €/P","img":"https://fd1-photos.leclercdrive.fr/image.ashx?id=2432794&use=l&cat=p&typeid=i","cat":290424},{"id":64161,"n":"Nettoyant Lipikar Syndet AP  La Roche Posay - 400 ml","p":13.48,"u":"33,70 €/L","img":"https://fd1-photos.leclercdrive.fr/image.ashx?id=2404779&use=l&cat=p&typeid=i","cat":301591},{"id":64164,"n":"Déodorant bille Vichy Anti-transpirant x2","p":14.39,"u":"143,90 €/L","img":"https://fd1-photos.leclercdrive.fr/image.ashx?id=1971638&use=l&cat=p&typeid=i","cat":301593},{"id":64165,"n":"Déodorant bille intensif Vichy Anti-transpirant 2x50ml","p":14.99,"u":"149,90 €/L","img":"https://fd1-photos.leclercdrive.fr/image.ashx?id=1971467&use=l&cat=p&typeid=i","cat":301593},{"id":64167,"n":"Déodorant Bille Vichy Contrôle extrême - 2x50ml","p":14.4,"u":"144,00 €/L","img":"https://fd1-photos.leclercdrive.fr/image.ashx?id=2087325&use=l&cat=p&typeid=i","cat":301593},{"id":64170,"n":"Surimi Petits Coraya Sauce mayonnaise  x21 - 210g","p":2.22,"u":"10,57 €/KG","img":"https://fd1-photos.leclercdrive.fr/image.ashx?id=2968880&use=l&cat=p&typeid=i","cat":285189},{"id":64174,"n":"Déodorant Physio La Roche Posay Aérosol - 24H - 2x150 ml","p":14.99,"u":"49,97 €/L","img":"https://fd1-photos.leclercdrive.fr/image.ashx?id=2087331&use=l&cat=p&typeid=i","cat":301593},{"id":64175,"n":"Déodorant aérosol Vichy Anti-transpirant - 2x125 ml","p":14.99,"u":"59,96 €/L","img":"https://fd1-photos.leclercdrive.fr/image.ashx?id=2148167&use=l&cat=p&typeid=i","cat":301593},{"id":64176,"n":"Toleriane La Roche Posay Dermo nettoyant - 400 ml","p":12.7,"u":"31,75 €/L","img":"https://fd1-photos.leclercdrive.fr/image.ashx?id=2864531&use=l&cat=p&typeid=i","cat":301587},{"id":64177,"n":"Eau micellaire La Roche Posay 400 ml","p":10.99,"u":"27,48 €/L","img":"https://fd1-photos.leclercdrive.fr/image.ashx?id=2863154&use=l&cat=p&typeid=i","cat":301587},{"id":64178,"n":"Gel moussant La Roche-Posay Purifiant - 400ml","p":12.85,"u":"32,13 €/L","img":"https://fd1-photos.leclercdrive.fr/image.ashx?id=2850557&use=l&cat=p&typeid=i","cat":301587},{"id":64179,"n":"Démaquillant 3en1 Vichy Pureté thermale - 300 ml","p":9.05,"u":"30,17 €/L","img":"https://fd1-photos.leclercdrive.fr/image.ashx?id=1971455&use=l&cat=p&typeid=i","cat":301587},{"id":64181,"n":"Respectissime La Rose Posay Démaquillant yeux waterp. 125ml","p":15.26,"u":"122,08 €/L","img":"https://fd1-photos.leclercdrive.fr/image.ashx?id=2863160&use=l&cat=p&typeid=i","cat":301587},{"id":64187,"n":"Capital soleil lait SPF50 Vichy 300 ml","p":15.7,"u":"52,33 €/L","img":"https://fd1-photos.leclercdrive.fr/image.ashx?id=1975616&use=l&cat=p&typeid=i","cat":290396},{"id":64194,"n":"Capital Soleil Vichy Lait après-soleil 300 ml","p":11.9,"u":"39,67 €/L","img":"https://fd1-photos.leclercdrive.fr/image.ashx?id=1971461&use=l&cat=p&typeid=i","cat":290394},{"id":64195,"n":"Eau thermale La Roche Posay Peaux sensibles - 300 ml","p":7.9,"u":"26,33 €/L","img":"https://fd1-photos.leclercdrive.fr/image.ashx?id=1971623&use=l&cat=p&typeid=i","cat":301247},{"id":64197,"n":"Détranspirant Etiaxil Peaux normales  -15 ml","p":8.5,"u":"566,67 €/L","img":"https://fd1-photos.leclercdrive.fr/image.ashx?id=2189522&use=l&cat=p&typeid=i","cat":301593},{"id":64199,"n":"Hydralin Gyn Soin intime 200 ml","p":6.99,"u":"34,95 €/L","img":"https://fd1-photos.leclercdrive.fr/image.ashx?id=2959082&use=l&cat=p&typeid=i","cat":301348},{"id":64200,"n":"Hydralin apaisa Soin intime 400 ml","p":9.9,"u":"24,75 €/L","img":"https://fd1-photos.leclercdrive.fr/image.ashx?id=2905730&use=l&cat=p&typeid=i","cat":301348},{"id":64201,"n":"Berocca Boost effervescent 30 comprimés","p":19.7,"u":"0,66 €/P","img":"https://fd1-photos.leclercdrive.fr/image.ashx?id=2861641&use=l&cat=p&typeid=i","cat":301264},{"id":64205,"n":"Dentifrice pâte Parodontax Protection gencives - 2x75ml","p":7.65,"img":"https://fd1-photos.leclercdrive.fr/image.ashx?id=2537078&use=l&cat=p&typeid=i","cat":290419},{"id":64218,"n":"Surgras liquide Uriage 1 L","p":9.99,"u":"9,99 €/L","img":"https://fd1-photos.leclercdrive.fr/image.ashx?id=1955894&use=l&cat=p&typeid=i","cat":301591},{"id":64225,"n":"Eau thermale Uriage 300 ml","p":4.99,"u":"16,63 €/L","img":"https://fd1-photos.leclercdrive.fr/image.ashx?id=2944855&use=l&cat=p&typeid=i","cat":301247},{"id":64229,"n":"Soin lavant intime Saforelle 2x500 ml - 30%/2ième produit","p":16.83,"u":"16,83 €/L","img":"https://fd1-photos.leclercdrive.fr/image.ashx?id=2022033&use=l&cat=p&typeid=i","cat":301348},{"id":64232,"n":"Lait corps Topicrem Ultra hydratant - 2x500 ml","p":20.91,"u":"20,91 €/L","img":"https://fd1-photos.leclercdrive.fr/image.ashx?id=2687023&use=l&cat=p&typeid=i","cat":290421},{"id":64233,"n":"Gelules cheveux+ongles Forcapil 3 mois - 180 gel. + 60 offertes","p":23.9,"img":"https://fd1-photos.leclercdrive.fr/image.ashx?id=2881918&use=l&cat=p&typeid=i","cat":301266},{"id":64235,"n":"Tétine en silicone MAM x2 Débit X - Dès 6 mois","p":5.29,"u":"2,65 €/P","img":"https://fd1-photos.leclercdrive.fr/image.ashx?id=2025407&use=l&cat=p&typeid=i","cat":290386},{"id":64236,"n":"Tétine en silicone MAM x2 Débit 3 - dès 4 mois","p":5.29,"u":"2,65 €/P","img":"https://fd1-photos.leclercdrive.fr/image.ashx?id=2025404&use=l&cat=p&typeid=i","cat":290386},{"id":64237,"n":"Tétine en silicone MAM x2 Débit 2 - dès 2 mois","p":5.29,"u":"2,65 €/P","img":"https://fd1-photos.leclercdrive.fr/image.ashx?id=2025401&use=l&cat=p&typeid=i","cat":290386},{"id":64238,"n":"Tétine x2 silicone MAM Débit 1 - dès la naissance","p":5.29,"u":"2,65 €/P","img":"https://fd1-photos.leclercdrive.fr/image.ashx?id=2025398&use=l&cat=p&typeid=i","cat":290386},{"id":64248,"n":"Nettoyant doux Abcderm Bioderma 1 L","p":10.69,"u":"10,69 €/L","img":"https://fd1-photos.leclercdrive.fr/image.ashx?id=2956403&use=l&cat=p&typeid=i","cat":290425},{"id":64278,"n":"Matière grasse St Hubert 41 Demi-sel - 38%MG - 500g","p":3.7,"u":"7,40 €/KG","img":"https://fd1-photos.leclercdrive.fr/image.ashx?id=2734150&use=l&cat=p&typeid=i","cat":315229},{"id":64285,"n":"Huile d'amande douce Natessance Soin Bébé - 100 ml","p":4.9,"u":"49,00 €/L","img":"https://fd1-photos.leclercdrive.fr/image.ashx?id=2009726&use=l&cat=p&typeid=i","cat":290425},{"id":64287,"n":"Shampooing Natessance A l'huile de ricin  - 500 ml","p":7.4,"u":"14,80 €/L","img":"https://fd1-photos.leclercdrive.fr/image.ashx?id=2761387&use=l&cat=p&typeid=i","cat":290400},{"id":64292,"n":"Rêve de miel visage corps Nuxe Gel lavant surgras - 400ml","p":11.99,"u":"29,98 €/L","img":"https://fd1-photos.leclercdrive.fr/image.ashx?id=2651453&use=l&cat=p&typeid=i","cat":301591},{"id":64295,"n":"Prodigieux huile douche Nuxe  Parfumée - 200ml","p":7.08,"u":"35,40 €/L","img":"https://fd1-photos.leclercdrive.fr/image.ashx?id=2651477&use=l&cat=p&typeid=i","cat":301591},{"id":64300,"n":"Huile prodigieuse Nuxe  Visage, corps, cheveux - 100ml","p":22.3,"u":"223,00 €/L","img":"https://fd1-photos.leclercdrive.fr/image.ashx?id=2651483&use=l&cat=p&typeid=i","cat":290422},{"id":64306,"n":"Crème solaire visage corps Nuxe  Lait délicieux SPF30 - 150ml","p":17.9,"u":"119,33 €/L","img":"https://fd1-photos.leclercdrive.fr/image.ashx?id=2651474&use=l&cat=p&typeid=i","cat":290396},{"id":64307,"n":"Huile solaire visage corps Nuxe  Huile bronzante SPF30 - 150ml","p":18.8,"u":"125,33 €/L","img":"https://fd1-photos.leclercdrive.fr/image.ashx?id=2550550&use=l&cat=p&typeid=i","cat":290395},{"id":64308,"n":"Après-soleil visage corps Nuxe  Lait fraîcheur - 200ml","p":11.18,"u":"55,90 €/L","img":"https://fd1-photos.leclercdrive.fr/image.ashx?id=2651468&use=l&cat=p&typeid=i","cat":290394},{"id":64318,"n":"Talc douceur poudreur  100g","p":2.99,"u":"29,90 €/KG","img":"https://fd1-photos.leclercdrive.fr/image.ashx?id=2057188&use=l&cat=p&typeid=i","cat":290387},{"id":64321,"n":"Serum physiologique Physiodose 40 x 5ml","p":2.39,"u":"11,95 €/L","img":"https://fd1-photos.leclercdrive.fr/image.ashx?id=2057197&use=l&cat=p&typeid=i","cat":290385},{"id":64333,"n":"Gel hydratant Puraloe 250 ml","p":10.99,"u":"43,96 €/L","img":"https://fd1-photos.leclercdrive.fr/image.ashx?id=2118324&use=l&cat=p&typeid=i","cat":291171},{"id":64362,"n":"Démaquillant yeux Avene 125 ml","p":12.55,"u":"100,40 €/L","img":"https://fd1-photos.leclercdrive.fr/image.ashx?id=2985141&use=l&cat=p&typeid=i","cat":301587},{"id":64381,"n":"Eau thermale Avène 300 ml","p":7.9,"u":"26,33 €/L","img":"https://fd1-photos.leclercdrive.fr/image.ashx?id=2788619&use=l&cat=p&typeid=i","cat":301247},{"id":64382,"n":"Brosse à dents Inava Souple 20/100","p":4.49,"img":"https://fd1-photos.leclercdrive.fr/image.ashx?id=2857470&use=l&cat=p&typeid=i","cat":290417},{"id":64383,"n":"Brosse à dents Inava Chirurgicale 15/100","p":4.49,"img":"https://fd1-photos.leclercdrive.fr/image.ashx?id=2373612&use=l&cat=p&typeid=i","cat":290417},{"id":64384,"n":"Brosse à dents Inava Sensibilité","p":4.35,"img":"https://fd1-photos.leclercdrive.fr/image.ashx?id=2446089&use=l&cat=p&typeid=i","cat":290417},{"id":64388,"n":"Brosse à dents junior Inava 7/12 ans","p":3.49,"img":"https://fd1-photos.leclercdrive.fr/image.ashx?id=2373576&use=l&cat=p&typeid=i","cat":290417},{"id":64390,"n":"Brosse à dents kids Inava 2/6 ans - 1 pièce","p":3.55,"img":"https://fd1-photos.leclercdrive.fr/image.ashx?id=2377694&use=l&cat=p&typeid=i","cat":290418},{"id":64401,"n":"Spray assainissant Puressentiel 41 huiles essentielles - 200 ml","p":15.0,"u":"75,00 €/L","img":"https://fd1-photos.leclercdrive.fr/image.ashx?id=2988517&use=l&cat=p&typeid=i","cat":298633},{"id":64414,"n":"Bain de bouche Botot 150 ml","p":9.45,"u":"63,00 €/L","img":"https://fd1-photos.leclercdrive.fr/image.ashx?id=2378570&use=l&cat=p&typeid=i","cat":290416},{"id":64419,"n":"Crème change Weleda Soin bébé - 75 ml","p":6.49,"u":"86,53 €/L","img":"https://fd1-photos.leclercdrive.fr/image.ashx?id=2446977&use=l&cat=p&typeid=i","cat":290387},{"id":64420,"n":"Crème au calendula Weleda visage + corps - 75 ml","p":7.31,"u":"97,47 €/L","img":"https://fd1-photos.leclercdrive.fr/image.ashx?id=2505633&use=l&cat=p&typeid=i","cat":290421},{"id":64423,"n":"Savon végétal Weleda Au calendula - 100g","p":3.99,"u":"39,90 €/KG","img":"https://fd1-photos.leclercdrive.fr/image.ashx?id=2944849&use=l&cat=p&typeid=i","cat":301591},{"id":64666,"n":"Gâteaux moelleux Kinder Délice Coeur lait enrobé Cacao - x10","p":3.33,"u":"8,54 €/KG","img":"https://fd1-photos.leclercdrive.fr/image.ashx?id=2832476&use=l&cat=p&typeid=i","cat":284495},{"id":64670,"n":"Cacahuètes Benenuts Grillées à sec - 3x100g","p":2.85,"u":"9,50 €/KG","img":"https://fd1-photos.leclercdrive.fr/image.ashx?id=2387522&use=l&cat=p&typeid=i","cat":284448},{"id":64672,"n":"Cacahuètes  Benenuts Grillées à sec - 120g","p":1.09,"u":"9,08 €/KG","img":"https://fd1-photos.leclercdrive.fr/image.ashx?id=2397857&use=l&cat=p&typeid=i","cat":284448},{"id":64680,"n":"Soupe liquide Liebig Potiron Kiri Brique - 2x30cl","p":2.07,"u":"3,45 €/L","img":"https://fd1-photos.leclercdrive.fr/image.ashx?id=2892136&use=l&cat=p&typeid=i","cat":284462},{"id":64684,"n":"Soupe liquide brique Liebig  Légumes façon Poêlée - 2x30cl","p":2.07,"u":"3,45 €/L","img":"https://fd1-photos.leclercdrive.fr/image.ashx?id=2598073&use=l&cat=p&typeid=i","cat":284462},{"id":64685,"n":"Soupe liquide Liebig  Potiron - 2x30cl","p":1.91,"u":"3,18 €/L","img":"https://fd1-photos.leclercdrive.fr/image.ashx?id=2369915&use=l&cat=p&typeid=i","cat":284462},{"id":64686,"n":"Soupe liquide brique Liebig  Velouté légumes soleil - 2x30cl","p":1.72,"u":"2,87 €/L","img":"https://fd1-photos.leclercdrive.fr/image.ashx?id=2203382&use=l&cat=p&typeid=i","cat":284462},{"id":64692,"n":"Chocolat Pâtissier Nestlé Dessert - Noir corsé - 200g","p":3.19,"u":"15,95 €/KG","img":"https://fd1-photos.leclercdrive.fr/image.ashx?id=2889895&use=l&cat=p&typeid=i","cat":285562},{"id":64889,"n":"Végétal Nuggets Garden Gourmet Soja et Blé 200g","p":2.08,"u":"10,40 €/KG","img":"https://fd1-photos.leclercdrive.fr/image.ashx?id=2963967&use=l&cat=p&typeid=i","cat":316036},{"id":64890,"n":"Bouchée Grillée Garden Gourmet Soja et Blé 175g","p":2.88,"u":"16,46 €/KG","img":"https://fd1-photos.leclercdrive.fr/image.ashx?id=2971392&use=l&cat=p&typeid=i","cat":316036},{"id":64929,"n":"Collants Body Touch Dim Voile noir - Taille 1","p":6.95,"img":"https://fd1-photos.leclercdrive.fr/image.ashx?id=2862077&use=l&cat=p&typeid=i","cat":334130},{"id":64934,"n":"Collants Body Touch Dim Voile noir - Taille 2","p":6.95,"img":"https://fd1-photos.leclercdrive.fr/image.ashx?id=3008041&use=l&cat=p&typeid=i","cat":334130},{"id":64935,"n":"Collants Body Touch Dim Voile noir - Taille 3","p":6.95,"img":"https://fd1-photos.leclercdrive.fr/image.ashx?id=3008044&use=l&cat=p&typeid=i","cat":334130},{"id":64936,"n":"Collants Body Touch Dim Voile noir - Taille 4","p":6.95,"img":"https://fd1-photos.leclercdrive.fr/image.ashx?id=2876086&use=l&cat=p&typeid=i","cat":334130},{"id":64940,"n":"Collants Sublim brillant Dim Gazelle - Taille 1","p":5.35,"img":"https://fd1-photos.leclercdrive.fr/image.ashx?id=2018589&use=l&cat=p&typeid=i","cat":334130},{"id":64941,"n":"Collants Sublim brillant Dim Gazelle - Taille 2","p":5.35,"img":"https://fd1-photos.leclercdrive.fr/image.ashx?id=2183440&use=l&cat=p&typeid=i","cat":334130},{"id":64942,"n":"Colllants Sublim brillant Dim Gazelle - Taille 3","p":5.35,"img":"https://fd1-photos.leclercdrive.fr/image.ashx?id=2183443&use=l&cat=p&typeid=i","cat":334130},{"id":64943,"n":"Collants Sublim brillant Dim Gazelle - Taille 4","p":5.35,"img":"https://fd1-photos.leclercdrive.fr/image.ashx?id=2183446&use=l&cat=p&typeid=i","cat":334130},{"id":64946,"n":"Collants Diam's Dim Voile galbe Noir - Taille 1","p":6.2,"img":"https://fd1-photos.leclercdrive.fr/image.ashx?id=2497076&use=l&cat=p&typeid=i","cat":334130},{"id":64947,"n":"Collants Diam's Dim Voile galbe Noir - Taille 2","p":6.2,"img":"https://fd1-photos.leclercdrive.fr/image.ashx?id=2497079&use=l&cat=p&typeid=i","cat":334130},{"id":64948,"n":"Collants Diam's Dim Voile galbe Noir - Taille 3","p":6.2,"img":"https://fd1-photos.leclercdrive.fr/image.ashx?id=2497082&use=l&cat=p&typeid=i","cat":334130},{"id":64949,"n":"Collants Diam's Dim Voile galbe Noir - Taille 4","p":6.2,"img":"https://fd1-photos.leclercdrive.fr/image.ashx?id=2534656&use=l&cat=p&typeid=i","cat":334130},{"id":64964,"n":"Eau minérale gazeuse Quezac 6x1.15L","p":2.81,"u":"0,41 €/L","img":"https://fd1-photos.leclercdrive.fr/image.ashx?id=2975341&use=l&cat=p&typeid=i","cat":284536},{"id":64980,"n":"Parmentier de canard  Maison Tino - 750g","p":8.95,"u":"11,93 €/KG","img":"https://fd1-photos.leclercdrive.fr/image.ashx?id=2554656&use=l&cat=p&typeid=i","cat":333666},{"id":64983,"n":"Parmentier de boeuf Maison Tino -  750g","p":9.7,"u":"12,93 €/KG","img":"https://fd1-photos.leclercdrive.fr/image.ashx?id=2554650&use=l&cat=p&typeid=i","cat":333666},{"id":64984,"n":"Lasagne de Boeuf  Maison Tino - 900g","p":9.17,"u":"10,19 €/KG","img":"https://fd1-photos.leclercdrive.fr/image.ashx?id=2681829&use=l&cat=p&typeid=i","cat":333666},{"id":64985,"n":"Galettes Maison Tino-Oignons Pommes de terre + lardons x4","p":5.2,"u":"11,82 €/KG","img":"https://fd1-photos.leclercdrive.fr/image.ashx?id=1793409&use=l&cat=p&typeid=i","cat":333671},{"id":65044,"n":"Biscuits petit déjeuner Belvita Miel & pépites chocolat - 435g","p":2.7,"u":"6,21 €/KG","img":"https://fd1-photos.leclercdrive.fr/image.ashx?id=2989441&use=l&cat=p&typeid=i","cat":284491},{"id":65061,"n":"Eau aromatisée Volvic zest  citron vert citron - 1,5L","p":1.1,"u":"0,73 €/L","img":"https://fd1-photos.leclercdrive.fr/image.ashx?id=2730259&use=l&cat=p&typeid=i","cat":284537},{"id":65251,"n":"Collants Diam's Dim Ventre plat Noir - Taille 1","p":9.85,"img":"https://fd1-photos.leclercdrive.fr/image.ashx?id=2636796&use=l&cat=p&typeid=i","cat":334130},{"id":65253,"n":"Collants Diam's Dim Ventre plat Noir - Taille 2","p":9.85,"img":"https://fd1-photos.leclercdrive.fr/image.ashx?id=2636799&use=l&cat=p&typeid=i","cat":334130},{"id":65255,"n":"Collants Diam's Dim Ventre plat Noir - Taille 3","p":9.85,"img":"https://fd1-photos.leclercdrive.fr/image.ashx?id=2636802&use=l&cat=p&typeid=i","cat":334130},{"id":65257,"n":"Collants Diam's Dim Ventre plat Noir - Taille 4","p":9.85,"img":"https://fd1-photos.leclercdrive.fr/image.ashx?id=2636808&use=l&cat=p&typeid=i","cat":334130},{"id":65292,"n":"Collants Well Elastivoile Affinant Ibiza T1","p":5.8,"img":"https://fd1-photos.leclercdrive.fr/image.ashx?id=2056455&use=l&cat=p&typeid=i","cat":334130},{"id":65293,"n":"Collants Well Elastivoile Affinant Ibiza  T2","p":5.8,"img":"https://fd1-photos.leclercdrive.fr/image.ashx?id=2056458&use=l&cat=p&typeid=i","cat":334130},{"id":65294,"n":"Collants Well Elastivoile Affinant Ibiza T3","p":5.8,"img":"https://fd1-photos.leclercdrive.fr/image.ashx?id=2056461&use=l&cat=p&typeid=i","cat":334130},{"id":65295,"n":"Collants Well Elastivoile Affinant Ibiza T4","p":5.8,"img":"https://fd1-photos.leclercdrive.fr/image.ashx?id=2056464&use=l&cat=p&typeid=i","cat":334130},{"id":65297,"n":"Collant Well Morphologie  Regular Opaque noir / -1m65","p":6.35,"img":"https://fd1-photos.leclercdrive.fr/image.ashx?id=2254736&use=l&cat=p&typeid=i","cat":334130},{"id":65299,"n":"Collants Well Morphologie Form Opaque noir / -1m65","p":6.35,"img":"https://fd1-photos.leclercdrive.fr/image.ashx?id=2193236&use=l&cat=p&typeid=i","cat":334130},{"id":65303,"n":"Collant Well Morphologie  Regular Opaque noir / +1m65","p":6.35,"img":"https://fd1-photos.leclercdrive.fr/image.ashx?id=2254739&use=l&cat=p&typeid=i","cat":334130},{"id":65304,"n":"Collant Well Morphologie Form Opaque noir / +1m65","p":6.35,"img":"https://fd1-photos.leclercdrive.fr/image.ashx?id=2193236&use=l&cat=p&typeid=i","cat":334130},{"id":65305,"n":"Collants Modacolors Le Bourget Opaque noir T1/2","p":5.95,"img":"https://fd1-photos.leclercdrive.fr/image.ashx?id=2056566&use=l&cat=p&typeid=i","cat":334130},{"id":65306,"n":"Collants Modacolors Le Bourget  Opaque noir T3/4","p":5.95,"img":"https://fd1-photos.leclercdrive.fr/image.ashx?id=2056569&use=l&cat=p&typeid=i","cat":334130},{"id":65307,"n":"Collants Modacolors Le Bourget Opaque noir T5/6","p":5.95,"img":"https://fd1-photos.leclercdrive.fr/image.ashx?id=2559526&use=l&cat=p&typeid=i","cat":334130},{"id":65308,"n":"Collants Modacolors Le Bourget Opaque Noir T7/8","p":5.95,"img":"https://fd1-photos.leclercdrive.fr/image.ashx?id=2056596&use=l&cat=p&typeid=i","cat":334130},{"id":65336,"n":"Café dosettes Tassimo L'Or Espresso Splendente x16","p":4.76,"u":"42,50 €/KG","img":"https://fd1-photos.leclercdrive.fr/image.ashx?id=2853404&use=l&cat=p&typeid=i","cat":293240},{"id":65337,"n":"Epices pour fajitas Old El Paso doux - 30g","p":1.22,"u":"40,67 €/KG","img":"https://fd1-photos.leclercdrive.fr/image.ashx?id=2737702&use=l&cat=p&typeid=i","cat":288993},{"id":65341,"n":"Bonbons LUTTI Koala Guimauve Chocolat - 185g","p":1.57,"u":"8,49 €/KG","img":"https://fd1-photos.leclercdrive.fr/image.ashx?id=2806147&use=l&cat=p&typeid=i","cat":304250},{"id":65342,"n":"Bonbons LUTTI Surffizz Piquants Fruits - 200g","p":1.17,"u":"5,85 €/KG","img":"https://fd1-photos.leclercdrive.fr/image.ashx?id=2806144&use=l&cat=p&typeid=i","cat":304250},{"id":65366,"n":"Bière blonde Affligem Pack 6.7% vol. - 20x25cl","p":15.28,"u":"3,06 €/L","img":"https://fd1-photos.leclercdrive.fr/image.ashx?id=2774274&use=l&cat=p&typeid=i","cat":334852},{"id":65424,"n":"Olives entières Croc Frais A la provençale - 550g","p":4.37,"u":"7,95 €/KG","img":"https://fd1-photos.leclercdrive.fr/image.ashx?id=2589425&use=l&cat=p&typeid=i","cat":316002},{"id":65426,"n":"Olives dénoyautées Croc Frais Méditerranéenne - 500g","p":4.03,"u":"8,06 €/KG","img":"https://fd1-photos.leclercdrive.fr/image.ashx?id=2589416&use=l&cat=p&typeid=i","cat":316002},{"id":65747,"n":"Sauce Tomate Sacla'Italia A la burrata - 190g","p":2.97,"u":"15,63 €/KG","img":"https://fd1-photos.leclercdrive.fr/image.ashx?id=2507080&use=l&cat=p&typeid=i","cat":287599},{"id":65822,"n":"Dentifrice Parodontax Fraicheur intense 2x75ml","p":8.2,"u":"54,67 €/L","img":"https://fd1-photos.leclercdrive.fr/image.ashx?id=2537237&use=l&cat=p&typeid=i","cat":290419},{"id":65837,"n":"Gel lavant bébé Natessance bio Naturel - 500ml","p":5.99,"u":"11,98 €/L","img":"https://fd1-photos.leclercdrive.fr/image.ashx?id=2734990&use=l&cat=p&typeid=i","cat":290425},{"id":65856,"n":"Cica lèvres Uriage Bariéderm - 15ml","p":4.89,"u":"326,00 €/L","img":"https://fd1-photos.leclercdrive.fr/image.ashx?id=2735452&use=l&cat=p&typeid=i","cat":291172},{"id":65866,"n":"Eau micellaire La Roche Posay Peaux réactives - 400ml","p":9.94,"u":"24,85 €/L","img":"https://fd1-photos.leclercdrive.fr/image.ashx?id=2863157&use=l&cat=p&typeid=i","cat":301587},{"id":65873,"n":"Shampooing apaisant Bioderma 400ml","p":8.95,"u":"22,38 €/L","img":"https://fd1-photos.leclercdrive.fr/image.ashx?id=2956400&use=l&cat=p&typeid=i","cat":290400},{"id":65874,"n":"Shampooing TGel Neutrogena Anti démangeaisons - 250ml","p":11.29,"u":"45,16 €/L","img":"https://fd1-photos.leclercdrive.fr/image.ashx?id=2760976&use=l&cat=p&typeid=i","cat":290400},{"id":65876,"n":"Shampooing Nodé K Bioderma 150ml","p":11.28,"u":"75,20 €/L","img":"https://fd1-photos.leclercdrive.fr/image.ashx?id=2086066&use=l&cat=p&typeid=i","cat":290400},{"id":65904,"n":"Liniment Mots d'Enfants 500ml","p":3.9,"u":"7,80 €/L","img":"https://fd1-photos.leclercdrive.fr/image.ashx?id=2290721&use=l&cat=p&typeid=i","cat":284741},{"id":65926,"n":"Guacamole Extra l'Atelier Blini 175g","p":3.45,"u":"19,71 €/KG","img":"https://fd1-photos.leclercdrive.fr/image.ashx?id=2852504&use=l&cat=p&typeid=i","cat":315999},{"id":65932,"n":"Pizza Dolce Sodebo Capri chèvre coppa - 380g","p":3.63,"u":"9,55 €/KG","img":"https://fd1-photos.leclercdrive.fr/image.ashx?id=2889412&use=l&cat=p&typeid=i","cat":333679},{"id":65950,"n":"Gel toilette intime Doulys 200ml","p":2.47,"u":"12,35 €/L","img":"https://fd1-photos.leclercdrive.fr/image.ashx?id=1703245&use=l&cat=p&typeid=i","cat":284627},{"id":65970,"n":"Crème légère fluide Bridélice 12%MG - 3x20cl","p":2.48,"u":"4,13 €/L","img":"https://fd1-photos.leclercdrive.fr/image.ashx?id=2904736&use=l&cat=p&typeid=i","cat":284381},{"id":65972,"n":"Poires Douceur du Verger Sirop léger - 225 g","p":1.32,"u":"5,87 €/KG","img":"https://fd1-photos.leclercdrive.fr/image.ashx?id=2783017&use=l&cat=p&typeid=i","cat":284507},{"id":65973,"n":"Abricots Douceur du Verger Sirop léger - 235 g","p":1.44,"u":"6,13 €/KG","img":"https://fd1-photos.leclercdrive.fr/image.ashx?id=2622891&use=l&cat=p&typeid=i","cat":284507},{"id":66019,"n":"Crème mains Neutrogena  Parfumée - 50ml","p":4.45,"u":"89,00 €/L","img":"https://fd1-photos.leclercdrive.fr/image.ashx?id=2929074&use=l&cat=p&typeid=i","cat":290424},{"id":66021,"n":"Soin lavant Saforelle Doux - 500ml","p":9.99,"u":"19,98 €/L","img":"https://fd1-photos.leclercdrive.fr/image.ashx?id=2022057&use=l&cat=p&typeid=i","cat":301348},{"id":66024,"n":"Dermoliquide émulsion Saugella 500ml","p":8.49,"u":"16,98 €/L","img":"https://fd1-photos.leclercdrive.fr/image.ashx?id=2086135&use=l&cat=p&typeid=i","cat":301348},{"id":66028,"n":"Déodorant Physio La Roche Posay Aérosol - 24H - 150ml","p":7.99,"u":"53,27 €/L","img":"https://fd1-photos.leclercdrive.fr/image.ashx?id=2086057&use=l&cat=p&typeid=i","cat":301593},{"id":66029,"n":"Déodorant bille La Roche Posay Physiologique - 50ml","p":7.99,"u":"159,80 €/L","img":"https://fd1-photos.leclercdrive.fr/image.ashx?id=2128878&use=l&cat=p&typeid=i","cat":301593},{"id":66218,"n":"Lait Lipikar La Roche Posay 400ml","p":16.9,"u":"42,25 €/L","img":"https://fd1-photos.leclercdrive.fr/image.ashx?id=2741484&use=l&cat=p&typeid=i","cat":290421},{"id":66245,"n":"Bougies d'anniversaire Vahiné Roses - blister de 16 bougies","p":1.17,"u":"0,07 €/P","img":"https://fd1-photos.leclercdrive.fr/image.ashx?id=1209488&use=l&cat=p&typeid=i","cat":284504},{"id":66257,"n":"Colin pané Alaska Cité Marine MSC - 220g","p":3.51,"u":"15,95 €/KG","img":"https://fd1-photos.leclercdrive.fr/image.ashx?id=1908760&use=l&cat=p&typeid=i","cat":284344},{"id":66266,"n":"Brioche tranchée Pasquier Tranches gourmandes - 450g","p":2.18,"u":"4,84 €/KG","img":"https://fd1-photos.leclercdrive.fr/image.ashx?id=2850940&use=l&cat=p&typeid=i","cat":284478},{"id":66279,"n":"Roquefort AOP Les croisés - 32%mg - 100g","p":2.15,"u":"21,50 €/KG","img":"https://fd1-photos.leclercdrive.fr/image.ashx?id=2562885&use=l&cat=p&typeid=i","cat":314032},{"id":66284,"n":"Saucisson sec Saint-Azay 30 tranches - 100g","p":1.43,"u":"14,30 €/KG","img":"https://fd1-photos.leclercdrive.fr/image.ashx?id=2907213&use=l&cat=p&typeid=i","cat":316007},{"id":66293,"n":"Eau aromatisée Volvic juicy jus de fraise - 6x50cl","p":4.13,"u":"1,38 €/L","img":"https://fd1-photos.leclercdrive.fr/image.ashx?id=2961996&use=l&cat=p&typeid=i","cat":284537},{"id":66356,"n":"Café Soluble Nescafé  Cappuccino Classique - 280g","p":4.45,"u":"15,89 €/KG","img":"https://fd1-photos.leclercdrive.fr/image.ashx?id=2918044&use=l&cat=p&typeid=i","cat":284843},{"id":66366,"n":"Déodorant compressé Sanex  Zéro % Extra control - 100ml","p":3.24,"u":"32,40 €/L","img":"https://fd1-photos.leclercdrive.fr/image.ashx?id=2664274&use=l&cat=p&typeid=i","cat":284618},{"id":66417,"n":"Biscuits Mikado LU Chocolat au lait - 300g","p":4.89,"u":"16,30 €/KG","img":"https://fd1-photos.leclercdrive.fr/image.ashx?id=2347284&use=l&cat=p&typeid=i","cat":284488},{"id":66418,"n":"Biscuits Oreo Vanille - 220g","p":1.86,"u":"8,45 €/KG","img":"https://fd1-photos.leclercdrive.fr/image.ashx?id=2324285&use=l&cat=p&typeid=i","cat":284488},{"id":66527,"n":"Fromage Le Vieux Pané Finement typé - 200g","p":2.99,"u":"14,95 €/KG","img":"https://fd1-photos.leclercdrive.fr/image.ashx?id=2770380&use=l&cat=p&typeid=i","cat":329558},{"id":66555,"n":"Café moulu Bio Village Bio Ethiopie - 250g","p":4.35,"u":"17,40 €/KG","img":"https://fd1-photos.leclercdrive.fr/image.ashx?id=2468876&use=l&cat=p&typeid=i","cat":284750},{"id":66651,"n":"Doonuts nappés St Michel 180g","p":1.7,"u":"9,44 €/KG","img":"https://fd1-photos.leclercdrive.fr/image.ashx?id=2928495&use=l&cat=p&typeid=i","cat":284495},{"id":66695,"n":"Vin blanc Mâcon villages L'Aurore - 75cl","p":7.5,"pp":5.25,"u":"7,00 €/L","img":"https://fd1-photos.leclercdrive.fr/image.ashx?id=2956373&use=l&cat=p&typeid=i","cat":289557},{"id":66739,"n":"Petits Pots  - P'tite Recette  Paëlla - dès 12 mois - 2x200g","p":2.29,"u":"5,73 €/KG","img":"https://fd1-photos.leclercdrive.fr/image.ashx?id=2525693&use=l&cat=p&typeid=i","cat":312237},{"id":66746,"n":"Tomme de brebis Lou Pérac Fromage de brebis - 200g","p":3.92,"u":"19,60 €/KG","img":"https://fd1-photos.leclercdrive.fr/image.ashx?id=2758840&use=l&cat=p&typeid=i","cat":329184},{"id":66747,"n":"Ma Crème anglaise Bridélice UHT - 50cl","p":1.83,"u":"3,66 €/L","img":"https://fd1-photos.leclercdrive.fr/image.ashx?id=2643086&use=l&cat=p&typeid=i","cat":284382},{"id":66757,"n":"Soja cuisine Bio Bio Village Végétal - 25cl","p":0.95,"u":"3,80 €/L","img":"https://fd1-photos.leclercdrive.fr/image.ashx?id=2791060&use=l&cat=p&typeid=i","cat":316069},{"id":66761,"n":"Mini gratins Côté Table Légumes du soleil - 400g","p":3.69,"u":"9,23 €/KG","img":"https://fd1-photos.leclercdrive.fr/image.ashx?id=2059098&use=l&cat=p&typeid=i","cat":319802},{"id":66803,"n":"Biscuits Nutella B-ready Cacao noisettes - 330g","p":3.99,"u":"12,09 €/KG","img":"https://fd1-photos.leclercdrive.fr/image.ashx?id=2770599&use=l&cat=p&typeid=i","cat":284488},{"id":66804,"n":"Biscuits Nutella B-ready Cacao Noisettes - 220g","p":2.81,"u":"12,77 €/KG","img":"https://fd1-photos.leclercdrive.fr/image.ashx?id=2630784&use=l&cat=p&typeid=i","cat":284488},{"id":66809,"n":"Gousses vanille Vahiné  3g","p":3.87,"img":"https://fd1-photos.leclercdrive.fr/image.ashx?id=2524314&use=l&cat=p&typeid=i","cat":284504},{"id":66823,"n":"Biscuits petit déjeuner Belvita Miel & pépites chocolat - 650g","p":3.82,"u":"5,88 €/KG","img":"https://fd1-photos.leclercdrive.fr/image.ashx?id=2345487&use=l&cat=p&typeid=i","cat":284491},{"id":66834,"n":"Gel coiffant Vitanove Fixation extrême - 250ml","p":1.62,"u":"6,48 €/L","img":"https://fd1-photos.leclercdrive.fr/image.ashx?id=2824704&use=l&cat=p&typeid=i","cat":284609},{"id":66837,"n":"Gel coiffant Vitanove  Fixation extra forte - 250ml","p":1.29,"u":"5,16 €/L","img":"https://fd1-photos.leclercdrive.fr/image.ashx?id=2836325&use=l&cat=p&typeid=i","cat":284609},{"id":66838,"n":"Gel coiffant Vitanove  Fixation béton - 250ml","p":1.61,"u":"6,44 €/L","img":"https://fd1-photos.leclercdrive.fr/image.ashx?id=2823087&use=l&cat=p&typeid=i","cat":284609},{"id":66841,"n":"Déodorant bille Manava Grenade - 50ml","p":0.99,"u":"19,80 €/L","img":"https://fd1-photos.leclercdrive.fr/image.ashx?id=2481234&use=l&cat=p&typeid=i","cat":284595},{"id":66843,"n":"Bandes de cire froide Siliss Visage - x32","p":2.19,"u":"0,07 €/P","img":"https://fd1-photos.leclercdrive.fr/image.ashx?id=2699708&use=l&cat=p&typeid=i","cat":325351},{"id":66844,"n":"Bandes de cire froide Siliss Jambes - x20","p":2.3,"u":"0,12 €/P","img":"https://fd1-photos.leclercdrive.fr/image.ashx?id=2842316&use=l&cat=p&typeid=i","cat":325351},{"id":66965,"n":"Matière grasse Primevere Oméga 3 - 55% - 500g","p":2.96,"u":"5,92 €/KG","img":"https://fd1-photos.leclercdrive.fr/image.ashx?id=2939328&use=l&cat=p&typeid=i","cat":315229},{"id":66967,"n":"Matière grasse Primevere 63%MG - oméga 3 - 500g","p":3.3,"u":"6,60 €/KG","img":"https://fd1-photos.leclercdrive.fr/image.ashx?id=2936044&use=l&cat=p&typeid=i","cat":315229},{"id":66969,"n":"Pommes de terre Notre Jardin En lamelle - 500g","p":1.38,"u":"2,76 €/KG","img":"https://fd1-photos.leclercdrive.fr/image.ashx?id=2670335&use=l&cat=p&typeid=i","cat":284352},{"id":66978,"n":"Poire bio Bio Village Barquette x4","p":2.99,"u":"0,75 €/P","img":"https://fd1-photos.leclercdrive.fr/image.ashx?id=2552002&use=l&cat=p&typeid=i","cat":284356},{"id":66981,"n":"Truite fumée de bretagne Ovive 120g","p":4.96,"u":"41,33 €/KG","img":"https://fd1-photos.leclercdrive.fr/image.ashx?id=2780304&use=l&cat=p&typeid=i","cat":285188},{"id":66982,"n":"Truite eau douce Ronde des Mers x4 tranches - 100g","p":3.24,"u":"32,40 €/KG","img":"https://fd1-photos.leclercdrive.fr/image.ashx?id=2839924&use=l&cat=p&typeid=i","cat":285188},{"id":66985,"n":"Roulés au fromage Côté Table x2 - 260g","p":2.32,"u":"8,92 €/KG","img":"https://fd1-photos.leclercdrive.fr/image.ashx?id=2794838&use=l&cat=p&typeid=i","cat":333671},{"id":66989,"n":"Yaourt bifidus Activia céréales noix - 4x120g","p":1.9,"u":"3,96 €/KG","img":"https://fd1-photos.leclercdrive.fr/image.ashx?id=2901623&use=l&cat=p&typeid=i","cat":315000},{"id":66990,"n":"Yaourt bifidus Activia céréales muesli - 4x120g","p":2.04,"u":"4,25 €/KG","img":"https://fd1-photos.leclercdrive.fr/image.ashx?id=2901620&use=l&cat=p&typeid=i","cat":315000},{"id":66992,"n":"Sauce grand veneur Charal 120g","p":2.0,"u":"16,67 €/KG","img":"https://fd1-photos.leclercdrive.fr/image.ashx?id=2144275&use=l&cat=p&typeid=i","cat":327293},{"id":67025,"n":"AOP Bordeaux supérieur Rouge Bordeaux de Citran - 75cl","p":6.5,"pp":4.29,"u":"5,72 €/L","img":"https://fd1-photos.leclercdrive.fr/image.ashx?id=2276975&use=l&cat=p&typeid=i","cat":289556},{"id":67042,"n":"Vin du Chili rouge Cabernet Sauvignon Gato Negro 75cl","p":4.5,"u":"6,00 €/L","img":"https://fd1-photos.leclercdrive.fr/image.ashx?id=2846168&use=l&cat=p&typeid=i","cat":289556},{"id":67150,"n":"Croustilles Belin Emmental - 4x138g","p":4.02,"u":"7,28 €/KG","img":"https://fd1-photos.leclercdrive.fr/image.ashx?id=2539025&use=l&cat=p&typeid=i","cat":284449},{"id":67151,"n":"Croustilles Belin Cacahuète - 4x138g","p":4.02,"u":"7,28 €/KG","img":"https://fd1-photos.leclercdrive.fr/image.ashx?id=2940477&use=l&cat=p&typeid=i","cat":284449},{"id":67168,"n":"Yaourt à boire Actimel fruits pêche gelée royale - 12x100g","p":4.89,"u":"4,08 €/KG","img":"https://fd1-photos.leclercdrive.fr/image.ashx?id=2996473&use=l&cat=p&typeid=i","cat":284415},{"id":67300,"n":"Raisin de table rosé  1kg","p":4.49,"u":"4,49 €/KG","img":"https://fd1-photos.leclercdrive.fr/image.ashx?id=1636719&use=l&cat=p&typeid=i","cat":284356},{"id":67421,"n":"Soupe Bio Mouliné Knorr Légumes du potager - 1L","p":3.25,"u":"3,25 €/L","img":"https://fd1-photos.leclercdrive.fr/image.ashx?id=2312578&use=l&cat=p&typeid=i","cat":284462},{"id":67522,"n":"Chili con carne Côté Table Au piment de Cayenne - 400g","p":1.65,"u":"4,13 €/KG","img":"https://fd1-photos.leclercdrive.fr/image.ashx?id=2977174&use=l&cat=p&typeid=i","cat":325094},{"id":67568,"n":"Curry moulu Rustica 42g","p":0.55,"u":"13,10 €/KG","img":"https://fd1-photos.leclercdrive.fr/image.ashx?id=2772975&use=l&cat=p&typeid=i","cat":298297},{"id":67572,"n":"Ciboulette Rustica 4g","p":0.43,"u":"107,50 €/KG","img":"https://fd1-photos.leclercdrive.fr/image.ashx?id=2772990&use=l&cat=p&typeid=i","cat":298297},{"id":67573,"n":"Cumin moulu Rustica 32g","p":0.59,"u":"18,44 €/KG","img":"https://fd1-photos.leclercdrive.fr/image.ashx?id=2772963&use=l&cat=p&typeid=i","cat":298297},{"id":67620,"n":"Persil Rustica 5g","p":0.39,"u":"78,00 €/KG","img":"https://fd1-photos.leclercdrive.fr/image.ashx?id=2772969&use=l&cat=p&typeid=i","cat":298297},{"id":67621,"n":"Paprika doux moulu Rustica  40g","p":0.49,"u":"12,25 €/KG","img":"https://fd1-photos.leclercdrive.fr/image.ashx?id=2772966&use=l&cat=p&typeid=i","cat":298297},{"id":67654,"n":"Ail semoule Bio Village Bio 56g","p":1.99,"u":"35,54 €/KG","img":"https://fd1-photos.leclercdrive.fr/image.ashx?id=2991461&use=l&cat=p&typeid=i","cat":298297},{"id":67667,"n":"Purée de tomate Panzani Tomacouli nature - 500g","p":0.93,"u":"1,86 €/KG","img":"https://fd1-photos.leclercdrive.fr/image.ashx?id=2979623&use=l&cat=p&typeid=i","cat":288384},{"id":67678,"n":"Curcuma moulu Rustica 37g","p":0.66,"u":"17,84 €/KG","img":"https://fd1-photos.leclercdrive.fr/image.ashx?id=2772981&use=l&cat=p&typeid=i","cat":298297},{"id":67695,"n":"Café moulu Lobodis  Guatemala - 260g","p":5.99,"u":"23,04 €/KG","img":"https://fd1-photos.leclercdrive.fr/image.ashx?id=2638895&use=l&cat=p&typeid=i","cat":284750},{"id":67712,"n":"Yaourts nature Délisse Au lait chèvre - 4x125g","p":1.84,"u":"3,68 €/KG","img":"https://fd1-photos.leclercdrive.fr/image.ashx?id=1847192&use=l&cat=p&typeid=i","cat":314998},{"id":67750,"n":"Amandes Caramélisées Bio 200g","p":3.4,"u":"17,00 €/KG","img":"https://fd1-photos.leclercdrive.fr/image.ashx?id=1218908&use=l&cat=p&typeid=i","cat":284357},{"id":67751,"n":"Amandes décortiquées Bio 200g","p":3.99,"u":"19,95 €/KG","img":"https://fd1-photos.leclercdrive.fr/image.ashx?id=1218911&use=l&cat=p&typeid=i","cat":284357},{"id":67752,"n":"Baies de Goji Bio - 150g","p":5.25,"u":"35,00 €/KG","img":"https://fd1-photos.leclercdrive.fr/image.ashx?id=1218914&use=l&cat=p&typeid=i","cat":284357},{"id":67753,"n":"Chips de bananes Bio - 150g","p":2.25,"u":"15,00 €/KG","img":"https://fd1-photos.leclercdrive.fr/image.ashx?id=1218917&use=l&cat=p&typeid=i","cat":284357},{"id":67756,"n":"Cerneaux de noix Bio 170g","p":4.7,"u":"27,65 €/KG","img":"https://fd1-photos.leclercdrive.fr/image.ashx?id=1218926&use=l&cat=p&typeid=i","cat":284357},{"id":67757,"n":"Graines de Lin Bio 300g","p":2.4,"u":"8,00 €/KG","img":"https://fd1-photos.leclercdrive.fr/image.ashx?id=1218929&use=l&cat=p&typeid=i","cat":284357},{"id":67758,"n":"Graines de Courges Bio 300g","p":5.4,"u":"18,00 €/KG","img":"https://fd1-photos.leclercdrive.fr/image.ashx?id=1218932&use=l&cat=p&typeid=i","cat":284357},{"id":67760,"n":"Graines de Tournesol Bio 250g","p":1.99,"u":"7,96 €/KG","img":"https://fd1-photos.leclercdrive.fr/image.ashx?id=1218938&use=l&cat=p&typeid=i","cat":284357},{"id":67762,"n":"Mélange salade Bio 200g","p":5.5,"u":"27,50 €/KG","img":"https://fd1-photos.leclercdrive.fr/image.ashx?id=1218944&use=l&cat=p&typeid=i","cat":284357},{"id":67764,"n":"Noisettes décortiquées Bio 200g","p":5.3,"u":"26,50 €/KG","img":"https://fd1-photos.leclercdrive.fr/image.ashx?id=1218950&use=l&cat=p&typeid=i","cat":284357},{"id":67765,"n":"Noix de Cajou crues Bio - 200g","p":5.2,"u":"26,00 €/KG","img":"https://fd1-photos.leclercdrive.fr/image.ashx?id=1218953&use=l&cat=p&typeid=i","cat":284448},{"id":67767,"n":"Noix de Pécan Bio 200g","p":10.99,"u":"54,95 €/KG","img":"https://fd1-photos.leclercdrive.fr/image.ashx?id=1218959&use=l&cat=p&typeid=i","cat":284357},{"id":67768,"n":"Noix du Brésil Bio 200g","p":7.99,"u":"39,95 €/KG","img":"https://fd1-photos.leclercdrive.fr/image.ashx?id=1218962&use=l&cat=p&typeid=i","cat":284357},{"id":67771,"n":"Pois Chiches  Bio - 400g","p":2.2,"u":"5,50 €/KG","img":"https://fd1-photos.leclercdrive.fr/image.ashx?id=1218971&use=l&cat=p&typeid=i","cat":284430},{"id":67777,"n":"Quinoa  Bio - 400g","p":6.4,"u":"16,00 €/KG","img":"https://fd1-photos.leclercdrive.fr/image.ashx?id=1218974&use=l&cat=p&typeid=i","cat":284430},{"id":67778,"n":"Raisins secs Bio - 200g","p":3.1,"u":"15,50 €/KG","img":"https://fd1-photos.leclercdrive.fr/image.ashx?id=1218977&use=l&cat=p&typeid=i","cat":284357},{"id":67779,"n":"Riz Basmati blanc Bio - 700g","p":4.2,"u":"6,00 €/KG","img":"https://fd1-photos.leclercdrive.fr/image.ashx?id=1218980&use=l&cat=p&typeid=i","cat":284430},{"id":67781,"n":"Riz rond blanc Bio - 700g","p":4.2,"u":"6,00 €/KG","img":"https://fd1-photos.leclercdrive.fr/image.ashx?id=1218986&use=l&cat=p&typeid=i","cat":284430},{"id":67785,"n":"Sucre de Canne  Bio 400g","p":5.0,"u":"12,50 €/KG","img":"https://fd1-photos.leclercdrive.fr/image.ashx?id=1218998&use=l&cat=p&typeid=i","cat":284430},{"id":67789,"n":"Figues séchées Bio - 150g","p":4.05,"u":"27,00 €/KG","img":"https://fd1-photos.leclercdrive.fr/image.ashx?id=1219010&use=l&cat=p&typeid=i","cat":284357},{"id":67790,"n":"Gingembre confit Bio 170g","p":3.4,"u":"20,00 €/KG","img":"https://fd1-photos.leclercdrive.fr/image.ashx?id=1219013&use=l&cat=p&typeid=i","cat":284357},{"id":67792,"n":"Haricots rouges Bio 400g","p":3.6,"u":"9,00 €/KG","img":"https://fd1-photos.leclercdrive.fr/image.ashx?id=1219019&use=l&cat=p&typeid=i","cat":284357},{"id":67793,"n":"Lentilles corail Bio - 400g","p":3.6,"u":"9,00 €/KG","img":"https://fd1-photos.leclercdrive.fr/image.ashx?id=1219022&use=l&cat=p&typeid=i","cat":284430},{"id":67794,"n":"Lentilles vertes Bio - 400g","p":3.99,"u":"9,98 €/KG","img":"https://fd1-photos.leclercdrive.fr/image.ashx?id=1219025&use=l&cat=p&typeid=i","cat":284430},{"id":67795,"n":"Amandes effilées Bio 150g","p":3.55,"u":"23,67 €/KG","img":"https://fd1-photos.leclercdrive.fr/image.ashx?id=1219028&use=l&cat=p&typeid=i","cat":284357},{"id":67797,"n":"Mélange tonus Bio 300g","p":7.2,"u":"24,00 €/KG","img":"https://fd1-photos.leclercdrive.fr/image.ashx?id=1219034&use=l&cat=p&typeid=i","cat":284357},{"id":67807,"n":"Nettoyant spray Clair Javel - Cuisine - 750ml","p":1.73,"u":"2,31 €/L","img":"https://fd1-photos.leclercdrive.fr/image.ashx?id=2840479&use=l&cat=p&typeid=i","cat":325357},{"id":67875,"n":"The Pik Box Haribo Boîte bonbons acidulés - 550g","p":4.61,"u":"8,38 €/KG","img":"https://fd1-photos.leclercdrive.fr/image.ashx?id=2805219&use=l&cat=p&typeid=i","cat":304250},{"id":67885,"n":"Crème fraîche épaisse Président Entière 30%mg - 45cl","p":2.27,"u":"5,04 €/L","img":"https://fd1-photos.leclercdrive.fr/image.ashx?id=2971948&use=l&cat=p&typeid=i","cat":284381},{"id":67888,"n":"Vin rouge Argentine Clos de los siete - 75cl","p":15.4,"u":"20,53 €/L","img":"https://fd1-photos.leclercdrive.fr/image.ashx?id=2896804&use=l&cat=p&typeid=i","cat":289556},{"id":67896,"n":"Gel Douche Le Petit Marseillais  Pin et criste marine - 250ml","p":1.46,"u":"5,84 €/L","img":"https://fd1-photos.leclercdrive.fr/image.ashx?id=2676452&use=l&cat=p&typeid=i","cat":284594},{"id":67915,"n":"Baby carottes Florette 250g","p":2.25,"u":"9,00 €/KG","img":"https://fd1-photos.leclercdrive.fr/image.ashx?id=2786492&use=l&cat=p&typeid=i","cat":284352},{"id":67916,"n":"Croq' Radis Florette Sachet 200g","p":2.49,"u":"12,45 €/KG","img":"https://fd1-photos.leclercdrive.fr/image.ashx?id=2859344&use=l&cat=p&typeid=i","cat":284352},{"id":67990,"n":"Biscuits sablés blé noir La Maison Percelay - 250g","p":5.7,"u":"22,80 €/KG","img":"https://fd1-photos.leclercdrive.fr/image.ashx?id=2796342&use=l&cat=p&typeid=i","cat":284487},{"id":67991,"n":"Galette fine au sel de Guérande La Maison Percelay - 250g","p":5.7,"u":"22,80 €/KG","img":"https://fd1-photos.leclercdrive.fr/image.ashx?id=2796878&use=l&cat=p&typeid=i","cat":284487},{"id":67992,"n":"Biscuits Galoches Bigoudènes La Maison Percelay - 280g","p":5.7,"u":"20,36 €/KG","img":"https://fd1-photos.leclercdrive.fr/image.ashx?id=2795800&use=l&cat=p&typeid=i","cat":284487},{"id":67993,"n":"Biscuits Palet breton La Maison Percelay - 270g","p":5.7,"u":"21,11 €/KG","img":"https://fd1-photos.leclercdrive.fr/image.ashx?id=2796881&use=l&cat=p&typeid=i","cat":284487},{"id":68010,"n":"Crème dessert Bio Les 2 vaches Vanille - 4x95g","p":1.72,"u":"4,53 €/KG","img":"https://fd1-photos.leclercdrive.fr/image.ashx?id=2774015&use=l&cat=p&typeid=i","cat":285041},{"id":68011,"n":"Crème dessert Bio Les 2 vaches Caramel - 4x95g","p":1.63,"u":"4,29 €/KG","img":"https://fd1-photos.leclercdrive.fr/image.ashx?id=2774097&use=l&cat=p&typeid=i","cat":285041},{"id":68012,"n":"Crème dessert Bio Les 2 vaches Chocolat - 4x95g","p":1.68,"u":"4,42 €/KG","img":"https://fd1-photos.leclercdrive.fr/image.ashx?id=2774100&use=l&cat=p&typeid=i","cat":285041},{"id":68087,"n":"Ananas Douceur du Verger Tranches brisées -  340g","p":1.59,"u":"4,68 €/KG","img":"https://fd1-photos.leclercdrive.fr/image.ashx?id=2485086&use=l&cat=p&typeid=i","cat":284507},{"id":68090,"n":"Champignons Bio Village Bio Emincés - 170g","p":2.25,"u":"13,24 €/KG","img":"https://fd1-photos.leclercdrive.fr/image.ashx?id=2613294&use=l&cat=p&typeid=i","cat":312610},{"id":68093,"n":"Champignons Paris Notre Jardin Entiers - 2x115g","p":1.85,"u":"8,04 €/KG","img":"https://fd1-photos.leclercdrive.fr/image.ashx?id=2991139&use=l&cat=p&typeid=i","cat":312610},{"id":68095,"n":"Yaourt à la grecque YAOS Nature lit de fraises 4x125g","p":2.39,"u":"4,78 €/KG","img":"https://fd1-photos.leclercdrive.fr/image.ashx?id=2729734&use=l&cat=p&typeid=i","cat":314999},{"id":68097,"n":"Yaourt à la grecque YAOS Citron - 4x125g","p":2.53,"u":"5,06 €/KG","img":"https://fd1-photos.leclercdrive.fr/image.ashx?id=2578672&use=l&cat=p&typeid=i","cat":314999},{"id":68145,"n":"Courge Spaghetti  La pièce","p":2.79,"img":"https://fd1-photos.leclercdrive.fr/image.ashx?id=1631269&use=l&cat=p&typeid=i","cat":284352},{"id":68173,"n":"Rillettes Groix et Nature Noix St Jacques Bretonne-100g","p":4.0,"u":"40,00 €/KG","img":"https://fd1-photos.leclercdrive.fr/image.ashx?id=1559014&use=l&cat=p&typeid=i","cat":285191},{"id":68174,"n":"Rillettes Groix et Nature Sardine piment d'Espelette-100g","p":4.0,"u":"40,00 €/KG","img":"https://fd1-photos.leclercdrive.fr/image.ashx?id=1560757&use=l&cat=p&typeid=i","cat":285191},{"id":68175,"n":"Rillettes Groix et Nature Maquereau - 100g","p":4.0,"u":"40,00 €/KG","img":"https://fd1-photos.leclercdrive.fr/image.ashx?id=1559005&use=l&cat=p&typeid=i","cat":285191},{"id":68176,"n":"Rillettes Groix et Nature Crabe - 100g","p":4.0,"u":"40,00 €/KG","img":"https://fd1-photos.leclercdrive.fr/image.ashx?id=1560751&use=l&cat=p&typeid=i","cat":285191},{"id":68177,"n":"Tartare Groix et Nature Algues - 100g","p":3.54,"u":"35,40 €/KG","img":"https://fd1-photos.leclercdrive.fr/image.ashx?id=1560748&use=l&cat=p&typeid=i","cat":285191},{"id":68214,"n":"Biscuits Petits Cœurs LU Chocolat - 125g","p":1.13,"u":"9,04 €/KG","img":"https://fd1-photos.leclercdrive.fr/image.ashx?id=3002021&use=l&cat=p&typeid=i","cat":284488},{"id":68217,"n":"Biscuits Croc Sablé Pépito  Chocolat - 294g","p":1.2,"u":"4,08 €/KG","img":"https://fd1-photos.leclercdrive.fr/image.ashx?id=2347254&use=l&cat=p&typeid=i","cat":284488},{"id":68219,"n":"Biscuit Petit déjeuner Belvita Moelleux Choco Noisettes - 250g","p":2.19,"u":"8,76 €/KG","img":"https://fd1-photos.leclercdrive.fr/image.ashx?id=3005332&use=l&cat=p&typeid=i","cat":284491},{"id":68278,"n":"Recharge gel lavant Manava Hypoallergénique - 250ml","p":0.66,"u":"2,64 €/L","img":"https://fd1-photos.leclercdrive.fr/image.ashx?id=2935537&use=l&cat=p&typeid=i","cat":284597},{"id":68355,"n":"Compote pomme poire Bio Bio Village - 4x100g","p":1.99,"u":"4,98 €/KG","img":"https://fd1-photos.leclercdrive.fr/image.ashx?id=2454638&use=l&cat=p&typeid=i","cat":284416},{"id":68432,"n":"Gel WC Syphon Activ'Effect Fraîcheur pin - 750ml","p":0.74,"u":"0,99 €/L","img":"https://fd1-photos.leclercdrive.fr/image.ashx?id=2388382&use=l&cat=p&typeid=i","cat":284662},{"id":68445,"n":"Recharge crème lavante Manava Framboise pivoine - 250ml","p":0.57,"u":"2,28 €/L","img":"https://fd1-photos.leclercdrive.fr/image.ashx?id=2935510&use=l&cat=p&typeid=i","cat":284597},{"id":68449,"n":"Perles désodorisantes Bien Air Japon","p":2.25,"img":"https://fd1-photos.leclercdrive.fr/image.ashx?id=2568798&use=l&cat=p&typeid=i","cat":311628},{"id":68450,"n":"Lingettes Clair Dépoussiérantes - x40","p":3.94,"u":"0,10 €/P","img":"https://fd1-photos.leclercdrive.fr/image.ashx?id=2863039&use=l&cat=p&typeid=i","cat":325364},{"id":68451,"n":"Lingettes Inell Rafraichissantes - x10","p":1.08,"u":"0,11 €/P","img":"https://fd1-photos.leclercdrive.fr/image.ashx?id=2658132&use=l&cat=p&typeid=i","cat":284603},{"id":68452,"n":"Lingettes hygiène intime Doulys Individuelles - x16","p":1.59,"u":"0,10 €/P","img":"https://fd1-photos.leclercdrive.fr/image.ashx?id=2671825&use=l&cat=p&typeid=i","cat":284627},{"id":68453,"n":"Gel lavant Manava Hypoallergénique - 300ml","p":1.05,"u":"3,50 €/L","img":"https://fd1-photos.leclercdrive.fr/image.ashx?id=2935528&use=l&cat=p&typeid=i","cat":284597},{"id":68455,"n":"Gel nettoyant Syphon Entretien menthe - 1L","p":2.89,"u":"2,89 €/L","img":"https://fd1-photos.leclercdrive.fr/image.ashx?id=2943659&use=l&cat=p&typeid=i","cat":284908},{"id":68475,"n":"Culotte Chorys Médium nuit - x12","p":8.56,"u":"0,71 €/P","img":"https://fd1-photos.leclercdrive.fr/image.ashx?id=2716009&use=l&cat=p&typeid=i","cat":284628},{"id":68476,"n":"Culotte Chorys Absorption plus large nuit x10","p":7.14,"u":"0,71 €/P","img":"https://fd1-photos.leclercdrive.fr/image.ashx?id=2704490&use=l&cat=p&typeid=i","cat":284628},{"id":68486,"n":"Tampon Nett  Digital normal boite - x24","p":2.19,"u":"0,09 €/P","img":"https://fd1-photos.leclercdrive.fr/image.ashx?id=2359657&use=l&cat=p&typeid=i","cat":284626},{"id":68502,"n":"AOC Crémant de Loire Blanc Brut Mlle Ladubay Ilys - 75cl","p":7.42,"u":"9,89 €/L","img":"https://fd1-photos.leclercdrive.fr/image.ashx?id=2544155&use=l&cat=p&typeid=i","cat":284545},{"id":68691,"n":"Pommes Red  1kg","p":2.79,"u":"2,79 €/KG","img":"https://fd1-photos.leclercdrive.fr/image.ashx?id=1635207&use=l&cat=p&typeid=i","cat":284356},{"id":68737,"n":"Crème de coco légère Bio Bjorg  20cl","p":1.4,"u":"7,00 €/L","img":"https://fd1-photos.leclercdrive.fr/image.ashx?id=2936386&use=l&cat=p&typeid=i","cat":288992},{"id":68738,"n":"Soja cuisine - semi-épaisse Bio Bjorg - 25cl","p":0.99,"u":"3,96 €/L","img":"https://fd1-photos.leclercdrive.fr/image.ashx?id=2906196&use=l&cat=p&typeid=i","cat":316069},{"id":68824,"n":"Coton maxi carré Inell Aloé Vera - x50","p":1.75,"u":"0,04 €/P","img":"https://fd1-photos.leclercdrive.fr/image.ashx?id=1959190&use=l&cat=p&typeid=i","cat":284636},{"id":68840,"n":"Chocolat noir Bio Village Bio - Noisettes entières - 200g","p":3.33,"u":"16,65 €/KG","img":"https://fd1-photos.leclercdrive.fr/image.ashx?id=2646026&use=l&cat=p&typeid=i","cat":284956},{"id":68862,"n":"Pâte à tartiner Nustikao 600g","p":2.73,"u":"4,55 €/KG","img":"https://fd1-photos.leclercdrive.fr/image.ashx?id=2814869&use=l&cat=p&typeid=i","cat":284481},{"id":68863,"n":"Compote Douceur du Verger Gourdes Pomme - 12x90g","p":2.95,"u":"2,73 €/KG","img":"https://fd1-photos.leclercdrive.fr/image.ashx?id=2843794&use=l&cat=p&typeid=i","cat":284508},{"id":68864,"n":"Compote Douceur du Verger Bocal pomme poire - 710g","p":1.75,"u":"2,46 €/KG","img":"https://fd1-photos.leclercdrive.fr/image.ashx?id=2663539&use=l&cat=p&typeid=i","cat":284508},{"id":68865,"n":"Compote Douceur du Verger Bocal pomme vanille - 710g","p":1.57,"u":"2,21 €/KG","img":"https://fd1-photos.leclercdrive.fr/image.ashx?id=2663542&use=l&cat=p&typeid=i","cat":284508},{"id":68866,"n":"Compote Douceur du Verger Bocal pomme - 710g","p":1.27,"u":"1,79 €/KG","img":"https://fd1-photos.leclercdrive.fr/image.ashx?id=2663536&use=l&cat=p&typeid=i","cat":284508},{"id":68868,"n":"Riz long Bio Village Bio semi complet - 500g","p":2.25,"u":"4,50 €/KG","img":"https://fd1-photos.leclercdrive.fr/image.ashx?id=2441513&use=l&cat=p&typeid=i","cat":284428},{"id":68870,"n":"Pistaches Bio Village Grillées salées bio - 100g","p":2.6,"u":"26,00 €/KG","img":"https://fd1-photos.leclercdrive.fr/image.ashx?id=2615789&use=l&cat=p&typeid=i","cat":284448},{"id":68880,"n":"Pâté Lucien Georgelin Au Piment d'Espelette - 220g","p":3.02,"u":"13,73 €/KG","img":"https://fd1-photos.leclercdrive.fr/image.ashx?id=1598643&use=l&cat=p&typeid=i","cat":305149},{"id":68881,"n":"Litchis Douceur du Verger Sirop léger - 250g","p":2.74,"u":"10,96 €/KG","img":"https://fd1-photos.leclercdrive.fr/image.ashx?id=2485089&use=l&cat=p&typeid=i","cat":284507},{"id":68882,"n":"Compote bio Bio Village Coupelle pomme - 8x100g","p":2.89,"u":"3,61 €/KG","img":"https://fd1-photos.leclercdrive.fr/image.ashx?id=1947749&use=l&cat=p&typeid=i","cat":284508},{"id":68902,"n":"Crackers Tokapi 100g","p":0.46,"u":"4,60 €/KG","img":"https://fd1-photos.leclercdrive.fr/image.ashx?id=2661073&use=l&cat=p&typeid=i","cat":297000},{"id":68921,"n":"Boisson lactée Tous mes amis pour chats stérilisé - 3x200ml","p":2.45,"u":"4,08 €/L","img":"https://fd1-photos.leclercdrive.fr/image.ashx?id=2313476&use=l&cat=p&typeid=i","cat":285285},{"id":68935,"n":"Soupe Régal Soupe Poule pot vermicelles - 1L","p":2.02,"u":"2,02 €/L","img":"https://fd1-photos.leclercdrive.fr/image.ashx?id=2983817&use=l&cat=p&typeid=i","cat":284462},{"id":68951,"n":"Crème dessert La Laitière  Velours de crème caramel 4x85g","p":1.69,"u":"4,97 €/KG","img":"https://fd1-photos.leclercdrive.fr/image.ashx?id=3007930&use=l&cat=p&typeid=i","cat":285041},{"id":68952,"n":"Crème dessert La Laitière Velours de crème chocolat 4x85g","p":2.09,"u":"6,15 €/KG","img":"https://fd1-photos.leclercdrive.fr/image.ashx?id=2633824&use=l&cat=p&typeid=i","cat":285041},{"id":68953,"n":"Crème dessert La Laitière Chocolat Caramel - 4x85g","p":2.09,"u":"6,15 €/KG","img":"https://fd1-photos.leclercdrive.fr/image.ashx?id=2633827&use=l&cat=p&typeid=i","cat":285041},{"id":68986,"n":"Lait d'amande Bio Village Sans sucre bio - 1L","p":1.41,"u":"1,41 €/L","img":"https://fd1-photos.leclercdrive.fr/image.ashx?id=2499109&use=l&cat=p&typeid=i","cat":316067},{"id":68996,"n":"Crackers bio Bio Village Emmental courge - 200g","p":2.69,"u":"13,45 €/KG","img":"https://fd1-photos.leclercdrive.fr/image.ashx?id=2310507&use=l&cat=p&typeid=i","cat":297000},{"id":69004,"n":"Moutarde Bio Village A l'ancienne bio - 200g","p":1.57,"u":"7,85 €/KG","img":"https://fd1-photos.leclercdrive.fr/image.ashx?id=2607966&use=l&cat=p&typeid=i","cat":288850},{"id":69006,"n":"Tomates séchées Rustica Bocal - 280g","p":2.5,"u":"8,93 €/KG","img":"https://fd1-photos.leclercdrive.fr/image.ashx?id=2539457&use=l&cat=p&typeid=i","cat":284458},{"id":69016,"n":"Sauce au Bleu Bénédicta Gamme Gourmet - 260g","p":1.68,"u":"6,46 €/KG","img":"https://fd1-photos.leclercdrive.fr/image.ashx?id=2616177&use=l&cat=p&typeid=i","cat":318430},{"id":69061,"n":"Yaourt nature Danone 4x125g","p":0.93,"u":"1,86 €/KG","img":"https://fd1-photos.leclercdrive.fr/image.ashx?id=2911184&use=l&cat=p&typeid=i","cat":284409},{"id":69062,"n":"Yaourt nature Danone 12x125g","p":2.75,"u":"1,83 €/KG","img":"https://fd1-photos.leclercdrive.fr/image.ashx?id=2915688&use=l&cat=p&typeid=i","cat":284409},{"id":69063,"n":"Yaourt nature Danone 16x125g","p":3.15,"u":"1,58 €/KG","img":"https://fd1-photos.leclercdrive.fr/image.ashx?id=2915691&use=l&cat=p&typeid=i","cat":284409},{"id":69069,"n":"Yaourts brassés velouté Danone Nature - 12x125g","p":3.58,"u":"2,39 €/KG","img":"https://fd1-photos.leclercdrive.fr/image.ashx?id=2865581&use=l&cat=p&typeid=i","cat":284409},{"id":69070,"n":"Yaourts brassés velouté Danone Nature - 16x125g","p":4.25,"u":"2,13 €/KG","img":"https://fd1-photos.leclercdrive.fr/image.ashx?id=2865584&use=l&cat=p&typeid=i","cat":284409},{"id":69073,"n":"Yaourts brassés velouté Danone Nature - 4x125g","p":1.41,"u":"2,82 €/KG","img":"https://fd1-photos.leclercdrive.fr/image.ashx?id=2865587&use=l&cat=p&typeid=i","cat":284409},{"id":69074,"n":"Yaourts brassés Velouté Danone Nature - 8x125g","p":2.46,"u":"2,46 €/KG","img":"https://fd1-photos.leclercdrive.fr/image.ashx?id=2865590&use=l&cat=p&typeid=i","cat":284409},{"id":69084,"n":"petit suisse aux fruits danonino - 6x100g","p":2.79,"u":"4,65 €/KG","img":"https://fd1-photos.leclercdrive.fr/image.ashx?id=3003134&use=l&cat=p&typeid=i","cat":284414},{"id":69107,"n":"Muesli croustillant nature bio  Terres et Céréales - 1kg","p":4.81,"u":"4,81 €/KG","img":"https://fd1-photos.leclercdrive.fr/image.ashx?id=2802446&use=l&cat=p&typeid=i","cat":309512},{"id":69108,"n":"Muesli duo pépites de chocolats  bio Terres et Céréales -1kg","p":5.29,"u":"5,29 €/KG","img":"https://fd1-photos.leclercdrive.fr/image.ashx?id=2802452&use=l&cat=p&typeid=i","cat":309512},{"id":69120,"n":"Eau de toilette Alix de Faure Vanille - 110ml","p":3.2,"u":"29,09 €/L","img":"https://fd1-photos.leclercdrive.fr/image.ashx?id=2675768&use=l&cat=p&typeid=i","cat":291525},{"id":69141,"n":"Papier cuisson Elembal Rouleau 8m","p":1.08,"u":"0,14 €/MT","img":"https://fd1-photos.leclercdrive.fr/image.ashx?id=2824955&use=l&cat=p&typeid=i","cat":334134},{"id":69145,"n":"Crème lavante Manava Framboise pivoine - 300ml","p":1.28,"u":"4,27 €/L","img":"https://fd1-photos.leclercdrive.fr/image.ashx?id=2935507&use=l&cat=p&typeid=i","cat":284597},{"id":69147,"n":"Café dosettes Tassimo L'Or Café Long Classique x16","p":4.65,"u":"44,71 €/KG","img":"https://fd1-photos.leclercdrive.fr/image.ashx?id=2160312&use=l&cat=p&typeid=i","cat":293240},{"id":69148,"n":"Café dosettes Tassimo L'Or Café Long Intense x16","p":4.76,"u":"37,19 €/KG","img":"https://fd1-photos.leclercdrive.fr/image.ashx?id=2290599&use=l&cat=p&typeid=i","cat":293240},{"id":69150,"n":"Nettoyant multi surfaces Clair Citron - 1.5L","p":1.7,"u":"1,13 €/L","img":"https://fd1-photos.leclercdrive.fr/image.ashx?id=2534211&use=l&cat=p&typeid=i","cat":284907},{"id":69151,"n":"Nettoyant multi surfaces Clair Pins - 1.5L","p":1.7,"u":"1,13 €/L","img":"https://fd1-photos.leclercdrive.fr/image.ashx?id=2369164&use=l&cat=p&typeid=i","cat":284907},{"id":69152,"n":"Nettoyant multi surfaces Clair Fleurs - 1.5L","p":1.7,"u":"1,13 €/L","img":"https://fd1-photos.leclercdrive.fr/image.ashx?id=2381556&use=l&cat=p&typeid=i","cat":284907},{"id":69153,"n":"Nettoyant multi surfaces Clair Fraîcheur pure - 1.5L","p":1.7,"u":"1,13 €/L","img":"https://fd1-photos.leclercdrive.fr/image.ashx?id=2373263&use=l&cat=p&typeid=i","cat":284907},{"id":69154,"n":"Nettoyant multi surfaces Clair Savon de Marseille - 1.5L","p":1.7,"u":"1,13 €/L","img":"https://fd1-photos.leclercdrive.fr/image.ashx?id=2858845&use=l&cat=p&typeid=i","cat":284907},{"id":69155,"n":"Nettoyant multi surfaces Clair Savon noir - 1.5L","p":1.7,"u":"1,13 €/L","img":"https://fd1-photos.leclercdrive.fr/image.ashx?id=2849584&use=l&cat=p&typeid=i","cat":284907},{"id":69159,"n":"Poelée cuisinée légumes Bio Bio village - 600g","p":2.99,"u":"4,98 €/KG","img":"https://fd1-photos.leclercdrive.fr/image.ashx?id=2898074&use=l&cat=p&typeid=i","cat":319823},{"id":69161,"n":"Purée carotte bio Bio Village 450g","p":1.39,"u":"3,09 €/KG","img":"https://fd1-photos.leclercdrive.fr/image.ashx?id=2878747&use=l&cat=p&typeid=i","cat":319805},{"id":69163,"n":"Purée 100% brocolis Bio Bio Village - 450g","p":1.75,"u":"3,89 €/KG","img":"https://fd1-photos.leclercdrive.fr/image.ashx?id=2878750&use=l&cat=p&typeid=i","cat":319805},{"id":69164,"n":"Pizza chèvre feu de bois Bio  Bio Village - 360g","p":3.19,"u":"8,86 €/KG","img":"https://fd1-photos.leclercdrive.fr/image.ashx?id=2897898&use=l&cat=p&typeid=i","cat":284256},{"id":69213,"n":"Frites à peau McCain Côté Resto - 650g","p":2.59,"u":"3,98 €/KG","img":"https://fd1-photos.leclercdrive.fr/image.ashx?id=2927047&use=l&cat=p&typeid=i","cat":319791},{"id":69215,"n":"Pains wrap Epi d'Or Nature x6 - 383g","p":1.95,"u":"5,09 €/KG","img":"https://fd1-photos.leclercdrive.fr/image.ashx?id=2998883&use=l&cat=p&typeid=i","cat":284985},{"id":69233,"n":"Capsules café L'Or Espresso Ristretto N°11 x10","p":3.09,"u":"59,42 €/KG","img":"https://fd1-photos.leclercdrive.fr/image.ashx?id=2260869&use=l&cat=p&typeid=i","cat":284749},{"id":69268,"n":"Liquide vaisselle Rainett Citron écologique - 750ml","p":1.84,"u":"2,45 €/L","img":"https://fd1-photos.leclercdrive.fr/image.ashx?id=2297129&use=l&cat=p&typeid=i","cat":284655},{"id":69273,"n":"Eau de toilette Alix de Faure Fruits rouges - 110ml","p":3.2,"u":"29,09 €/L","img":"https://fd1-photos.leclercdrive.fr/image.ashx?id=2675762&use=l&cat=p&typeid=i","cat":291525},{"id":69274,"n":"Eau de toilette Alix de Faure Patchouli - 110ml","p":3.2,"u":"29,09 €/L","img":"https://fd1-photos.leclercdrive.fr/image.ashx?id=2675765&use=l&cat=p&typeid=i","cat":291525},{"id":69275,"n":"Gel Douche Homme Nivea Men 3 en 1 Protect&Care - 250ml","p":1.55,"u":"6,20 €/L","img":"https://fd1-photos.leclercdrive.fr/image.ashx?id=2985465&use=l&cat=p&typeid=i","cat":284619},{"id":69280,"n":"Couches bébé Mots d'enfants Midi T3 4/9kg - x50 changes","p":6.35,"u":"0,13 €/P","img":"https://fd1-photos.leclercdrive.fr/image.ashx?id=2699717&use=l&cat=p&typeid=i","cat":284737},{"id":69281,"n":"Couches bébé Mots d'enfants Ultra confort T4 7/18kg - x44","p":6.35,"u":"0,14 €/P","img":"https://fd1-photos.leclercdrive.fr/image.ashx?id=2699720&use=l&cat=p&typeid=i","cat":284737},{"id":69282,"n":"Couches bébé Mots d'enfants Ultra confort T4+  9/20kg - x41","p":6.35,"u":"0,15 €/P","img":"https://fd1-photos.leclercdrive.fr/image.ashx?id=2699723&use=l&cat=p&typeid=i","cat":284737},{"id":69283,"n":"Couches bébé Mots d'enfants Ultra confort T5 11/25kg - x39","p":6.35,"u":"0,16 €/P","img":"https://fd1-photos.leclercdrive.fr/image.ashx?id=2699726&use=l&cat=p&typeid=i","cat":284737},{"id":69284,"n":"Couches bébé Mots d'enfants Ultra confort T6  16/23kg - x33","p":6.35,"u":"0,19 €/P","img":"https://fd1-photos.leclercdrive.fr/image.ashx?id=2699729&use=l&cat=p&typeid=i","cat":284737},{"id":69285,"n":"Couches bébé Mots d'enfants T4 Ultra confort 7/18kg - x144","p":19.85,"u":"0,14 €/P","img":"https://fd1-photos.leclercdrive.fr/image.ashx?id=2689429&use=l&cat=p&typeid=i","cat":284737},{"id":69286,"n":"Couches bébé Mots d'enfants T5 Ultra confort 11/25kg - x136","p":19.85,"u":"0,15 €/P","img":"https://fd1-photos.leclercdrive.fr/image.ashx?id=2691833&use=l&cat=p&typeid=i","cat":284737},{"id":69317,"n":"Eau minérale naturelle Vittel 6x1.5L","p":2.86,"u":"0,32 €/L","img":"https://fd1-photos.leclercdrive.fr/image.ashx?id=3000441&use=l&cat=p&typeid=i","cat":284535},{"id":69319,"n":"Pur jus Jafaden Pomme goyave citron - 1L","p":2.15,"u":"2,15 €/L","img":"https://fd1-photos.leclercdrive.fr/image.ashx?id=2956765&use=l&cat=p&typeid=i","cat":284917},{"id":69327,"n":"Piles Duracell MN21 x2","p":5.04,"u":"2,52 €/P","img":"https://fd1-photos.leclercdrive.fr/image.ashx?id=2328739&use=l&cat=p&typeid=i","cat":300572},{"id":69494,"n":"Terrine de campagne forestière L'Atelier Charcuterie - 170g","p":2.95,"u":"17,35 €/KG","img":"https://fd1-photos.leclercdrive.fr/image.ashx?id=2882292&use=l&cat=p&typeid=i","cat":316008},{"id":69496,"n":"Rillettes de porc Label Rouge L'Atelier Charcuterie - 170g","p":3.49,"u":"20,53 €/KG","img":"https://fd1-photos.leclercdrive.fr/image.ashx?id=2955261&use=l&cat=p&typeid=i","cat":316008},{"id":69648,"n":"Potimarron x1","p":1.59,"img":"https://fd1-photos.leclercdrive.fr/image.ashx?id=1633121&use=l&cat=p&typeid=i","cat":284352},{"id":69679,"n":"Yaourt à la grecque YAOS Nature lit de myrtilles 4x125g","p":2.39,"u":"4,78 €/KG","img":"https://fd1-photos.leclercdrive.fr/image.ashx?id=2614933&use=l&cat=p&typeid=i","cat":314999},{"id":69680,"n":"Yaourt à la grecque YAOS Nature lit de pêches 4x125g","p":2.6,"u":"5,20 €/KG","img":"https://fd1-photos.leclercdrive.fr/image.ashx?id=2539533&use=l&cat=p&typeid=i","cat":314999},{"id":69705,"n":"Coleslaw moutarde Bonduelle 320g","p":1.81,"u":"5,66 €/KG","img":"https://fd1-photos.leclercdrive.fr/image.ashx?id=2894185&use=l&cat=p&typeid=i","cat":333657},{"id":69736,"n":"AOC Corbières vin rouge Prieur Barsanne - BIB 3L","p":9.49,"u":"3,16 €/L","img":"https://fd1-photos.leclercdrive.fr/image.ashx?id=2712989&use=l&cat=p&typeid=i","cat":289556},{"id":69739,"n":"Mini feuilletés Côté Table Apéritifs - x30 - 360g","p":3.73,"u":"10,36 €/KG","img":"https://fd1-photos.leclercdrive.fr/image.ashx?id=2212509&use=l&cat=p&typeid=i","cat":319774},{"id":69740,"n":"Mini-feuilletés Côté Table Apéritifs - x80 - 740g","p":6.83,"u":"9,23 €/KG","img":"https://fd1-photos.leclercdrive.fr/image.ashx?id=2238045&use=l&cat=p&typeid=i","cat":319774},{"id":69741,"n":"Mini-feuilletés Côté Table Apéritifs - x40 - 350g","p":3.37,"u":"9,63 €/KG","img":"https://fd1-photos.leclercdrive.fr/image.ashx?id=2632873&use=l&cat=p&typeid=i","cat":319774},{"id":69749,"n":"Tarte Normande pommes 6/8 parts  630GR","p":4.95,"u":"7,86 €/KG","img":"https://fd1-photos.leclercdrive.fr/image.ashx?id=588375&use=l&cat=p&typeid=i","cat":284360},{"id":69803,"n":"Riz provençale Bonduelle Thon - 320g","p":1.88,"u":"5,88 €/KG","img":"https://fd1-photos.leclercdrive.fr/image.ashx?id=2907905&use=l&cat=p&typeid=i","cat":333657},{"id":70114,"n":"Biscuits p'tit dèj BN Extra céréales complètes - 200g","p":1.85,"u":"9,25 €/KG","img":"https://fd1-photos.leclercdrive.fr/image.ashx?id=2603471&use=l&cat=p&typeid=i","cat":284491},{"id":70117,"n":"Biscuits Mc Vitie's Original - 400g","p":1.68,"u":"4,20 €/KG","img":"https://fd1-photos.leclercdrive.fr/image.ashx?id=2310182&use=l&cat=p&typeid=i","cat":284487},{"id":70118,"n":"Biscuits Mc Vitie's Chocolat au lait - 300g","p":1.75,"u":"5,83 €/KG","img":"https://fd1-photos.leclercdrive.fr/image.ashx?id=2589491&use=l&cat=p&typeid=i","cat":284488},{"id":70123,"n":"Fromage blanc Danone Nature 3%MG - 8x100g","p":2.79,"u":"3,49 €/KG","img":"https://fd1-photos.leclercdrive.fr/image.ashx?id=2792075&use=l&cat=p&typeid=i","cat":284409},{"id":70140,"n":"Yaourt Nature Panier de Yoplait Lit de Fruits Panaché - 6x140g","p":2.87,"u":"3,42 €/KG","img":"https://fd1-photos.leclercdrive.fr/image.ashx?id=2884429&use=l&cat=p&typeid=i","cat":284410},{"id":70334,"n":"Kasteel rouge  8° 75cl","p":5.03,"u":"6,71 €/L","img":"https://fd1-photos.leclercdrive.fr/image.ashx?id=2981325&use=l&cat=p&typeid=i","cat":334872},{"id":70341,"n":"St Bernardus Tripel 75cl","p":5.58,"u":"7,44 €/L","img":"https://fd1-photos.leclercdrive.fr/image.ashx?id=1653651&use=l&cat=p&typeid=i","cat":334872},{"id":70344,"n":"Triple Secret des Moines 8%  - 75cl","p":3.9,"u":"5,20 €/L","img":"https://fd1-photos.leclercdrive.fr/image.ashx?id=2947991&use=l&cat=p&typeid=i","cat":334872},{"id":70389,"n":"Café dosettes Tassimo L'Or Cappuccino x8","p":4.87,"u":"18,24 €/KG","img":"https://fd1-photos.leclercdrive.fr/image.ashx?id=2100305&use=l&cat=p&typeid=i","cat":293240},{"id":70480,"n":"Chocolats Ferrero Collection Assortiments x24 - 269g","p":9.96,"u":"37,03 €/KG","img":"https://fd1-photos.leclercdrive.fr/image.ashx?id=2871181&use=l&cat=p&typeid=i","cat":327595},{"id":70549,"n":"Grosses saucisses natures x4 La Saucisse Henaff - 500g","p":8.24,"u":"16,48 €/KG","img":"https://fd1-photos.leclercdrive.fr/image.ashx?id=2812891&use=l&cat=p&typeid=i","cat":284334},{"id":70579,"n":"Fromage Caprice des Dieux  200g","p":2.9,"u":"14,50 €/KG","img":"https://fd1-photos.leclercdrive.fr/image.ashx?id=2762438&use=l&cat=p&typeid=i","cat":314033},{"id":70585,"n":"Terrine de canard cœur mousse L'Atelier Charcuterie - 170g","p":3.49,"u":"20,53 €/KG","img":"https://fd1-photos.leclercdrive.fr/image.ashx?id=3014329&use=l&cat=p&typeid=i","cat":316008},{"id":70588,"n":"Boudin blanc à l'ancienne L'Atelier Charcuterie x3 - 390g","p":5.53,"u":"14,18 €/KG","img":"https://fd1-photos.leclercdrive.fr/image.ashx?id=2994345&use=l&cat=p&typeid=i","cat":316012},{"id":70634,"n":"Lentilles Notre Jardin Graisse d'oie - 400g","p":1.05,"u":"2,63 €/KG","img":"https://fd1-photos.leclercdrive.fr/image.ashx?id=3002620&use=l&cat=p&typeid=i","cat":312609},{"id":70980,"n":"Crousty chicken Le Gaulois L'original - 400g","p":4.57,"u":"11,43 €/KG","img":"https://fd1-photos.leclercdrive.fr/image.ashx?id=2967765&use=l&cat=p&typeid=i","cat":333684},{"id":70993,"n":"Coulommiers Président  350g","p":2.77,"u":"7,91 €/KG","img":"https://fd1-photos.leclercdrive.fr/image.ashx?id=2029862&use=l&cat=p&typeid=i","cat":314033},{"id":71037,"n":"Collant Caprice Le Bourget Dessous chics - 20D Noir - T2","p":9.45,"img":"https://fd1-photos.leclercdrive.fr/image.ashx?id=2561667&use=l&cat=p&typeid=i","cat":334130},{"id":71038,"n":"Collant Caprice Le Bourget Dessous chics - 20D Noir - T3","p":9.45,"img":"https://fd1-photos.leclercdrive.fr/image.ashx?id=2561670&use=l&cat=p&typeid=i","cat":334130},{"id":71039,"n":"Collant Caprice Le Bourget Dessous chics - 20D Noir - T4","p":9.45,"img":"https://fd1-photos.leclercdrive.fr/image.ashx?id=2561673&use=l&cat=p&typeid=i","cat":334130},{"id":71069,"n":"Moutarde à l'ancienne Origine du Goût -Piment espelette -100g","p":1.39,"u":"13,90 €/KG","img":"https://fd1-photos.leclercdrive.fr/image.ashx?id=2794853&use=l&cat=p&typeid=i","cat":288850},{"id":71075,"n":"Vinaigrette biphase Rustica Tomate/ Balsamique - 50cl","p":2.72,"u":"5,44 €/L","img":"https://fd1-photos.leclercdrive.fr/image.ashx?id=1972937&use=l&cat=p&typeid=i","cat":284456},{"id":71077,"n":"Vinaigrette biphase Rustica Ciboulette/Echalote - 50cl","p":2.79,"u":"5,58 €/L","img":"https://fd1-photos.leclercdrive.fr/image.ashx?id=1943241&use=l&cat=p&typeid=i","cat":284456},{"id":71088,"n":"IGP Côtes de Gascogne blanc sec Vieux Carion 10.5% vol - BIB 3L","p":7.99,"u":"2,66 €/L","img":"https://fd1-photos.leclercdrive.fr/image.ashx?id=2872709&use=l&cat=p&typeid=i","cat":289560},{"id":71090,"n":"Boisson énergisante Red bull 6x250ml","p":6.59,"u":"4,39 €/L","img":"https://fd1-photos.leclercdrive.fr/image.ashx?id=3011989&use=l&cat=p&typeid=i","cat":284533},{"id":71099,"n":"IGP Pays d'Oc Merlot vin rouge Vieux Carion 12% vol - BIB 3L","p":7.99,"u":"2,66 €/L","img":"https://fd1-photos.leclercdrive.fr/image.ashx?id=2905231&use=l&cat=p&typeid=i","cat":289560},{"id":71100,"n":"IGP Pays d'Oc vin rouge Vieux Carion - BIB 3L","p":6.99,"u":"2,33 €/L","img":"https://fd1-photos.leclercdrive.fr/image.ashx?id=2756879&use=l&cat=p&typeid=i","cat":289560},{"id":71101,"n":"IGP Pays d'Oc Muscat blanc  Moelleux 12% vol - 75cl","p":3.18,"u":"4,24 €/L","img":"https://fd1-photos.leclercdrive.fr/image.ashx?id=2870080&use=l&cat=p&typeid=i","cat":289557},{"id":71102,"n":"Bière Desperados 65cl","p":2.54,"u":"3,91 €/L","img":"https://fd1-photos.leclercdrive.fr/image.ashx?id=2977960&use=l&cat=p&typeid=i","cat":334878},{"id":71162,"n":"Assortiment crackers Tokapi 85g","p":0.69,"u":"8,12 €/KG","img":"https://fd1-photos.leclercdrive.fr/image.ashx?id=1926981&use=l&cat=p&typeid=i","cat":297000},{"id":71164,"n":"Gel lavant Bionaïa Abricot bio - 300ml","p":1.79,"u":"5,97 €/L","img":"https://fd1-photos.leclercdrive.fr/image.ashx?id=2935525&use=l&cat=p&typeid=i","cat":284597},{"id":71320,"n":"Whisky japonais Togouchi Premium - 40%vol - 70cl","p":38.0,"pp":33.0,"u":"47,14 €/L","img":"https://fd1-photos.leclercdrive.fr/image.ashx?id=2685291&use=l&cat=p&typeid=i","cat":284547},{"id":71327,"n":"Whisky Aberlour Triple Cask Single Malt Scotch 40% vol 70cl","p":37.09,"u":"52,99 €/L","img":"https://fd1-photos.leclercdrive.fr/image.ashx?id=2860514&use=l&cat=p&typeid=i","cat":284547},{"id":71351,"n":"Cocktail Pêche Océan Fruits de mer - 500g","p":4.85,"u":"9,70 €/KG","img":"https://fd1-photos.leclercdrive.fr/image.ashx?id=2686347&use=l&cat=p&typeid=i","cat":319787},{"id":71413,"n":"Déodorant Manava Freesia Orchidée - 100ml","p":1.36,"u":"13,60 €/L","img":"https://fd1-photos.leclercdrive.fr/image.ashx?id=2656451&use=l&cat=p&typeid=i","cat":284595},{"id":71440,"n":"Curry poudre bio Ducros Flacon - 36g","p":2.11,"u":"58,61 €/KG","img":"https://fd1-photos.leclercdrive.fr/image.ashx?id=2484071&use=l&cat=p&typeid=i","cat":298297},{"id":71441,"n":"Ail bio Ducros Flacon - 52g","p":2.49,"u":"47,88 €/KG","img":"https://fd1-photos.leclercdrive.fr/image.ashx?id=2484077&use=l&cat=p&typeid=i","cat":298297},{"id":71447,"n":"Curcuma bio Ducros Flacon - 42g","p":2.36,"u":"56,19 €/KG","img":"https://fd1-photos.leclercdrive.fr/image.ashx?id=2484086&use=l&cat=p&typeid=i","cat":298297},{"id":71454,"n":"Persil bio Ducros Flacon - 7g","p":2.01,"u":"287,14 €/KG","img":"https://fd1-photos.leclercdrive.fr/image.ashx?id=2484062&use=l&cat=p&typeid=i","cat":298297},{"id":71455,"n":"Gélatine feuille bio Vahiné 10g","p":1.33,"u":"133,00 €/KG","img":"https://fd1-photos.leclercdrive.fr/image.ashx?id=2559829&use=l&cat=p&typeid=i","cat":284504},{"id":71457,"n":"Amande poudre bio Vahiné 100g","p":3.61,"u":"36,10 €/KG","img":"https://fd1-photos.leclercdrive.fr/image.ashx?id=2504221&use=l&cat=p&typeid=i","cat":284504},{"id":71459,"n":"Noix coco rapée bio Vahiné 115g","p":2.32,"u":"20,17 €/KG","img":"https://fd1-photos.leclercdrive.fr/image.ashx?id=2559841&use=l&cat=p&typeid=i","cat":284504},{"id":71460,"n":"Poudre à lever bio Vahiné 5 sachets - 35g","p":0.95,"u":"27,14 €/KG","img":"https://fd1-photos.leclercdrive.fr/image.ashx?id=2559832&use=l&cat=p&typeid=i","cat":294686},{"id":71461,"n":"Sucre vanillé bio Vahiné 5 sachets - 35G","p":2.79,"u":"79,71 €/KG","img":"https://fd1-photos.leclercdrive.fr/image.ashx?id=2559835&use=l&cat=p&typeid=i","cat":284504},{"id":71462,"n":"Pépites chocolat noirVahiné Bio - 100g","p":2.54,"u":"25,40 €/KG","img":"https://fd1-photos.leclercdrive.fr/image.ashx?id=2504227&use=l&cat=p&typeid=i","cat":284504},{"id":71463,"n":"Raisins secs bio Vahiné 200g","p":3.02,"u":"15,10 €/KG","img":"https://fd1-photos.leclercdrive.fr/image.ashx?id=2559844&use=l&cat=p&typeid=i","cat":284357},{"id":71469,"n":"DOC Prosecco extra-dry blanc 7% vol - 75cl","p":4.99,"u":"6,65 €/L","img":"https://fd1-photos.leclercdrive.fr/image.ashx?id=2977171&use=l&cat=p&typeid=i","cat":289461},{"id":71479,"n":"Cookies P'tit Déli Paillettes muticolores - 150g","p":1.45,"u":"9,67 €/KG","img":"https://fd1-photos.leclercdrive.fr/image.ashx?id=2939064&use=l&cat=p&typeid=i","cat":325066},{"id":71490,"n":"Vin d'Espagne blanc Sauvignon Adrien Champaud - BIB 5L","p":9.99,"u":"2,00 €/L","img":"https://fd1-photos.leclercdrive.fr/image.ashx?id=2960511&use=l&cat=p&typeid=i","cat":289560},{"id":71491,"n":"Croissants Epi d'Or x14 - 560g","p":2.79,"u":"4,98 €/KG","img":"https://fd1-photos.leclercdrive.fr/image.ashx?id=2860769&use=l&cat=p&typeid=i","cat":296366},{"id":71497,"n":"Tartelette P'tit Déli Fraise - 127g","p":1.42,"u":"11,18 €/KG","img":"https://fd1-photos.leclercdrive.fr/image.ashx?id=2888640&use=l&cat=p&typeid=i","cat":284489},{"id":71514,"n":"Sablé pur beurre P'tit Déli Caramel - 100g","p":1.18,"u":"11,80 €/KG","img":"https://fd1-photos.leclercdrive.fr/image.ashx?id=2660574&use=l&cat=p&typeid=i","cat":284487},{"id":71519,"n":"Yaourt Bio Bio Village Aromatisé Citron - 4x125g","p":1.39,"u":"2,78 €/KG","img":"https://fd1-photos.leclercdrive.fr/image.ashx?id=2289666&use=l&cat=p&typeid=i","cat":286006},{"id":71523,"n":"Sablés pur beurre P'tit Déli Coco - 100g","p":1.89,"u":"18,90 €/KG","img":"https://fd1-photos.leclercdrive.fr/image.ashx?id=2709704&use=l&cat=p&typeid=i","cat":284487},{"id":71524,"n":"Goûter rectangle P'tit Déli Fourré chocolat - 125g","p":1.19,"u":"9,52 €/KG","img":"https://fd1-photos.leclercdrive.fr/image.ashx?id=2619725&use=l&cat=p&typeid=i","cat":284488},{"id":71528,"n":"Fromage frais nature Bio Bio village - 8x100g","p":3.16,"u":"3,95 €/KG","img":"https://fd1-photos.leclercdrive.fr/image.ashx?id=2839950&use=l&cat=p&typeid=i","cat":284409},{"id":71531,"n":"Crème fraiche bio Bio village Epaisse - 30% MG  - 50cl","p":2.66,"u":"5,32 €/L","img":"https://fd1-photos.leclercdrive.fr/image.ashx?id=1975050&use=l&cat=p&typeid=i","cat":284381},{"id":71553,"n":"Déodorant Manava Freesia Orchidée - 200ml","p":1.34,"u":"6,70 €/L","img":"https://fd1-photos.leclercdrive.fr/image.ashx?id=2656454&use=l&cat=p&typeid=i","cat":284595},{"id":71557,"n":"Mini sables P'tit Déli Chocolat au lait - 160g","p":1.89,"u":"11,81 €/KG","img":"https://fd1-photos.leclercdrive.fr/image.ashx?id=2323295&use=l&cat=p&typeid=i","cat":284488},{"id":71561,"n":"Palets P'tit Déli A la madeleine - 125g","p":1.15,"u":"9,20 €/KG","img":"https://fd1-photos.leclercdrive.fr/image.ashx?id=2693138&use=l&cat=p&typeid=i","cat":284487},{"id":71565,"n":"Pêches Douceur du Verger Sirop léger - 465g","p":1.62,"u":"3,48 €/KG","img":"https://fd1-photos.leclercdrive.fr/image.ashx?id=2666471&use=l&cat=p&typeid=i","cat":284507},{"id":71566,"n":"Sauce Soja Tables Du Monde 125ml","p":0.83,"u":"6,64 €/L","img":"https://fd1-photos.leclercdrive.fr/image.ashx?id=2679765&use=l&cat=p&typeid=i","cat":288992},{"id":71568,"n":"Sauce soja sucrée Table du monde - 125ml","p":0.83,"u":"6,64 €/L","img":"https://fd1-photos.leclercdrive.fr/image.ashx?id=2679762&use=l&cat=p&typeid=i","cat":288992},{"id":71575,"n":"Test de grossesse Primoplast x1","p":0.74,"img":"https://fd1-photos.leclercdrive.fr/image.ashx?id=2832975&use=l&cat=p&typeid=i","cat":324482},{"id":71576,"n":"Recharge brosse Mamison 90 feuilles adhésives","p":3.0,"img":"https://fd1-photos.leclercdrive.fr/image.ashx?id=2744134&use=l&cat=p&typeid=i","cat":284669},{"id":71578,"n":"Crème lavante Manava Surgras - 300ml","p":1.12,"u":"3,73 €/L","img":"https://fd1-photos.leclercdrive.fr/image.ashx?id=2935513&use=l&cat=p&typeid=i","cat":284597},{"id":71579,"n":"Recharge crème lavante Manava Surgras - 250ml","p":0.66,"u":"2,64 €/L","img":"https://fd1-photos.leclercdrive.fr/image.ashx?id=2935516&use=l&cat=p&typeid=i","cat":284597},{"id":71599,"n":"Bicarbonate de soude Clair 500g","p":1.5,"u":"3,00 €/KG","img":"https://fd1-photos.leclercdrive.fr/image.ashx?id=2822129&use=l&cat=p&typeid=i","cat":325365},{"id":71600,"n":"Champignons Notre Jardin Emincés, épais - 230g","p":1.43,"u":"6,22 €/KG","img":"https://fd1-photos.leclercdrive.fr/image.ashx?id=2553917&use=l&cat=p&typeid=i","cat":312610},{"id":71602,"n":"Change bébé Mots d'Enfants Nouveau né - T1 - 2/5kg - x23","p":2.36,"u":"0,10 €/P","img":"https://fd1-photos.leclercdrive.fr/image.ashx?id=2907225&use=l&cat=p&typeid=i","cat":284737},{"id":71627,"n":"Boisson végétale Bio Village Soja chocolat bio - 1l","p":1.5,"u":"1,50 €/L","img":"https://fd1-photos.leclercdrive.fr/image.ashx?id=2352240&use=l&cat=p&typeid=i","cat":316067},{"id":71629,"n":"Boisson végétale Bio Village Lait amande intense bio - 1l","p":2.39,"u":"2,39 €/L","img":"https://fd1-photos.leclercdrive.fr/image.ashx?id=2386185&use=l&cat=p&typeid=i","cat":316067},{"id":71637,"n":"Bâtonnets enrobés bio Bio Village - Chocolat noir - 125g","p":1.99,"u":"15,92 €/KG","img":"https://fd1-photos.leclercdrive.fr/image.ashx?id=1947402&use=l&cat=p&typeid=i","cat":284488},{"id":71647,"n":"Biscuit graine Bio Village Pépites de chocolat Bio - 140g","p":1.85,"u":"13,21 €/KG","img":"https://fd1-photos.leclercdrive.fr/image.ashx?id=2400526&use=l&cat=p&typeid=i","cat":325066},{"id":71649,"n":"Herbe Provence bio Bio Village 14g","p":0.79,"u":"56,43 €/KG","img":"https://fd1-photos.leclercdrive.fr/image.ashx?id=2711695&use=l&cat=p&typeid=i","cat":298297},{"id":71655,"n":"Curry moulu Bio Village Bio - 37g","p":1.25,"u":"33,78 €/KG","img":"https://fd1-photos.leclercdrive.fr/image.ashx?id=2714989&use=l&cat=p&typeid=i","cat":298297},{"id":72032,"n":"Bière blonde Affligem 6.7% vol -  Fût 5L","p":19.82,"u":"3,96 €/L","img":"https://fd1-photos.leclercdrive.fr/image.ashx?id=2672722&use=l&cat=p&typeid=i","cat":334879},{"id":72140,"n":"Poulet rôti fermier  1P","p":9.95,"img":"https://fd1-photos.leclercdrive.fr/image.ashx?id=1648959&use=l&cat=p&typeid=i","cat":284336},{"id":72731,"n":"Chocolat Pâtissier Nestlé Dessert : Noir 70% - 170g","p":3.29,"u":"19,35 €/KG","img":"https://fd1-photos.leclercdrive.fr/image.ashx?id=2902358&use=l&cat=p&typeid=i","cat":285562},{"id":72734,"n":"Pain de mie Schär - Céréales Sans gluten - 300g","p":3.37,"u":"11,23 €/KG","img":"https://fd1-photos.leclercdrive.fr/image.ashx?id=2659421&use=l&cat=p&typeid=i","cat":318654},{"id":72786,"n":"Bière blonde Pelforth Fût pression - 5L","p":15.93,"u":"3,19 €/L","img":"https://fd1-photos.leclercdrive.fr/image.ashx?id=2767249&use=l&cat=p&typeid=i","cat":334879},{"id":72789,"n":"Bière blonde Desperados Fût 5L","p":19.78,"u":"3,96 €/L","img":"https://fd1-photos.leclercdrive.fr/image.ashx?id=2983513&use=l&cat=p&typeid=i","cat":334879},{"id":72791,"n":"Bière Desperados 3x33cl","p":4.35,"u":"4,39 €/L","img":"https://fd1-photos.leclercdrive.fr/image.ashx?id=2983120&use=l&cat=p&typeid=i","cat":334878},{"id":72815,"n":"Saumon fumé Labeyrie Norvège 12 tranches - 450g","p":13.97,"u":"31,04 €/KG","img":"https://fd1-photos.leclercdrive.fr/image.ashx?id=2916770&use=l&cat=p&typeid=i","cat":285188},{"id":72932,"n":"Spaghetti bolognaise Côté Table 415g","p":2.03,"u":"4,89 €/KG","img":"https://fd1-photos.leclercdrive.fr/image.ashx?id=2977882&use=l&cat=p&typeid=i","cat":284442},{"id":72976,"n":"Vaseline pure Mercurochrome 75ml","p":2.2,"u":"29,33 €/L","img":"https://fd1-photos.leclercdrive.fr/image.ashx?id=2663992&use=l&cat=p&typeid=i","cat":284630},{"id":73001,"n":"Blinis Ronde des mers x4 - 200g","p":1.25,"u":"6,25 €/KG","img":"https://fd1-photos.leclercdrive.fr/image.ashx?id=1919585&use=l&cat=p&typeid=i","cat":285191},{"id":73006,"n":"Sauce pour nems Tables du monde 125ml","p":0.99,"u":"7,92 €/L","img":"https://fd1-photos.leclercdrive.fr/image.ashx?id=2526306&use=l&cat=p&typeid=i","cat":288992},{"id":73700,"n":"AOC Cadillac Côte de Bordeaux Château Latour Camblanes - 75cl","p":6.5,"pp":5.2,"u":"6,93 €/L","img":"https://fd1-photos.leclercdrive.fr/image.ashx?id=2490227&use=l&cat=p&typeid=i","cat":289556},{"id":73706,"n":"Riz basmati Eco+ 1kg","p":2.01,"u":"2,01 €/KG","img":"https://fd1-photos.leclercdrive.fr/image.ashx?id=2141651&use=l&cat=p&typeid=i","cat":284428},{"id":73781,"n":"Maïs doux Eco+ 285g","p":0.78,"u":"2,74 €/KG","img":"https://fd1-photos.leclercdrive.fr/image.ashx?id=3003738&use=l&cat=p&typeid=i","cat":312611},{"id":73798,"n":"Pâtes Eco+ Coquillettes - 1kg","p":1.01,"u":"1,01 €/KG","img":"https://fd1-photos.leclercdrive.fr/image.ashx?id=2885723&use=l&cat=p&typeid=i","cat":284427},{"id":73799,"n":"Pâtes Eco+ Torsades - 1kg","p":1.0,"u":"1,00 €/KG","img":"https://fd1-photos.leclercdrive.fr/image.ashx?id=2885726&use=l&cat=p&typeid=i","cat":284427},{"id":73842,"n":"Beurre moulé Le Gall  Demi-sel - 80% MG - 250g","p":3.13,"u":"12,52 €/KG","img":"https://fd1-photos.leclercdrive.fr/image.ashx?id=2551683&use=l&cat=p&typeid=i","cat":284379},{"id":73957,"n":"Essuie tout Original N°1 Okay Blanc - x6 rouleaux","p":4.43,"u":"0,74 €/P","img":"https://fd1-photos.leclercdrive.fr/image.ashx?id=2981346&use=l&cat=p&typeid=i","cat":284635},{"id":74123,"n":"Citron jaune Rustica 200ml","p":0.79,"u":"3,95 €/L","img":"https://fd1-photos.leclercdrive.fr/image.ashx?id=2627652&use=l&cat=p&typeid=i","cat":288383},{"id":74124,"n":"Citron vert Rustica 200ml","p":0.89,"u":"4,45 €/L","img":"https://fd1-photos.leclercdrive.fr/image.ashx?id=2635768&use=l&cat=p&typeid=i","cat":288383},{"id":74133,"n":"Bâtonnets de Surimi Pêche Océan MSC - x18 bâtonnets - 300g","p":2.05,"u":"6,83 €/KG","img":"https://fd1-photos.leclercdrive.fr/image.ashx?id=2981894&use=l&cat=p&typeid=i","cat":285189},{"id":74255,"n":"Sauce foie gras Charal 120g","p":2.0,"u":"16,67 €/KG","img":"https://fd1-photos.leclercdrive.fr/image.ashx?id=2144281&use=l&cat=p&typeid=i","cat":327293},{"id":74337,"n":"IGP Foie gras de canard entier à l'ancienne, en bocal - 180g","p":34.9,"pp":23.03,"u":"127,94 €/KG","img":"https://fd1-photos.leclercdrive.fr/image.ashx?id=1894102&use=l&cat=p&typeid=i","cat":316008},{"id":74381,"n":"Mousse de canard Madrange Au porto - 180g","p":1.61,"u":"8,94 €/KG","img":"https://fd1-photos.leclercdrive.fr/image.ashx?id=2865704&use=l&cat=p&typeid=i","cat":316008},{"id":74585,"n":"Tomme Pays Basque Istara  Fromage brebis et vache - 180g","p":3.34,"u":"18,56 €/KG","img":"https://fd1-photos.leclercdrive.fr/image.ashx?id=2848548&use=l&cat=p&typeid=i","cat":314031},{"id":74609,"n":"La Fermière Riz au lait Vanille  - 2x160g","p":2.36,"u":"14,75 €/KG","img":"https://fd1-photos.leclercdrive.fr/image.ashx?id=2389713&use=l&cat=p&typeid=i","cat":284418},{"id":74656,"n":"Croquettes chien Purina One Medium adulte poulet riz  2.5kg","p":7.39,"u":"2,96 €/KG","img":"https://fd1-photos.leclercdrive.fr/image.ashx?id=2878384&use=l&cat=p&typeid=i","cat":284672},{"id":74857,"n":"Gateaux P'tit Déli Tout chocolat x7 - 210g","p":2.2,"u":"10,48 €/KG","img":"https://fd1-photos.leclercdrive.fr/image.ashx?id=1947372&use=l&cat=p&typeid=i","cat":294776},{"id":74860,"n":"Champignons Notre Jardin A la grecque - 400g","p":1.56,"u":"3,90 €/KG","img":"https://fd1-photos.leclercdrive.fr/image.ashx?id=2531101&use=l&cat=p&typeid=i","cat":312610},{"id":74949,"n":"Crème Cold cream Avène 100 ml","p":13.4,"u":"134,00 €/L","img":"https://fd1-photos.leclercdrive.fr/image.ashx?id=2377286&use=l&cat=p&typeid=i","cat":290421},{"id":75017,"n":"Maquereaux Pêche Océan Grillé nature - 97g","p":1.81,"u":"18,66 €/KG","img":"https://fd1-photos.leclercdrive.fr/image.ashx?id=2394681&use=l&cat=p&typeid=i","cat":303868},{"id":75337,"n":"Café en grains Méo L'original Bio - 500g","p":8.82,"u":"17,64 €/KG","img":"https://fd1-photos.leclercdrive.fr/image.ashx?id=2798533&use=l&cat=p&typeid=i","cat":293237},{"id":75338,"n":"Sachets Infusion bio Clipper Mes belles gambettes - 40g","p":2.09,"u":"52,25 €/KG","img":"https://fd1-photos.leclercdrive.fr/image.ashx?id=2908300&use=l&cat=p&typeid=i","cat":293234},{"id":75348,"n":"Confiture Bio Lucien Georgelin Orange/Citron/Pamplemousse 320g","p":2.09,"u":"6,53 €/KG","img":"https://fd1-photos.leclercdrive.fr/image.ashx?id=2098736&use=l&cat=p&typeid=i","cat":284480},{"id":75357,"n":"Jus multifruits Jafaden Matin Fruité - 1L","p":2.09,"u":"2,09 €/L","img":"https://fd1-photos.leclercdrive.fr/image.ashx?id=2916713&use=l&cat=p&typeid=i","cat":285435},{"id":75421,"n":"Avoine cuisiné bio Bjorg 200ml","p":1.09,"u":"5,45 €/L","img":"https://fd1-photos.leclercdrive.fr/image.ashx?id=2757292&use=l&cat=p&typeid=i","cat":288383},{"id":75426,"n":"Tofu fumé bio Bjorg - 2x100g","p":2.49,"u":"12,45 €/KG","img":"https://fd1-photos.leclercdrive.fr/image.ashx?id=2928531&use=l&cat=p&typeid=i","cat":284953},{"id":75475,"n":"Biscuits Oréo Format familial 440g","p":3.51,"u":"7,98 €/KG","img":"https://fd1-photos.leclercdrive.fr/image.ashx?id=2903827&use=l&cat=p&typeid=i","cat":284488},{"id":75491,"n":"Tablette chocolat au lait Lindt Praliné noisettes - 225g","p":3.96,"u":"17,60 €/KG","img":"https://fd1-photos.leclercdrive.fr/image.ashx?id=2423756&use=l&cat=p&typeid=i","cat":284497},{"id":75557,"n":"Tablette de chocolat noir Lindt Praliné Noisettes - 225g","p":4.24,"u":"18,84 €/KG","img":"https://fd1-photos.leclercdrive.fr/image.ashx?id=2606912&use=l&cat=p&typeid=i","cat":284956},{"id":75587,"n":"Oignon jaune bio Bio village 1kg","p":2.79,"u":"2,79 €/KG","img":"https://fd1-photos.leclercdrive.fr/image.ashx?id=2922451&use=l&cat=p&typeid=i","cat":284352},{"id":75593,"n":"Ail blanc bio Bio Village 250g","p":3.79,"u":"15,16 €/KG","img":"https://fd1-photos.leclercdrive.fr/image.ashx?id=2922457&use=l&cat=p&typeid=i","cat":284352},{"id":75604,"n":"Effilés viandes Plénima  Chat adulte - 4x85g","p":1.56,"u":"4,59 €/KG","img":"https://fd1-photos.leclercdrive.fr/image.ashx?id=2361122&use=l&cat=p&typeid=i","cat":285286},{"id":75605,"n":"Effilés chat adulte Plénima Viandes, Poissons - 12x85g","p":4.84,"u":"4,75 €/KG","img":"https://fd1-photos.leclercdrive.fr/image.ashx?id=2361125&use=l&cat=p&typeid=i","cat":285286},{"id":75611,"n":"Compact teinté SPF50+ Avène Sable Haute protection - 10g","p":15.5,"img":"https://fd1-photos.leclercdrive.fr/image.ashx?id=2857290&use=l&cat=p&typeid=i","cat":290396},{"id":75629,"n":"Liégeois chocolat Bio Bio village - 4x100g","p":1.89,"u":"4,73 €/KG","img":"https://fd1-photos.leclercdrive.fr/image.ashx?id=2992639&use=l&cat=p&typeid=i","cat":285042},{"id":75630,"n":"Liégéois Bio Bio Village Café - 4x100g","p":1.89,"u":"4,73 €/KG","img":"https://fd1-photos.leclercdrive.fr/image.ashx?id=2992642&use=l&cat=p&typeid=i","cat":285042},{"id":75634,"n":"Eau thermale Avène 150 ml","p":5.99,"u":"39,93 €/L","img":"https://fd1-photos.leclercdrive.fr/image.ashx?id=2756287&use=l&cat=p&typeid=i","cat":301247},{"id":75679,"n":"Gel douche douceur Body Avène Pompe - 500ml","p":8.16,"u":"16,32 €/L","img":"https://fd1-photos.leclercdrive.fr/image.ashx?id=2377103&use=l&cat=p&typeid=i","cat":301591},{"id":75690,"n":"Baume après-rasage Men Avène 75ml","p":15.46,"u":"206,13 €/L","img":"https://fd1-photos.leclercdrive.fr/image.ashx?id=2857326&use=l&cat=p&typeid=i","cat":291167},{"id":75703,"n":"Crème hydratante Avène Hydrance Riche - 40ml","p":13.9,"u":"347,50 €/L","img":"https://fd1-photos.leclercdrive.fr/image.ashx?id=2973688&use=l&cat=p&typeid=i","cat":291171},{"id":75902,"n":"Sérum Keracnyl Ducray - 30ml","p":14.49,"u":"48,30 €/L","img":"https://fd1-photos.leclercdrive.fr/image.ashx?id=2335310&use=l&cat=p&typeid=i","cat":291166},{"id":75916,"n":"Huile lavante apaisant Sensinol Ducray visage et corps - 400ml","p":15.65,"u":"39,13 €/L","img":"https://fd1-photos.leclercdrive.fr/image.ashx?id=2338934&use=l&cat=p&typeid=i","cat":301591},{"id":75984,"n":"Crevettes Bio Bio Village 100g","p":3.28,"u":"32,80 €/KG","img":"https://fd1-photos.leclercdrive.fr/image.ashx?id=2953296&use=l&cat=p&typeid=i","cat":284343},{"id":75988,"n":"Fromage blanc lait Bio Village Bio Brebis - 400g","p":2.5,"u":"6,25 €/KG","img":"https://fd1-photos.leclercdrive.fr/image.ashx?id=2839953&use=l&cat=p&typeid=i","cat":314998},{"id":76008,"n":"Chocolat au lait Lindt Création La Crème brûlée - 150g","p":3.05,"u":"20,33 €/KG","img":"https://fd1-photos.leclercdrive.fr/image.ashx?id=2685802&use=l&cat=p&typeid=i","cat":284497},{"id":76011,"n":"Chocolat noir Lindt Création Le Rocher noir - 150g","p":3.05,"u":"20,33 €/KG","img":"https://fd1-photos.leclercdrive.fr/image.ashx?id=2685808&use=l&cat=p&typeid=i","cat":284956},{"id":76015,"n":"Biscuit Speculoos Lotus Biscoff Original - 250g (2x125g)","p":1.39,"u":"5,56 €/KG","img":"https://fd1-photos.leclercdrive.fr/image.ashx?id=2854735&use=l&cat=p&typeid=i","cat":284487},{"id":76018,"n":"Biscuit spéculoos Lotus  Biscoff Original 140g","p":0.95,"u":"6,79 €/KG","img":"https://fd1-photos.leclercdrive.fr/image.ashx?id=2696079&use=l&cat=p&typeid=i","cat":284487},{"id":76113,"n":"Fromage de Chèvre rapé  Les Croisés -  150g","p":2.69,"u":"17,93 €/KG","img":"https://fd1-photos.leclercdrive.fr/image.ashx?id=2897799&use=l&cat=p&typeid=i","cat":314035},{"id":76119,"n":"Secret de mousse La Laitière Chocolat au lait - 4x59g","p":1.44,"u":"6,10 €/KG","img":"https://fd1-photos.leclercdrive.fr/image.ashx?id=2729740&use=l&cat=p&typeid=i","cat":284417},{"id":76120,"n":"Secret de mousse la Laitière Chocolat noir - 4x59g","p":1.45,"u":"6,14 €/KG","img":"https://fd1-photos.leclercdrive.fr/image.ashx?id=2616835&use=l&cat=p&typeid=i","cat":284417},{"id":76124,"n":"Nuxe men déodorant homme Nuxe  Protection 24h - 50ml","p":6.98,"u":"139,60 €/L","img":"https://fd1-photos.leclercdrive.fr/image.ashx?id=2652221&use=l&cat=p&typeid=i","cat":301593},{"id":76172,"n":"Crème mains Cicalfate Avène Réparatrice - 100ml","p":8.79,"u":"87,90 €/L","img":"https://fd1-photos.leclercdrive.fr/image.ashx?id=2962788&use=l&cat=p&typeid=i","cat":290424},{"id":76173,"n":"Lotion Cicalfate Avène 40ml","p":9.18,"u":"22,95 €/L","img":"https://fd1-photos.leclercdrive.fr/image.ashx?id=2377295&use=l&cat=p&typeid=i","cat":290421},{"id":76181,"n":"Compact teinté Avène SPF50+ Doré - 10g","p":15.5,"img":"https://fd1-photos.leclercdrive.fr/image.ashx?id=2374156&use=l&cat=p&typeid=i","cat":290396},{"id":76194,"n":"Brosse à dent Elgydium Inter active médium","p":2.99,"img":"https://fd1-photos.leclercdrive.fr/image.ashx?id=2449046&use=l&cat=p&typeid=i","cat":290417},{"id":76195,"n":"Brosse à dent Elgydium Inter active souple","p":2.99,"img":"https://fd1-photos.leclercdrive.fr/image.ashx?id=2377718&use=l&cat=p&typeid=i","cat":290417},{"id":76199,"n":"Brosse à dents Inava Brossage/soins 25/100 mi-dure","p":4.49,"img":"https://fd1-photos.leclercdrive.fr/image.ashx?id=2857473&use=l&cat=p&typeid=i","cat":290417},{"id":76211,"n":"L'ours d'or Haribo Sachet bonbons - 300g","p":1.72,"u":"5,73 €/KG","img":"https://fd1-photos.leclercdrive.fr/image.ashx?id=2805201&use=l&cat=p&typeid=i","cat":304250},{"id":76212,"n":"Tutti Candi Haribo Sachet bonbons - 250g","p":1.65,"u":"6,60 €/KG","img":"https://fd1-photos.leclercdrive.fr/image.ashx?id=2984910&use=l&cat=p&typeid=i","cat":304250},{"id":76214,"n":"Chamallows Choco Haribo Sachet bonbons guimauve - 160g","p":1.97,"u":"12,31 €/KG","img":"https://fd1-photos.leclercdrive.fr/image.ashx?id=2984919&use=l&cat=p&typeid=i","cat":304250},{"id":76219,"n":"Cannelloni Côté Table 800g","p":2.99,"u":"3,74 €/KG","img":"https://fd1-photos.leclercdrive.fr/image.ashx?id=2977897&use=l&cat=p&typeid=i","cat":284442},{"id":76220,"n":"Raviolis Côté Table Aux 6 légumes - 800g","p":2.29,"u":"2,86 €/KG","img":"https://fd1-photos.leclercdrive.fr/image.ashx?id=2977903&use=l&cat=p&typeid=i","cat":284442},{"id":76221,"n":"Pur jus Bio Village Bio Citron Sicile - 25cl","p":1.29,"u":"5,16 €/L","img":"https://fd1-photos.leclercdrive.fr/image.ashx?id=3010446&use=l&cat=p&typeid=i","cat":288383},{"id":76224,"n":"Maoam Stripes Haribo Sachet bonbons - 250g","p":2.02,"u":"8,08 €/KG","img":"https://fd1-photos.leclercdrive.fr/image.ashx?id=2953561&use=l&cat=p&typeid=i","cat":304250},{"id":76272,"n":"Lasagnes bolognaises Côté Table Viande de boeuf français - 600g","p":2.99,"u":"4,98 €/KG","img":"https://fd1-photos.leclercdrive.fr/image.ashx?id=2597324&use=l&cat=p&typeid=i","cat":284254},{"id":76313,"n":"Hygiène parfaite Dr Beckmann Lave-linge - 250g","p":2.53,"u":"10,12 €/KG","img":"https://fd1-photos.leclercdrive.fr/image.ashx?id=2569821&use=l&cat=p&typeid=i","cat":284653},{"id":76356,"n":"IGP Pays d'Oc rosé Roche Mazet Syrah - BIB 3L","p":10.6,"u":"3,53 €/L","img":"https://fd1-photos.leclercdrive.fr/image.ashx?id=2597127&use=l&cat=p&typeid=i","cat":289560},{"id":76397,"n":"Tablette chocolat au lait Lindt Noisettes 34% - 150g","p":3.55,"u":"23,67 €/KG","img":"https://fd1-photos.leclercdrive.fr/image.ashx?id=1877960&use=l&cat=p&typeid=i","cat":284497},{"id":76398,"n":"Tablette de chocolat noir Lindt Amandes / Fleur de sel - 150g","p":4.19,"u":"27,93 €/KG","img":"https://fd1-photos.leclercdrive.fr/image.ashx?id=2382992&use=l&cat=p&typeid=i","cat":284956},{"id":76399,"n":"Tablette de chocolat noir Lindt Poire intense - 100g","p":2.54,"u":"25,40 €/KG","img":"https://fd1-photos.leclercdrive.fr/image.ashx?id=2209209&use=l&cat=p&typeid=i","cat":284956},{"id":76454,"n":"Dos de Colin d'Alaska Findus MSC - x6 - 660g","p":7.57,"u":"11,47 €/KG","img":"https://fd1-photos.leclercdrive.fr/image.ashx?id=2735341&use=l&cat=p&typeid=i","cat":319786},{"id":76501,"n":"Chips Tortilla Old El Paso Nachips - 185g","p":2.13,"u":"11,51 €/KG","img":"https://fd1-photos.leclercdrive.fr/image.ashx?id=2444519&use=l&cat=p&typeid=i","cat":288993},{"id":76515,"n":"AOP Petit-Chablis blanc Union Vignerons - 75 cl","p":11.85,"u":"15,80 €/L","img":"https://fd1-photos.leclercdrive.fr/image.ashx?id=2417884&use=l&cat=p&typeid=i","cat":289557},{"id":76516,"n":"AOP Hautes Côte de Beaune  Blason de Bourgogne 75 cl","p":10.32,"u":"13,76 €/L","img":"https://fd1-photos.leclercdrive.fr/image.ashx?id=2177989&use=l&cat=p&typeid=i","cat":289556},{"id":76530,"n":"AOP Cahors rouge Malbec Matayac - 75 cl","p":4.39,"pp":3.07,"u":"4,09 €/L","img":"https://fd1-photos.leclercdrive.fr/image.ashx?id=2608764&use=l&cat=p&typeid=i","cat":289556},{"id":76691,"n":"Whisky Tullamore Dew 40%vol - 1L","p":25.95,"pp":20.76,"u":"20,76 €/L","img":"https://fd1-photos.leclercdrive.fr/image.ashx?id=2657802&use=l&cat=p&typeid=i","cat":284547},{"id":76732,"n":"Yaourt allégé Sveltesse  Chocolat - 4x125g","p":1.34,"u":"2,68 €/KG","img":"https://fd1-photos.leclercdrive.fr/image.ashx?id=2571020&use=l&cat=p&typeid=i","cat":315000},{"id":76776,"n":"Eau de toilette Daniel Hechter  Homme Caractère - 50ml","p":14.29,"pp":10.0,"u":"200,00 €/L","img":"https://fd1-photos.leclercdrive.fr/image.ashx?id=2526953&use=l&cat=p&typeid=i","cat":287740},{"id":76783,"n":"Eau de Toilette Femme Eau Jeune Echappée Belle - 75ml","p":6.87,"pp":4.81,"u":"64,13 €/L","img":"https://fd1-photos.leclercdrive.fr/image.ashx?id=2458745&use=l&cat=p&typeid=i","cat":291525},{"id":76802,"n":"Biscuits cacao Kinder Cards Au lait et au cacao x5 - 128g","p":1.86,"u":"14,53 €/KG","img":"https://fd1-photos.leclercdrive.fr/image.ashx?id=2673328&use=l&cat=p&typeid=i","cat":284488},{"id":76864,"n":"Gelée Bonne Maman Mûres - 370g","p":2.49,"u":"6,73 €/KG","img":"https://fd1-photos.leclercdrive.fr/image.ashx?id=2476305&use=l&cat=p&typeid=i","cat":284480},{"id":76870,"n":"Sachet fraîcheur chien Pedigree  Mixte en gelée - 12x100g","p":5.02,"u":"4,18 €/KG","img":"https://fd1-photos.leclercdrive.fr/image.ashx?id=2870239&use=l&cat=p&typeid=i","cat":284673},{"id":76875,"n":"Confiture Bonne Maman Fraise intense - 335g","p":1.9,"u":"5,67 €/KG","img":"https://fd1-photos.leclercdrive.fr/image.ashx?id=2341008&use=l&cat=p&typeid=i","cat":284480},{"id":76876,"n":"Confiture Bonne Maman Abricot intense - 335g","p":2.04,"u":"6,09 €/KG","img":"https://fd1-photos.leclercdrive.fr/image.ashx?id=2341011&use=l&cat=p&typeid=i","cat":284480},{"id":76877,"n":"Confiture Bonne Maman Framboise intense - 335g","p":2.42,"u":"7,22 €/KG","img":"https://fd1-photos.leclercdrive.fr/image.ashx?id=2341017&use=l&cat=p&typeid=i","cat":284480},{"id":76878,"n":"Confiture Bonne Maman Fruits rouges intense - 335g","p":1.99,"u":"5,94 €/KG","img":"https://fd1-photos.leclercdrive.fr/image.ashx?id=2900977&use=l&cat=p&typeid=i","cat":284480},{"id":76880,"n":"Confiture Bonne Maman Myrtille intense - 335g","p":2.36,"u":"7,04 €/KG","img":"https://fd1-photos.leclercdrive.fr/image.ashx?id=2341020&use=l&cat=p&typeid=i","cat":284480},{"id":76883,"n":"Sachet chat stérilisé Perfect Fit poissons sauce - 4x85g","p":2.55,"u":"7,50 €/KG","img":"https://fd1-photos.leclercdrive.fr/image.ashx?id=2759724&use=l&cat=p&typeid=i","cat":285286},{"id":76887,"n":"Friandises chien Pedigree  Récompense poulet canard - 130g","p":1.72,"u":"13,23 €/KG","img":"https://fd1-photos.leclercdrive.fr/image.ashx?id=2985555&use=l&cat=p&typeid=i","cat":294527},{"id":76888,"n":"Compotes Pom'Potes Gourdes  Multivariétés - 12x90g","p":4.91,"u":"4,55 €/KG","img":"https://fd1-photos.leclercdrive.fr/image.ashx?id=2986143&use=l&cat=p&typeid=i","cat":284508},{"id":76889,"n":"Compotes Pom'Potes Gourdes  Pomme Nature - 20x90g","p":7.25,"u":"4,03 €/KG","img":"https://fd1-photos.leclercdrive.fr/image.ashx?id=2889220&use=l&cat=p&typeid=i","cat":284508},{"id":76893,"n":"Gousse vanille bourbon Vahiné De Madagascar Bio - x1","p":5.39,"img":"https://fd1-photos.leclercdrive.fr/image.ashx?id=2559847&use=l&cat=p&typeid=i","cat":284504},{"id":76895,"n":"Lait croissance Bio Guigoz En poudre - dès 12 mois - 800g","p":15.13,"u":"18,91 €/KG","img":"https://fd1-photos.leclercdrive.fr/image.ashx?id=2740289&use=l&cat=p&typeid=i","cat":290219},{"id":76923,"n":"Crème légère Ictyane Ducray Visage peau normale/sèche -40ml","p":12.99,"u":"324,75 €/L","img":"https://fd1-photos.leclercdrive.fr/image.ashx?id=2335322&use=l&cat=p&typeid=i","cat":291171},{"id":76975,"n":"Huile de massage Weleda Au calendula - 100ml","p":11.89,"u":"118,90 €/L","img":"https://fd1-photos.leclercdrive.fr/image.ashx?id=1955786&use=l&cat=p&typeid=i","cat":290422},{"id":76999,"n":"Vinaigre de vin rouge Maille 50cl","p":1.9,"u":"3,80 €/L","img":"https://fd1-photos.leclercdrive.fr/image.ashx?id=2812747&use=l&cat=p&typeid=i","cat":298543},{"id":77008,"n":"Petits pains grillés Epi d'Or Briochés - 225g","p":1.45,"u":"6,44 €/KG","img":"https://fd1-photos.leclercdrive.fr/image.ashx?id=2496416&use=l&cat=p&typeid=i","cat":284479},{"id":77010,"n":"Lait concentré sucré Nestlé 8% MG - 397g","p":1.7,"u":"4,28 €/KG","img":"https://fd1-photos.leclercdrive.fr/image.ashx?id=2906832&use=l&cat=p&typeid=i","cat":299162},{"id":77017,"n":"Vinaigrette Maille Huile sésame/soja - 36cl","p":2.91,"u":"8,08 €/L","img":"https://fd1-photos.leclercdrive.fr/image.ashx?id=2985657&use=l&cat=p&typeid=i","cat":284456},{"id":77289,"n":"Friandises chats  Félix Poulet, foie, dinde  - 200g","p":2.48,"u":"12,40 €/KG","img":"https://fd1-photos.leclercdrive.fr/image.ashx?id=2740859&use=l&cat=p&typeid=i","cat":285285},{"id":77290,"n":"Friandises chats Félix Saveur ocean Saumon,truite 200g","p":2.48,"u":"12,40 €/KG","img":"https://fd1-photos.leclercdrive.fr/image.ashx?id=2940465&use=l&cat=p&typeid=i","cat":285285},{"id":77360,"n":"Ravioli bolognaise Côté Table 800g","p":2.89,"u":"3,61 €/KG","img":"https://fd1-photos.leclercdrive.fr/image.ashx?id=3013693&use=l&cat=p&typeid=i","cat":284442},{"id":77421,"n":"Pommes Chantecler  1kg","p":2.69,"u":"2,69 €/KG","img":"https://fd1-photos.leclercdrive.fr/image.ashx?id=1630810&use=l&cat=p&typeid=i","cat":284356},{"id":77465,"n":"Fromages râpé spécial Pizza Les Croisés familial - 350g","p":3.94,"u":"11,26 €/KG","img":"https://fd1-photos.leclercdrive.fr/image.ashx?id=2942795&use=l&cat=p&typeid=i","cat":314035},{"id":77542,"n":"IGP Côtes de Gascogne Vin blanc Domaine Herre - 75cl","p":4.95,"u":"6,60 €/L","img":"https://fd1-photos.leclercdrive.fr/image.ashx?id=2433099&use=l&cat=p&typeid=i","cat":289557},{"id":77557,"n":"Rhum blanc Charrette  40%vol - 2L","p":27.99,"u":"14,00 €/L","img":"https://fd1-photos.leclercdrive.fr/image.ashx?id=2811491&use=l&cat=p&typeid=i","cat":284550},{"id":77681,"n":"Amandes décortiquées Vahiné 125g","p":3.81,"u":"30,48 €/KG","img":"https://fd1-photos.leclercdrive.fr/image.ashx?id=2559805&use=l&cat=p&typeid=i","cat":284504},{"id":77683,"n":"Gousses vanille Vahiné x2","p":6.48,"u":"3,24 €/P","img":"https://fd1-photos.leclercdrive.fr/image.ashx?id=2524317&use=l&cat=p&typeid=i","cat":284504},{"id":77707,"n":"Galette bretonne de Rosterch 245g","p":4.95,"u":"20,20 €/KG","img":"https://fd1-photos.leclercdrive.fr/image.ashx?id=1430672&use=l&cat=p&typeid=i","cat":293600},{"id":77731,"n":"Pâte à sucre Vahiné 250g","p":3.36,"u":"13,44 €/KG","img":"https://fd1-photos.leclercdrive.fr/image.ashx?id=2559874&use=l&cat=p&typeid=i","cat":284504},{"id":77735,"n":"IGP Vinaigrette à l'orange Maille 36cl","p":2.49,"u":"6,92 €/L","img":"https://fd1-photos.leclercdrive.fr/image.ashx?id=2082855&use=l&cat=p&typeid=i","cat":284456},{"id":77739,"n":"Crème sans rinçage Elsève Cheveu Abimé, Cassant - 200ml","p":5.23,"u":"26,15 €/L","img":"https://fd1-photos.leclercdrive.fr/image.ashx?id=2948980&use=l&cat=p&typeid=i","cat":284608},{"id":77745,"n":"Sauce Gourmet Amora Béarnaise - 184g","p":1.68,"u":"9,13 €/KG","img":"https://fd1-photos.leclercdrive.fr/image.ashx?id=2387876&use=l&cat=p&typeid=i","cat":318430},{"id":77746,"n":"Sauce Gourmet Amora Burger - 188g","p":1.68,"u":"8,94 €/KG","img":"https://fd1-photos.leclercdrive.fr/image.ashx?id=2387879&use=l&cat=p&typeid=i","cat":318430},{"id":77754,"n":"Pain grillé Pelletier Goût brioche - 500g","p":3.31,"u":"6,62 €/KG","img":"https://fd1-photos.leclercdrive.fr/image.ashx?id=3002246&use=l&cat=p&typeid=i","cat":284479},{"id":77755,"n":"Vinaigrette Légère MAILLE Vin Rouge & Echalotes - 36cl","p":2.46,"u":"6,83 €/L","img":"https://fd1-photos.leclercdrive.fr/image.ashx?id=2788154&use=l&cat=p&typeid=i","cat":284456},{"id":77855,"n":"Huile à barbe L'Oréal Paris Men Expert bois de cèdre - 30ml","p":8.31,"u":"277,00 €/L","img":"https://fd1-photos.leclercdrive.fr/image.ashx?id=3008770&use=l&cat=p&typeid=i","cat":284622},{"id":77882,"n":"Houmous L'Atelier Blini Extra au citron - 175g","p":2.55,"u":"14,57 €/KG","img":"https://fd1-photos.leclercdrive.fr/image.ashx?id=2868984&use=l&cat=p&typeid=i","cat":315999},{"id":77890,"n":"Cake fourré fraise  Sans Gluten - x6 - 210g","p":3.01,"u":"14,33 €/KG","img":"https://fd1-photos.leclercdrive.fr/image.ashx?id=2568828&use=l&cat=p&typeid=i","cat":318654},{"id":77985,"n":"Sauce à l'aneth Labeyrie Pour Saumon fumé - 100g","p":1.99,"u":"19,90 €/KG","img":"https://fd1-photos.leclercdrive.fr/image.ashx?id=2538701&use=l&cat=p&typeid=i","cat":315999},{"id":77986,"n":"Houmous Blini 200g","p":1.92,"u":"9,60 €/KG","img":"https://fd1-photos.leclercdrive.fr/image.ashx?id=2487716&use=l&cat=p&typeid=i","cat":315999},{"id":78002,"n":"Steak Haché Charal Grand cru 12% - 260g","p":6.4,"u":"24,62 €/KG","img":"https://fd1-photos.leclercdrive.fr/image.ashx?id=2014406&use=l&cat=p&typeid=i","cat":284332},{"id":78071,"n":"Café moulu L'Or Doux 100% Arabica - 2x250g","p":9.06,"u":"18,12 €/KG","img":"https://fd1-photos.leclercdrive.fr/image.ashx?id=1876661&use=l&cat=p&typeid=i","cat":284750},{"id":78075,"n":"Café moulu L'Or Intense 100% Arabica - 250g","p":4.57,"u":"18,28 €/KG","img":"https://fd1-photos.leclercdrive.fr/image.ashx?id=2289927&use=l&cat=p&typeid=i","cat":284750},{"id":78087,"n":"Café solubleMaxwell House Qualité Filtre Jarre - 100g","p":5.12,"u":"51,20 €/KG","img":"https://fd1-photos.leclercdrive.fr/image.ashx?id=1793910&use=l&cat=p&typeid=i","cat":284843},{"id":78090,"n":"Café solubleMaxwell House Qualité Filtre Recharge - 235g","p":5.9,"u":"32,78 €/KG","img":"https://fd1-photos.leclercdrive.fr/image.ashx?id=1793916&use=l&cat=p&typeid=i","cat":284843},{"id":78092,"n":"Purée de brocolis Florette 2x200g","p":2.94,"u":"7,35 €/KG","img":"https://fd1-photos.leclercdrive.fr/image.ashx?id=2790009&use=l&cat=p&typeid=i","cat":333665},{"id":78098,"n":"Sauce Épicée TABASCO Piment Rouge - 60ml","p":2.28,"u":"38,00 €/L","img":"https://fd1-photos.leclercdrive.fr/image.ashx?id=2961317&use=l&cat=p&typeid=i","cat":298298},{"id":78105,"n":"Capsules café L'Or Espresso Splendente N°7 x10","p":3.14,"u":"60,38 €/KG","img":"https://fd1-photos.leclercdrive.fr/image.ashx?id=3000465&use=l&cat=p&typeid=i","cat":284749},{"id":78107,"n":"Capsules café L'Or Espresso Decaffeinato N°6 x10","p":3.14,"u":"60,38 €/KG","img":"https://fd1-photos.leclercdrive.fr/image.ashx?id=2100275&use=l&cat=p&typeid=i","cat":284749},{"id":78108,"n":"Capsules café L'Or Espresso Or Absolu N°9 x10","p":3.64,"u":"70,00 €/KG","img":"https://fd1-photos.leclercdrive.fr/image.ashx?id=2100287&use=l&cat=p&typeid=i","cat":284749},{"id":78131,"n":"Penne Chaque Jour  Sans gluten - 400g","p":1.62,"u":"4,05 €/KG","img":"https://fd1-photos.leclercdrive.fr/image.ashx?id=2866247&use=l&cat=p&typeid=i","cat":284427},{"id":78133,"n":"Sablés framboise Bonne Maman 150g","p":1.69,"u":"11,27 €/KG","img":"https://fd1-photos.leclercdrive.fr/image.ashx?id=2936215&use=l&cat=p&typeid=i","cat":284487},{"id":78135,"n":"Safran filament Ducros 0.35g","p":5.66,"img":"https://fd1-photos.leclercdrive.fr/image.ashx?id=2474296&use=l&cat=p&typeid=i","cat":298297},{"id":78137,"n":"Coquillettes Chaque Jour  Sans gluten - 400g","p":1.57,"u":"3,93 €/KG","img":"https://fd1-photos.leclercdrive.fr/image.ashx?id=2872715&use=l&cat=p&typeid=i","cat":284427},{"id":78138,"n":"Sablé de Retz Saint Michel Oter Bahlsen - 2x120g","p":1.35,"u":"5,63 €/KG","img":"https://fd1-photos.leclercdrive.fr/image.ashx?id=2935684&use=l&cat=p&typeid=i","cat":284487},{"id":78140,"n":"Tagliatelles Chaque Jour  Sans gluten - 250g","p":1.69,"u":"6,76 €/KG","img":"https://fd1-photos.leclercdrive.fr/image.ashx?id=2885771&use=l&cat=p&typeid=i","cat":284427},{"id":78154,"n":"Fusilli Chaque Jour  Sans gluten - 400g","p":1.75,"u":"4,38 €/KG","img":"https://fd1-photos.leclercdrive.fr/image.ashx?id=2885774&use=l&cat=p&typeid=i","cat":284427},{"id":78160,"n":"Petits cookies Bonne Maman Pépites de chocolat - 250g","p":2.44,"u":"9,76 €/KG","img":"https://fd1-photos.leclercdrive.fr/image.ashx?id=2936170&use=l&cat=p&typeid=i","cat":325066},{"id":78176,"n":"Mini cônes Extrême Vanille Chocolat x8 - 312g","p":3.59,"u":"11,51 €/KG","img":"https://fd1-photos.leclercdrive.fr/image.ashx?id=2737030&use=l&cat=p&typeid=i","cat":284264},{"id":78192,"n":"Pizza extrème Marie L'américaine - 530g","p":3.68,"u":"6,94 €/KG","img":"https://fd1-photos.leclercdrive.fr/image.ashx?id=2996767&use=l&cat=p&typeid=i","cat":284256},{"id":78204,"n":"Biscuits Palmito LU 100g","p":0.82,"u":"8,20 €/KG","img":"https://fd1-photos.leclercdrive.fr/image.ashx?id=3001949&use=l&cat=p&typeid=i","cat":284487},{"id":78210,"n":"Biscuits Nutella B-ready 6x22g","p":1.9,"u":"14,39 €/KG","img":"https://fd1-photos.leclercdrive.fr/image.ashx?id=2770602&use=l&cat=p&typeid=i","cat":284488},{"id":78212,"n":"Biscuits Mini Prince Fourré chocolat - 160g","p":1.78,"u":"11,13 €/KG","img":"https://fd1-photos.leclercdrive.fr/image.ashx?id=1864026&use=l&cat=p&typeid=i","cat":284488},{"id":78214,"n":"Cookies mini Granola Pépites de chocolat - 160g","p":1.7,"u":"10,63 €/KG","img":"https://fd1-photos.leclercdrive.fr/image.ashx?id=3002252&use=l&cat=p&typeid=i","cat":325066},{"id":78267,"n":"Gourdes bébé Good Goût - 6 mois bio Petit déj - Poire - 70g","p":1.4,"u":"20,00 €/KG","img":"https://fd1-photos.leclercdrive.fr/image.ashx?id=2736085&use=l&cat=p&typeid=i","cat":312393},{"id":78269,"n":"Gourde bébé Good Goût Bio 6Mois Petit déj - Fraise - 70g","p":1.09,"u":"15,57 €/KG","img":"https://fd1-photos.leclercdrive.fr/image.ashx?id=2736088&use=l&cat=p&typeid=i","cat":312393},{"id":78270,"n":"Gourde bébé Good Goût Bio 6Mois Petit déj : Myrtille - 70g","p":1.45,"u":"20,71 €/KG","img":"https://fd1-photos.leclercdrive.fr/image.ashx?id=2736091&use=l&cat=p&typeid=i","cat":312393},{"id":78274,"n":"Mini galette de riz Good Goût Bio - pomme - 40g","p":1.95,"u":"48,75 €/KG","img":"https://fd1-photos.leclercdrive.fr/image.ashx?id=2633133&use=l&cat=p&typeid=i","cat":312227},{"id":78275,"n":"Mini galette de riz Good Goût Myrtille bio - 40g","p":1.95,"u":"48,75 €/KG","img":"https://fd1-photos.leclercdrive.fr/image.ashx?id=2532135&use=l&cat=p&typeid=i","cat":312227},{"id":78276,"n":"Biscuit tout ronds Good Goût Bio - vanille dès 10 mois - 80g","p":2.64,"u":"33,00 €/KG","img":"https://fd1-photos.leclercdrive.fr/image.ashx?id=2736097&use=l&cat=p&typeid=i","cat":312227},{"id":78430,"n":"Coquilles St Jacques  à la bretonne - 2x110g","p":5.35,"u":"24,32 €/KG","img":"https://fd1-photos.leclercdrive.fr/image.ashx?id=2604620&use=l&cat=p&typeid=i","cat":319775},{"id":78454,"n":"Biscuits petit déjeuner Belvita Chocolat - 600g","p":3.78,"u":"6,30 €/KG","img":"https://fd1-photos.leclercdrive.fr/image.ashx?id=2345484&use=l&cat=p&typeid=i","cat":284491},{"id":78488,"n":"Cacahuètes Menguy's Grillées salées - 450g","p":3.75,"u":"8,33 €/KG","img":"https://fd1-photos.leclercdrive.fr/image.ashx?id=2979794&use=l&cat=p&typeid=i","cat":284448},{"id":78496,"n":"Boudoirs Brossard x30 - 175g","p":1.62,"u":"9,26 €/KG","img":"https://fd1-photos.leclercdrive.fr/image.ashx?id=2964995&use=l&cat=p&typeid=i","cat":284487},{"id":78544,"n":"Ravioli pur boeuf Côté Table  400g","p":1.35,"u":"3,38 €/KG","img":"https://fd1-photos.leclercdrive.fr/image.ashx?id=2977894&use=l&cat=p&typeid=i","cat":284442},{"id":78546,"n":"Ravioli bolognaise Côté Table 400g","p":1.99,"u":"4,98 €/KG","img":"https://fd1-photos.leclercdrive.fr/image.ashx?id=2977888&use=l&cat=p&typeid=i","cat":284442},{"id":78549,"n":"Clémentine à feuilles  1kg","p":3.29,"u":"3,29 €/KG","img":"https://fd1-photos.leclercdrive.fr/image.ashx?id=1629124&use=l&cat=p&typeid=i","cat":284356},{"id":78574,"n":"Biscuits Choc'land Magie BN Chocolat au lait - 150g","p":1.88,"u":"12,53 €/KG","img":"https://fd1-photos.leclercdrive.fr/image.ashx?id=1739699&use=l&cat=p&typeid=i","cat":284488},{"id":78577,"n":"Gaufrettes Brun  Chocolat - 146g","p":0.92,"u":"6,30 €/KG","img":"https://fd1-photos.leclercdrive.fr/image.ashx?id=2842543&use=l&cat=p&typeid=i","cat":284487},{"id":78580,"n":"Gaufrettes Brun  Vanille - 146g","p":0.92,"u":"6,30 €/KG","img":"https://fd1-photos.leclercdrive.fr/image.ashx?id=2354320&use=l&cat=p&typeid=i","cat":284487},{"id":78586,"n":"Biscuits cuillers Brossard Pâtissier -300g","p":4.99,"u":"16,63 €/KG","img":"https://fd1-photos.leclercdrive.fr/image.ashx?id=2983384&use=l&cat=p&typeid=i","cat":284487},{"id":78594,"n":"Biscuits croquants Délichoc Chocolat noir - 150g","p":1.79,"u":"11,93 €/KG","img":"https://fd1-photos.leclercdrive.fr/image.ashx?id=2956307&use=l&cat=p&typeid=i","cat":284488},{"id":78628,"n":"Serviettes blanches Homeside x30 - 38cmx38cm - 2 plis","p":1.31,"u":"0,04 €/P","img":"https://fd1-photos.leclercdrive.fr/image.ashx?id=1659693&use=l&cat=p&typeid=i","cat":334134},{"id":78672,"n":"Confiture Lucien Georgelin Framboise - 320g","p":3.08,"u":"9,63 €/KG","img":"https://fd1-photos.leclercdrive.fr/image.ashx?id=1638721&use=l&cat=p&typeid=i","cat":284480},{"id":78673,"n":"Préparation aux Fraises Bio Lucien Georgelin - 320g","p":2.73,"u":"8,53 €/KG","img":"https://fd1-photos.leclercdrive.fr/image.ashx?id=2098739&use=l&cat=p&typeid=i","cat":284480},{"id":78674,"n":"Préparation Ananas/Kiwi Lucien Georgelin - 320g","p":2.26,"u":"7,06 €/KG","img":"https://fd1-photos.leclercdrive.fr/image.ashx?id=1638397&use=l&cat=p&typeid=i","cat":284480},{"id":78732,"n":"Guacamole Old El Paso Doux - 320g","p":2.25,"u":"7,03 €/KG","img":"https://fd1-photos.leclercdrive.fr/image.ashx?id=2737612&use=l&cat=p&typeid=i","cat":288993},{"id":78734,"n":"Boisson gourmande PAGO Red ACE Orange sang carotte ctrn - 75cl","p":1.93,"u":"2,57 €/L","img":"https://fd1-photos.leclercdrive.fr/image.ashx?id=2861234&use=l&cat=p&typeid=i","cat":284915},{"id":78744,"n":"Pain de mie Schär - Classic Sans gluten - 300g","p":3.4,"u":"11,33 €/KG","img":"https://fd1-photos.leclercdrive.fr/image.ashx?id=2659418&use=l&cat=p&typeid=i","cat":318654},{"id":78773,"n":"Tablette de chocolat noir Lindt Noir 78% cacao - 100g","p":2.42,"u":"24,20 €/KG","img":"https://fd1-photos.leclercdrive.fr/image.ashx?id=2689481&use=l&cat=p&typeid=i","cat":284956},{"id":78827,"n":"Crème dessert caramel Ker Ronan - 4x105g","p":1.89,"u":"4,50 €/KG","img":"https://fd1-photos.leclercdrive.fr/image.ashx?id=1989546&use=l&cat=p&typeid=i","cat":285041},{"id":78828,"n":"Yaourts brassés orange/ananas Ker Ronan - 4x125g","p":2.06,"u":"4,12 €/KG","img":"https://fd1-photos.leclercdrive.fr/image.ashx?id=1989540&use=l&cat=p&typeid=i","cat":284410},{"id":78837,"n":"Fromage blanc Danone Nature 3%MG - 825g","p":2.92,"u":"3,54 €/KG","img":"https://fd1-photos.leclercdrive.fr/image.ashx?id=2813878&use=l&cat=p&typeid=i","cat":284409},{"id":78842,"n":"Viande haché 15% MG Bio Village  Bio 350g","p":7.15,"u":"20,43 €/KG","img":"https://fd1-photos.leclercdrive.fr/image.ashx?id=2930796&use=l&cat=p&typeid=i","cat":284332},{"id":78849,"n":"Yaourts brassés Ker Ronan  Citron/citron vert- 4x125g","p":1.67,"u":"3,34 €/KG","img":"https://fd1-photos.leclercdrive.fr/image.ashx?id=1989528&use=l&cat=p&typeid=i","cat":284410},{"id":78850,"n":"Yaourt nature Ker Ronan  4x125g","p":1.57,"u":"3,14 €/KG","img":"https://fd1-photos.leclercdrive.fr/image.ashx?id=1989522&use=l&cat=p&typeid=i","cat":284409},{"id":78856,"n":"Yaourts brassés Ker Ronan  Myrtille - 4x125g","p":2.09,"u":"4,18 €/KG","img":"https://fd1-photos.leclercdrive.fr/image.ashx?id=1989537&use=l&cat=p&typeid=i","cat":284410},{"id":78932,"n":"Crème entière Fairefrance UHT Liquide 30%mg - 3x20cl","p":2.87,"u":"4,78 €/L","img":"https://fd1-photos.leclercdrive.fr/image.ashx?id=2506011&use=l&cat=p&typeid=i","cat":284381},{"id":78937,"n":"Knacki végétal Herta x6 - 210g","p":2.27,"u":"10,81 €/KG","img":"https://fd1-photos.leclercdrive.fr/image.ashx?id=2992323&use=l&cat=p&typeid=i","cat":316036},{"id":78953,"n":"Savon solide Bionaïa Abricot bio - 100g","p":1.39,"u":"13,90 €/KG","img":"https://fd1-photos.leclercdrive.fr/image.ashx?id=2331324&use=l&cat=p&typeid=i","cat":284597},{"id":78965,"n":"Xtrem Box Sodebo Radiatori à la Bolognaise -400g","p":3.16,"u":"7,90 €/KG","img":"https://fd1-photos.leclercdrive.fr/image.ashx?id=2638760&use=l&cat=p&typeid=i","cat":334983},{"id":79021,"n":"Galette Blé bio Céréal Bio  Pommes Terres Emmental xé 200g","p":2.64,"u":"13,20 €/KG","img":"https://fd1-photos.leclercdrive.fr/image.ashx?id=2575102&use=l&cat=p&typeid=i","cat":284953},{"id":79068,"n":"IGP Côte des roses Rosé Languedoc Roussillon 13% - 75cl","p":7.25,"u":"9,67 €/L","img":"https://fd1-photos.leclercdrive.fr/image.ashx?id=2505528&use=l&cat=p&typeid=i","cat":289558},{"id":79092,"n":"Adoucissant peaux sensibles 40 lavages - 750 ml - UNI VERT","p":1.78,"u":"2,37 €/L","img":"https://fd1-photos.leclercdrive.fr/image.ashx?id=2893334&use=l&cat=p&typeid=i","cat":284650},{"id":79095,"n":"Purée de pommes C'est Qui Le Patron - 840g","p":2.67,"u":"3,18 €/KG","img":"https://fd1-photos.leclercdrive.fr/image.ashx?id=2097662&use=l&cat=p&typeid=i","cat":284508},{"id":79233,"n":"Petit pot bébé bio Blédina 4-6m Haricots pomme de terre -2x130g","p":1.77,"u":"6,81 €/KG","img":"https://fd1-photos.leclercdrive.fr/image.ashx?id=2831699&use=l&cat=p&typeid=i","cat":312234},{"id":79243,"n":"Petit pot bébé bio Blédina 4-6m Patate douce - 2x130g","p":1.77,"u":"6,81 €/KG","img":"https://fd1-photos.leclercdrive.fr/image.ashx?id=2848581&use=l&cat=p&typeid=i","cat":312234},{"id":79252,"n":"Compote bébé bio Blédina 6 mois Pomme banane kiwi - 2x130g","p":1.84,"u":"7,08 €/KG","img":"https://fd1-photos.leclercdrive.fr/image.ashx?id=2848560&use=l&cat=p&typeid=i","cat":312388},{"id":79260,"n":"Compote bébé bio Blédina 6 mois Pomme banane nectarine - 2x130g","p":1.84,"u":"7,08 €/KG","img":"https://fd1-photos.leclercdrive.fr/image.ashx?id=2848572&use=l&cat=p&typeid=i","cat":312388},{"id":79319,"n":"Shampooing Bio Sobio Etic Cheveux Doux - 250ml","p":3.63,"u":"14,52 €/L","img":"https://fd1-photos.leclercdrive.fr/image.ashx?id=2787068&use=l&cat=p&typeid=i","cat":284606},{"id":79323,"n":"Shampooing Bio Sobio Etic Cheveux nourris - 250ml","p":3.66,"u":"14,64 €/L","img":"https://fd1-photos.leclercdrive.fr/image.ashx?id=2792681&use=l&cat=p&typeid=i","cat":284606},{"id":79402,"n":"Chorizo espagnol fort x30 - 150g","p":2.19,"u":"14,60 €/KG","img":"https://fd1-photos.leclercdrive.fr/image.ashx?id=1873728&use=l&cat=p&typeid=i","cat":316007},{"id":79404,"n":"P'tit max Délisse Vanille - 6x180g","p":2.03,"u":"1,88 €/KG","img":"https://fd1-photos.leclercdrive.fr/image.ashx?id=2757933&use=l&cat=p&typeid=i","cat":284415},{"id":79406,"n":"P'tit max Délisse Framboise - 6x180g","p":2.03,"u":"1,88 €/KG","img":"https://fd1-photos.leclercdrive.fr/image.ashx?id=2757936&use=l&cat=p&typeid=i","cat":284415},{"id":79467,"n":"Filet mignon Petitgas 30 tranches - 75g","p":2.79,"u":"37,20 €/KG","img":"https://fd1-photos.leclercdrive.fr/image.ashx?id=2175174&use=l&cat=p&typeid=i","cat":316007},{"id":79513,"n":"Soupe mouliné Knorr Légumes verts - 1L","p":2.05,"u":"2,05 €/L","img":"https://fd1-photos.leclercdrive.fr/image.ashx?id=2408270&use=l&cat=p&typeid=i","cat":284462},{"id":79517,"n":"Soupe velouté Knorr 9 légumes - 1L","p":1.68,"u":"1,68 €/L","img":"https://fd1-photos.leclercdrive.fr/image.ashx?id=2408273&use=l&cat=p&typeid=i","cat":284462},{"id":79519,"n":"Soupe mouliné Knorr Légumes variés - 1L","p":1.75,"u":"1,75 €/L","img":"https://fd1-photos.leclercdrive.fr/image.ashx?id=2408276&use=l&cat=p&typeid=i","cat":284462},{"id":79528,"n":"Nouilles Tables du Monde Asiatiques Boeuf cup - 61.5g","p":0.74,"u":"11,94 €/KG","img":"https://fd1-photos.leclercdrive.fr/image.ashx?id=2920199&use=l&cat=p&typeid=i","cat":288992},{"id":79529,"n":"Nouille Tables du Monde Asiatique Poulet cup - 61.5g","p":0.74,"u":"11,94 €/KG","img":"https://fd1-photos.leclercdrive.fr/image.ashx?id=2920202&use=l&cat=p&typeid=i","cat":288992},{"id":79532,"n":"Nouilles Table du Monde Asiatiques Curry cup - 61.5g","p":0.79,"u":"12,74 €/KG","img":"https://fd1-photos.leclercdrive.fr/image.ashx?id=2920205&use=l&cat=p&typeid=i","cat":288992},{"id":79551,"n":"Pâtes Collezione Barilla Trofie - 500g","p":1.46,"u":"2,92 €/KG","img":"https://fd1-photos.leclercdrive.fr/image.ashx?id=2651714&use=l&cat=p&typeid=i","cat":284427},{"id":79552,"n":"Pâtes Barilla Spaghettoni n°7 - 1kg","p":1.8,"u":"1,80 €/KG","img":"https://fd1-photos.leclercdrive.fr/image.ashx?id=2392233&use=l&cat=p&typeid=i","cat":284427},{"id":79555,"n":"Sauce Tomates Barilla Basilic - 200g","p":1.21,"u":"6,05 €/KG","img":"https://fd1-photos.leclercdrive.fr/image.ashx?id=2834044&use=l&cat=p&typeid=i","cat":287599},{"id":79556,"n":"Couscous parfumé Tipiak Epice - 510g","p":1.87,"u":"3,67 €/KG","img":"https://fd1-photos.leclercdrive.fr/image.ashx?id=2882866&use=l&cat=p&typeid=i","cat":284429},{"id":79560,"n":"Madeleines moelleuses Saint Michel x10 - 250g","p":1.69,"u":"6,76 €/KG","img":"https://fd1-photos.leclercdrive.fr/image.ashx?id=2936155&use=l&cat=p&typeid=i","cat":284492},{"id":79623,"n":"Barre de céréales Nature Valley  Crunchy avoine miel X5-210g","p":2.25,"u":"10,71 €/KG","img":"https://fd1-photos.leclercdrive.fr/image.ashx?id=2844472&use=l&cat=p&typeid=i","cat":285869},{"id":79624,"n":"Barre de céréales Nature Valley Crunchy avoine chocolat x5-210g","p":2.47,"u":"11,76 €/KG","img":"https://fd1-photos.leclercdrive.fr/image.ashx?id=2844475&use=l&cat=p&typeid=i","cat":285869},{"id":79625,"n":"Barre de céréales Nature Valley  Sweet & Salty chocolat x5-150g","p":2.73,"u":"18,20 €/KG","img":"https://fd1-photos.leclercdrive.fr/image.ashx?id=2737714&use=l&cat=p&typeid=i","cat":285869},{"id":79668,"n":"Bouillon cubes Knorr Légumes réduit en sel x12- 109g","p":1.29,"u":"11,83 €/KG","img":"https://fd1-photos.leclercdrive.fr/image.ashx?id=2793068&use=l&cat=p&typeid=i","cat":288379},{"id":79674,"n":"Mascara Maybelline  Colossal Big Shot volume Noir","p":9.53,"img":"https://fd1-photos.leclercdrive.fr/image.ashx?id=2422734&use=l&cat=p&typeid=i","cat":287029},{"id":79682,"n":"Poudre fondante L'Oréal Paris Accord Parfait 3D Beige doré","p":12.99,"img":"https://fd1-photos.leclercdrive.fr/image.ashx?id=2395544&use=l&cat=p&typeid=i","cat":287029},{"id":79692,"n":"Mascara L'Oréal Paris Millions de Cils Noir","p":10.79,"pp":7.12,"img":"https://fd1-photos.leclercdrive.fr/image.ashx?id=2419167&use=l&cat=p&typeid=i","cat":287029},{"id":79694,"n":"Fond de Teint L'Oréal Paris Accord Parfait 2.R Vanille Rosé","p":10.99,"img":"https://fd1-photos.leclercdrive.fr/image.ashx?id=2937355&use=l&cat=p&typeid=i","cat":287029},{"id":79797,"n":"Fond de Teint L'Oréal Paris Accord Parfait 3.R Beige Rosé","p":10.96,"img":"https://fd1-photos.leclercdrive.fr/image.ashx?id=2900971&use=l&cat=p&typeid=i","cat":287029},{"id":79798,"n":"Fond de Teint L'Oréal Paris Accord Parfait 3.D Beige Doré","p":12.99,"img":"https://fd1-photos.leclercdrive.fr/image.ashx?id=2900974&use=l&cat=p&typeid=i","cat":287029},{"id":79873,"n":"Fond de teint Maybelline Dream Radiant 21 Beige Doré","p":8.83,"img":"https://fd1-photos.leclercdrive.fr/image.ashx?id=2434455&use=l&cat=p&typeid=i","cat":287029},{"id":79875,"n":"Fond de teint Maybelline  Dream Radiant Eclat 30 Sable","p":8.65,"img":"https://fd1-photos.leclercdrive.fr/image.ashx?id=2248561&use=l&cat=p&typeid=i","cat":287029},{"id":79877,"n":"Correcteur anticerne Maybelline Instant Anti-Age 01 Beige Rose","p":8.49,"img":"https://fd1-photos.leclercdrive.fr/image.ashx?id=2770542&use=l&cat=p&typeid=i","cat":287029},{"id":79903,"n":"Rouge à lèvres Maybelline Superstay - Matte ink 15 lover","p":12.6,"img":"https://fd1-photos.leclercdrive.fr/image.ashx?id=2925451&use=l&cat=p&typeid=i","cat":287029},{"id":79904,"n":"Mascara waterproof Maybelline  Volum'Express noir","p":5.39,"img":"https://fd1-photos.leclercdrive.fr/image.ashx?id=2470285&use=l&cat=p&typeid=i","cat":287029},{"id":79908,"n":"Eyeliner express Maybelline Liner liquide Noir","p":9.9,"img":"https://fd1-photos.leclercdrive.fr/image.ashx?id=2670854&use=l&cat=p&typeid=i","cat":287029},{"id":79936,"n":"Jambon Tranché Fin Fleury Michon -25% de sel x4 - 120g","p":2.05,"u":"17,08 €/KG","img":"https://fd1-photos.leclercdrive.fr/image.ashx?id=2889295&use=l&cat=p&typeid=i","cat":316009},{"id":79937,"n":"Dés de jambon Fleury Michon -25% de sel - 2x75g","p":1.86,"u":"12,40 €/KG","img":"https://fd1-photos.leclercdrive.fr/image.ashx?id=2645492&use=l&cat=p&typeid=i","cat":316011},{"id":79938,"n":"Desperados Red Boite 50cl","p":1.97,"u":"3,94 €/L","img":"https://fd1-photos.leclercdrive.fr/image.ashx?id=2983111&use=l&cat=p&typeid=i","cat":334853},{"id":79940,"n":"Bière blonde Grimbergen 6,7° - 50cl canette","p":1.79,"u":"3,58 €/L","img":"https://fd1-photos.leclercdrive.fr/image.ashx?id=2605458&use=l&cat=p&typeid=i","cat":334853},{"id":79960,"n":"Joker Le Fruit Jus de pomme - 1L","p":1.87,"u":"1,87 €/L","img":"https://fd1-photos.leclercdrive.fr/image.ashx?id=2846601&use=l&cat=p&typeid=i","cat":284522},{"id":79966,"n":"Joker Pur Jus Engagé Orange sans pulpe - 1,5L","p":3.59,"u":"2,39 €/L","img":"https://fd1-photos.leclercdrive.fr/image.ashx?id=3001290&use=l&cat=p&typeid=i","cat":284521},{"id":79967,"n":"Joker Pur Jus Engagé Orange  avec pulpe - 1,5L","p":4.1,"u":"2,73 €/L","img":"https://fd1-photos.leclercdrive.fr/image.ashx?id=3008140&use=l&cat=p&typeid=i","cat":284521},{"id":79971,"n":"Boisson Citronnade Pulco Citron - 1L","p":1.99,"u":"1,99 €/L","img":"https://fd1-photos.leclercdrive.fr/image.ashx?id=2942263&use=l&cat=p&typeid=i","cat":295018},{"id":79972,"n":"Soda rouge Orangina Orange Sanguine - 1,5L","p":1.94,"u":"1,29 €/L","img":"https://fd1-photos.leclercdrive.fr/image.ashx?id=2539833&use=l&cat=p&typeid=i","cat":284532},{"id":80008,"n":"Chocolat noir Bio Ethiquable  Gingembre confit - 100g","p":2.69,"u":"26,90 €/KG","img":"https://fd1-photos.leclercdrive.fr/image.ashx?id=2870911&use=l&cat=p&typeid=i","cat":284956},{"id":80128,"n":"Rosette de Lyon Saint-Azay 12 tranches - 100g","p":1.44,"u":"14,40 €/KG","img":"https://fd1-photos.leclercdrive.fr/image.ashx?id=2728264&use=l&cat=p&typeid=i","cat":316007},{"id":80182,"n":"Bière blonde Morgane bio 6x25cl","p":6.21,"pp":4.35,"u":"2,90 €/L","img":"https://fd1-photos.leclercdrive.fr/image.ashx?id=1758442&use=l&cat=p&typeid=i","cat":334873},{"id":80183,"n":"Bière blonde Duchesse Anne Triple - 6x25cl","p":6.21,"pp":4.35,"u":"2,90 €/L","img":"https://fd1-photos.leclercdrive.fr/image.ashx?id=1650626&use=l&cat=p&typeid=i","cat":334872},{"id":80186,"n":"Rhum tradition Rivière du Mat Blanc - 40%vol - 70cl","p":11.5,"pp":10.35,"u":"14,79 €/L","img":"https://fd1-photos.leclercdrive.fr/image.ashx?id=2616117&use=l&cat=p&typeid=i","cat":284550},{"id":80264,"n":"Joker Pur Jus Engagé  Multifruits - 2L","p":5.01,"u":"2,51 €/L","img":"https://fd1-photos.leclercdrive.fr/image.ashx?id=2846358&use=l&cat=p&typeid=i","cat":284917},{"id":80275,"n":"Joker Pur Jus Engagé Mandarine Orange du matin - 1L","p":2.4,"u":"2,40 €/L","img":"https://fd1-photos.leclercdrive.fr/image.ashx?id=2731183&use=l&cat=p&typeid=i","cat":284521},{"id":80305,"n":"Boisson aux fruits Oasis Tropical - 12x33cl","p":7.02,"u":"1,77 €/L","img":"https://fd1-photos.leclercdrive.fr/image.ashx?id=2880706&use=l&cat=p&typeid=i","cat":295018},{"id":80306,"n":"Soda Schweppes Saveur Agrumes -12x33cl","p":6.99,"u":"1,77 €/L","img":"https://fd1-photos.leclercdrive.fr/image.ashx?id=2852426&use=l&cat=p&typeid=i","cat":284532},{"id":80346,"n":"yaourt aux fruits bifidus activia cerise - 4x125g","p":1.77,"u":"3,54 €/KG","img":"https://fd1-photos.leclercdrive.fr/image.ashx?id=2885327&use=l&cat=p&typeid=i","cat":315000},{"id":80352,"n":"Cannelloni Côté Table  - 400g","p":2.07,"u":"5,18 €/KG","img":"https://fd1-photos.leclercdrive.fr/image.ashx?id=2977900&use=l&cat=p&typeid=i","cat":284442},{"id":80380,"n":"Tablette De Chocolat Poulain Noir Extra - 200g","p":2.07,"u":"10,35 €/KG","img":"https://fd1-photos.leclercdrive.fr/image.ashx?id=2890262&use=l&cat=p&typeid=i","cat":284956},{"id":80382,"n":"Tablette De Chocolat Poulain Noir Extra - 2x100g","p":2.47,"u":"12,35 €/KG","img":"https://fd1-photos.leclercdrive.fr/image.ashx?id=2867566&use=l&cat=p&typeid=i","cat":284956},{"id":80383,"n":"Tablette KINDER Chocolat Chocolat au Lait x12 - 150g","p":2.84,"u":"18,93 €/KG","img":"https://fd1-photos.leclercdrive.fr/image.ashx?id=1904474&use=l&cat=p&typeid=i","cat":284498},{"id":80385,"n":"Barres Chocolatées KINDER BUENO  Chocolat au Lait x5 - 215g","p":3.89,"u":"18,09 €/KG","img":"https://fd1-photos.leclercdrive.fr/image.ashx?id=2679621&use=l&cat=p&typeid=i","cat":284498},{"id":80386,"n":"Barres KINDER BUENO White  Chocolat Blanc x6 - 234g","p":4.2,"u":"17,95 €/KG","img":"https://fd1-photos.leclercdrive.fr/image.ashx?id=2679639&use=l&cat=p&typeid=i","cat":284498},{"id":80391,"n":"Mascara L'Oréal Paris  Lash Paradise Noir","p":10.65,"img":"https://fd1-photos.leclercdrive.fr/image.ashx?id=2580158&use=l&cat=p&typeid=i","cat":287029},{"id":80396,"n":"Eau Micellaire visage Nivea Peaux sèches - 400ml","p":3.57,"u":"8,93 €/L","img":"https://fd1-photos.leclercdrive.fr/image.ashx?id=3014599&use=l&cat=p&typeid=i","cat":284603},{"id":80398,"n":"Eau Micellaire visage Nivea Peaux sensibles - 400ml","p":3.19,"u":"7,98 €/L","img":"https://fd1-photos.leclercdrive.fr/image.ashx?id=2800965&use=l&cat=p&typeid=i","cat":284603},{"id":80479,"n":"Bières Blondes Chouffe 6x33cl","p":11.66,"u":"5,89 €/L","img":"https://fd1-photos.leclercdrive.fr/image.ashx?id=2877079&use=l&cat=p&typeid=i","cat":334872},{"id":80525,"n":"Saucisse sèche 300g - Charcuterie des druides","p":4.74,"u":"15,80 €/KG","img":"https://fd1-photos.leclercdrive.fr/image.ashx?id=2506275&use=l&cat=p&typeid=i","cat":316006},{"id":80528,"n":"Saucisson sec Senan Charcuterie des druides","p":3.2,"img":"https://fd1-photos.leclercdrive.fr/image.ashx?id=2506266&use=l&cat=p&typeid=i","cat":316006},{"id":80620,"n":"Poulet rôti en Cocotte BORDEAU CHESNEL - 110g","p":1.64,"u":"14,91 €/KG","img":"https://fd1-photos.leclercdrive.fr/image.ashx?id=2896919&use=l&cat=p&typeid=i","cat":316008},{"id":80630,"n":"Purée de tomates Bio Village Bio  - 72cl","p":1.54,"u":"2,14 €/L","img":"https://fd1-photos.leclercdrive.fr/image.ashx?id=2699589&use=l&cat=p&typeid=i","cat":288384},{"id":80633,"n":"Whisky Glen Grant + Etui 10 ans - 40%vol - 70cl","p":27.2,"u":"38,86 €/L","img":"https://fd1-photos.leclercdrive.fr/image.ashx?id=2578894&use=l&cat=p&typeid=i","cat":284547},{"id":80641,"n":"Chouquettes  20P","p":2.95,"u":"0,15 €/P","img":"https://fd1-photos.leclercdrive.fr/image.ashx?id=2070851&use=l&cat=p&typeid=i","cat":284984},{"id":80840,"n":"Bouillon Cube Maggi Pot au feu - Dégraissé - 120g","p":1.47,"u":"12,25 €/KG","img":"https://fd1-photos.leclercdrive.fr/image.ashx?id=2212327&use=l&cat=p&typeid=i","cat":288379},{"id":80841,"n":"Bouillon Cube Maggi Volaille - Degraissé - 120g","p":1.58,"u":"13,17 €/KG","img":"https://fd1-photos.leclercdrive.fr/image.ashx?id=2737087&use=l&cat=p&typeid=i","cat":288379},{"id":80842,"n":"Bouillon Cube Maggi Dégraissé - 120g","p":1.47,"u":"12,25 €/KG","img":"https://fd1-photos.leclercdrive.fr/image.ashx?id=2737090&use=l&cat=p&typeid=i","cat":288379},{"id":80859,"n":"Hop-La Banana Goliath Jeu de société - Dès 4 ans","p":17.8,"img":"https://fd1-photos.leclercdrive.fr/image.ashx?id=2360245&use=l&cat=p&typeid=i","cat":334378},{"id":80875,"n":"Looky Studio Ravensburger Dès 6 ans","p":21.9,"u":"Dont 0,07 € d'éco-part.","img":"https://fd1-photos.leclercdrive.fr/image.ashx?id=2937637&use=l&cat=p&typeid=i","cat":334381},{"id":80927,"n":"Fromage chèvre chaud Soignon Nature - 21% MG - 4x25g","p":1.94,"u":"19,40 €/KG","img":"https://fd1-photos.leclercdrive.fr/image.ashx?id=2844951&use=l&cat=p&typeid=i","cat":314027},{"id":80939,"n":"Préparation orange  Lucien Georgelin - 320g","p":1.99,"u":"6,22 €/KG","img":"https://fd1-photos.leclercdrive.fr/image.ashx?id=2445202&use=l&cat=p&typeid=i","cat":284480},{"id":81038,"n":"Rummikub Chiffres Dès 7 ans","p":28.9,"img":"https://fd1-photos.leclercdrive.fr/image.ashx?id=1726244&use=l&cat=p&typeid=i","cat":334378},{"id":81094,"n":"Trivial Pursuit Famille Jeu de société - Dès 8 ans","p":27.8,"img":"https://fd1-photos.leclercdrive.fr/image.ashx?id=2660925&use=l&cat=p&typeid=i","cat":334378},{"id":81188,"n":"Flan aromatisé vanille Flanby nappé de caramel - 12x100g","p":2.58,"u":"2,15 €/KG","img":"https://fd1-photos.leclercdrive.fr/image.ashx?id=2744584&use=l&cat=p&typeid=i","cat":284420},{"id":81196,"n":"Flan aromatisé vanille Flanby nappé de caramel - 6x100g","p":1.47,"u":"2,45 €/KG","img":"https://fd1-photos.leclercdrive.fr/image.ashx?id=2483786&use=l&cat=p&typeid=i","cat":284420},{"id":81199,"n":"Yaourt La Laitière  Vanille - 8x125g","p":3.21,"u":"3,21 €/KG","img":"https://fd1-photos.leclercdrive.fr/image.ashx?id=2613981&use=l&cat=p&typeid=i","cat":286006},{"id":81222,"n":"Pizza La pizz Sodebo Chorizo - 470g","p":3.3,"u":"7,02 €/KG","img":"https://fd1-photos.leclercdrive.fr/image.ashx?id=2868389&use=l&cat=p&typeid=i","cat":333679},{"id":81224,"n":"Pizza l'Ovale Sodebo Lardons & Chèvre affiné - 200g","p":1.8,"u":"9,00 €/KG","img":"https://fd1-photos.leclercdrive.fr/image.ashx?id=2438564&use=l&cat=p&typeid=i","cat":333679},{"id":81234,"n":"Les carrés Good Goût Dès 8 mois - banane bio - 50g","p":2.38,"u":"47,60 €/KG","img":"https://fd1-photos.leclercdrive.fr/image.ashx?id=2640052&use=l&cat=p&typeid=i","cat":312227},{"id":81236,"n":"Fromage à tartiner Boursin Ail et fines herbes 10 portions","p":2.42,"u":"15,13 €/KG","img":"https://fd1-photos.leclercdrive.fr/image.ashx?id=2964682&use=l&cat=p&typeid=i","cat":314029},{"id":81246,"n":"Bière blonde Pelforth 12x25cl","p":7.19,"u":"2,40 €/L","img":"https://fd1-photos.leclercdrive.fr/image.ashx?id=2645146&use=l&cat=p&typeid=i","cat":334873},{"id":81250,"n":"Bière blonde Grimbergen 6,7° - 20x25cl","p":14.12,"u":"2,82 €/L","img":"https://fd1-photos.leclercdrive.fr/image.ashx?id=2294791&use=l&cat=p&typeid=i","cat":334852},{"id":81254,"n":"Bière blonde Grimbergen 6,7° - 12x25cl","p":8.69,"u":"2,90 €/L","img":"https://fd1-photos.leclercdrive.fr/image.ashx?id=2872865&use=l&cat=p&typeid=i","cat":334852},{"id":81255,"n":"Blère blonde Pelforth 6x25cl","p":4.18,"u":"2,79 €/L","img":"https://fd1-photos.leclercdrive.fr/image.ashx?id=2959025&use=l&cat=p&typeid=i","cat":334873},{"id":81262,"n":"Mort Subite Kriek Lambic 75cl","p":4.35,"u":"5,80 €/L","img":"https://fd1-photos.leclercdrive.fr/image.ashx?id=2944954&use=l&cat=p&typeid=i","cat":334878},{"id":81268,"n":"Bière blonde Grimbergen 6,7° - 6x25cl","p":4.79,"u":"3,19 €/L","img":"https://fd1-photos.leclercdrive.fr/image.ashx?id=2294381&use=l&cat=p&typeid=i","cat":334852},{"id":81272,"n":"Vin mousseux brut blanc  Produit en Allemagne - 75cl","p":1.59,"u":"2,12 €/L","img":"https://fd1-photos.leclercdrive.fr/image.ashx?id=2720133&use=l&cat=p&typeid=i","cat":284544},{"id":81280,"n":"Fromage La Vache qui rit Toastinette nature 10 tranches","p":1.65,"u":"8,25 €/KG","img":"https://fd1-photos.leclercdrive.fr/image.ashx?id=2342776&use=l&cat=p&typeid=i","cat":314028},{"id":81281,"n":"Fromage La Vache qui rit Toastinette cheddar 10 tranches","p":1.65,"u":"8,25 €/KG","img":"https://fd1-photos.leclercdrive.fr/image.ashx?id=2342773&use=l&cat=p&typeid=i","cat":314028},{"id":81285,"n":"Céréales bébé soir Blédiner 8m Légumes en poudre - 240g","p":2.19,"u":"9,13 €/KG","img":"https://fd1-photos.leclercdrive.fr/image.ashx?id=2192763&use=l&cat=p&typeid=i","cat":312239},{"id":81291,"n":"Bière sans alcool Tourtel Twist Citron Vert Menthe 0,0° -6x27cl","p":4.39,"u":"2,66 €/L","img":"https://fd1-photos.leclercdrive.fr/image.ashx?id=2896567&use=l&cat=p&typeid=i","cat":334877},{"id":81316,"n":"Tablette KINDER Chocolat Chocolat au Lait x24 - 300g","p":4.23,"u":"14,10 €/KG","img":"https://fd1-photos.leclercdrive.fr/image.ashx?id=2868167&use=l&cat=p&typeid=i","cat":284498},{"id":81318,"n":"Bonbons KINDER Schoko-Bons Chocolat au lait - 500G","p":7.85,"u":"15,70 €/KG","img":"https://fd1-photos.leclercdrive.fr/image.ashx?id=2402925&use=l&cat=p&typeid=i","cat":304238},{"id":81323,"n":"Huile d'olive Bio Carapelli Extra-vierge - 75cl","p":10.88,"u":"14,51 €/L","img":"https://fd1-photos.leclercdrive.fr/image.ashx?id=2737447&use=l&cat=p&typeid=i","cat":284453},{"id":81361,"n":"Spray Cytelium A-derma Assèche et Apaise - 100ml","p":9.95,"u":"99,50 €/L","img":"https://fd1-photos.leclercdrive.fr/image.ashx?id=2377091&use=l&cat=p&typeid=i","cat":290421},{"id":81371,"n":"Tartine de pain Pasquier Au blé complet - 240g","p":1.49,"u":"6,21 €/KG","img":"https://fd1-photos.leclercdrive.fr/image.ashx?id=2927339&use=l&cat=p&typeid=i","cat":284479},{"id":81374,"n":"Vodka Zubrowka Biala 37.5%vol - 1L","p":14.95,"pp":13.45,"u":"13,45 €/L","img":"https://fd1-photos.leclercdrive.fr/image.ashx?id=2955510&use=l&cat=p&typeid=i","cat":284550},{"id":81379,"n":"Jambon cru -25%  de Sel Aoste 6 tranches - 100g","p":3.33,"u":"33,30 €/KG","img":"https://fd1-photos.leclercdrive.fr/image.ashx?id=2359507&use=l&cat=p&typeid=i","cat":316007},{"id":81380,"n":"Chorizo tranché César Moroni Doux 20 tranches - 100g","p":1.97,"u":"19,70 €/KG","img":"https://fd1-photos.leclercdrive.fr/image.ashx?id=2948836&use=l&cat=p&typeid=i","cat":316007},{"id":81383,"n":"Rillettes du Mans La Véritable Bordeau Chesnel - 220g","p":2.17,"u":"9,86 €/KG","img":"https://fd1-photos.leclercdrive.fr/image.ashx?id=2763100&use=l&cat=p&typeid=i","cat":316008},{"id":81384,"n":"Vodka Zubrowska Biala 37.5%vol - 70cl","p":10.95,"u":"15,64 €/L","img":"https://fd1-photos.leclercdrive.fr/image.ashx?id=2961227&use=l&cat=p&typeid=i","cat":284550},{"id":81450,"n":"Bière Blonde Duvel 6x33cl","p":10.74,"u":"5,42 €/L","img":"https://fd1-photos.leclercdrive.fr/image.ashx?id=2314587&use=l&cat=p&typeid=i","cat":334872},{"id":81462,"n":"Fromage Apéritif Apérivrais  Ail et Fines Herbes - 100g","p":2.08,"u":"20,80 €/KG","img":"https://fd1-photos.leclercdrive.fr/image.ashx?id=2854612&use=l&cat=p&typeid=i","cat":314027},{"id":81541,"n":"Bière Coreff Dramm Hud 7.5%vol -  6x25cl","p":6.47,"u":"4,31 €/L","img":"https://fd1-photos.leclercdrive.fr/image.ashx?id=1604864&use=l&cat=p&typeid=i","cat":334872},{"id":81547,"n":"Capsules Nescafé Dolce Gusto  Cappuccino - x8 - 186g","p":4.52,"u":"24,30 €/KG","img":"https://fd1-photos.leclercdrive.fr/image.ashx?id=2838809&use=l&cat=p&typeid=i","cat":293239},{"id":81548,"n":"Pain de mie Harrys 100% mie Nature Sans croûte Maxi - 650g","p":2.1,"u":"3,23 €/KG","img":"https://fd1-photos.leclercdrive.fr/image.ashx?id=2517468&use=l&cat=p&typeid=i","cat":284477},{"id":81549,"n":"Semoule au lait Bonne Maman Vanille Naturelle - 4x100g","p":2.09,"u":"20,90 €/KG","img":"https://fd1-photos.leclercdrive.fr/image.ashx?id=2924281&use=l&cat=p&typeid=i","cat":284418},{"id":81554,"n":"Riz au lait Bonne Maman Vanille Naturelle - 4x100g","p":2.15,"u":"5,38 €/KG","img":"https://fd1-photos.leclercdrive.fr/image.ashx?id=2619130&use=l&cat=p&typeid=i","cat":284418},{"id":81558,"n":"Pain de mie 100% Mie Harrys Nature petites tranches - 500g","p":1.71,"u":"3,42 €/KG","img":"https://fd1-photos.leclercdrive.fr/image.ashx?id=2517453&use=l&cat=p&typeid=i","cat":284477},{"id":81559,"n":"Yaourt Enfant Petits Filous Fruits Mixés Panaché - 12x50g","p":2.24,"u":"3,73 €/KG","img":"https://fd1-photos.leclercdrive.fr/image.ashx?id=2767359&use=l&cat=p&typeid=i","cat":284414},{"id":81564,"n":"AOP Champagne Canard-Duchêne Brut - 75cl","p":24.3,"u":"32,40 €/L","img":"https://fd1-photos.leclercdrive.fr/image.ashx?id=2756909&use=l&cat=p&typeid=i","cat":284542},{"id":81678,"n":"Pané de dinde Le Gaulois 200g","p":2.09,"u":"10,45 €/KG","img":"https://fd1-photos.leclercdrive.fr/image.ashx?id=2261648&use=l&cat=p&typeid=i","cat":333683},{"id":81679,"n":"Poulet noir certifié PAC Les Éleveurs de l'Ouest - 1.4kg","p":8.89,"u":"6,35 €/KG","img":"https://fd1-photos.leclercdrive.fr/image.ashx?id=1577928&use=l&cat=p&typeid=i","cat":284336},{"id":81700,"n":"Compote bébé bio BabyBio Pomme châtaigne - 6 mois - 260g","p":2.15,"u":"8,27 €/KG","img":"https://fd1-photos.leclercdrive.fr/image.ashx?id=2838338&use=l&cat=p&typeid=i","cat":312388},{"id":81702,"n":"Gourde bébé Babybio - 6 mois Bio Pomme / Framboise - 360g","p":3.26,"u":"9,06 €/KG","img":"https://fd1-photos.leclercdrive.fr/image.ashx?id=2827542&use=l&cat=p&typeid=i","cat":312393},{"id":81703,"n":"Gourde bébé Babybio - 6 mois Bio Orange / Banane - 360g","p":3.59,"u":"9,97 €/KG","img":"https://fd1-photos.leclercdrive.fr/image.ashx?id=2832017&use=l&cat=p&typeid=i","cat":312393},{"id":81735,"n":"Bière Blonde Delirium Tremens 33cl","p":2.56,"u":"7,76 €/L","img":"https://fd1-photos.leclercdrive.fr/image.ashx?id=2363111&use=l&cat=p&typeid=i","cat":334872},{"id":81768,"n":"Brioche tranchée La Boulangère Bio - 400g","p":2.29,"u":"5,73 €/KG","img":"https://fd1-photos.leclercdrive.fr/image.ashx?id=2912194&use=l&cat=p&typeid=i","cat":284478},{"id":81812,"n":"AOP Bourgueil rouge Maison Audebert - 75cl","p":7.25,"u":"9,67 €/L","img":"https://fd1-photos.leclercdrive.fr/image.ashx?id=2862668&use=l&cat=p&typeid=i","cat":289556},{"id":81816,"n":"Rillettes du Mans  Bordeau Chesnel - 220g","p":2.45,"img":"https://fd1-photos.leclercdrive.fr/image.ashx?id=2746812&use=l&cat=p&typeid=i","cat":316008},{"id":81834,"n":"AOP Corse rosé Terra Nostra - BIB 3L","p":18.5,"u":"6,17 €/L","img":"https://fd1-photos.leclercdrive.fr/image.ashx?id=2107042&use=l&cat=p&typeid=i","cat":289558},{"id":81837,"n":"AOP Côtes du Rhône rouge Les Terres Pourpres - 75cl","p":5.9,"u":"7,87 €/L","img":"https://fd1-photos.leclercdrive.fr/image.ashx?id=2337759&use=l&cat=p&typeid=i","cat":289556},{"id":81839,"n":"AOP Coteaux d'Aix en Provence rosé Domaine Dalma - 75cl","p":6.5,"u":"8,67 €/L","img":"https://fd1-photos.leclercdrive.fr/image.ashx?id=2771100&use=l&cat=p&typeid=i","cat":289558},{"id":81842,"n":"IGP du Gard rosé Gris de Nabor - 75cl","p":4.5,"u":"6,00 €/L","img":"https://fd1-photos.leclercdrive.fr/image.ashx?id=2479841&use=l&cat=p&typeid=i","cat":289558},{"id":81844,"n":"AOP Chinon rouge Granges Perrières - 75cl","p":6.9,"u":"9,20 €/L","img":"https://fd1-photos.leclercdrive.fr/image.ashx?id=2093589&use=l&cat=p&typeid=i","cat":289556},{"id":81847,"n":"IGP Côtes de Gascogne blanc Ménard Gros Manseng - 75cl","p":5.6,"pp":4.2,"u":"5,60 €/L","img":"https://fd1-photos.leclercdrive.fr/image.ashx?id=2981217&use=l&cat=p&typeid=i","cat":289557},{"id":81854,"n":"Vin rouge Taluau Bourgueil - 75cl","p":7.1,"u":"9,47 €/L","img":"https://fd1-photos.leclercdrive.fr/image.ashx?id=2986600&use=l&cat=p&typeid=i","cat":289556},{"id":81856,"n":"Vin rouge Taluau St Nicolas de Bourgueil - 75cl","p":7.95,"u":"10,60 €/L","img":"https://fd1-photos.leclercdrive.fr/image.ashx?id=2981575&use=l&cat=p&typeid=i","cat":289556},{"id":81860,"n":"AOP Anjou rouge Château Beaulieu - 75cl","p":3.9,"u":"5,20 €/L","img":"https://fd1-photos.leclercdrive.fr/image.ashx?id=1743737&use=l&cat=p&typeid=i","cat":289556},{"id":81861,"n":"Pain de mie 100% Mie Harrys Nature grandes tranches - 500g","p":1.78,"u":"3,56 €/KG","img":"https://fd1-photos.leclercdrive.fr/image.ashx?id=2517456&use=l&cat=p&typeid=i","cat":284477},{"id":81897,"n":"Noix de cajou Benenuts Grillées à sec - 220g","p":5.12,"u":"23,27 €/KG","img":"https://fd1-photos.leclercdrive.fr/image.ashx?id=2413537&use=l&cat=p&typeid=i","cat":284448},{"id":81909,"n":"Café moulu Grand Mère Familial - 250g","p":3.48,"u":"13,92 €/KG","img":"https://fd1-photos.leclercdrive.fr/image.ashx?id=1755046&use=l&cat=p&typeid=i","cat":284750},{"id":81927,"n":"Rhum Blanc Agricole AOC Martinique 40° - 2 L","p":27.95,"u":"13,98 €/L","img":"https://fd1-photos.leclercdrive.fr/image.ashx?id=1558483&use=l&cat=p&typeid=i","cat":284550},{"id":81954,"n":"AOP Morgon rouge Domaine de Colonat - 75cl","p":7.95,"u":"10,60 €/L","img":"https://fd1-photos.leclercdrive.fr/image.ashx?id=2624736&use=l&cat=p&typeid=i","cat":289556},{"id":81955,"n":"AOP Juliénas rouge Les Paquelets Juliénas - 75cl","p":9.16,"u":"12,21 €/L","img":"https://fd1-photos.leclercdrive.fr/image.ashx?id=2992218&use=l&cat=p&typeid=i","cat":289556},{"id":81956,"n":"AOP Moulin-à-Vent rouge Domaine de Colonat - 75cl","p":10.3,"u":"13,73 €/L","img":"https://fd1-photos.leclercdrive.fr/image.ashx?id=1653831&use=l&cat=p&typeid=i","cat":289556},{"id":81991,"n":"Courgettes rondelle Bio Village Bio - 600g","p":1.99,"u":"3,32 €/KG","img":"https://fd1-photos.leclercdrive.fr/image.ashx?id=2898089&use=l&cat=p&typeid=i","cat":319805},{"id":82071,"n":"AOP Côteaux du Layon blanc Héritage de Terrebrune - 75cl","p":7.9,"u":"10,53 €/L","img":"https://fd1-photos.leclercdrive.fr/image.ashx?id=2997121&use=l&cat=p&typeid=i","cat":289557},{"id":82073,"n":"Muscadet Les Hauts Perrières Sèvre et Maine - 75cl","p":5.3,"u":"7,07 €/L","img":"https://fd1-photos.leclercdrive.fr/image.ashx?id=2518223&use=l&cat=p&typeid=i","cat":289557},{"id":82078,"n":"AOP Lussac Saint-Emilion rouge Esprit de Lussac - 75cl","p":7.5,"u":"10,00 €/L","img":"https://fd1-photos.leclercdrive.fr/image.ashx?id=3014509&use=l&cat=p&typeid=i","cat":289556},{"id":82085,"n":"AOC Bordeaux rouge Château Carcos - 75cl","p":4.4,"u":"5,87 €/L","img":"https://fd1-photos.leclercdrive.fr/image.ashx?id=1573682&use=l&cat=p&typeid=i","cat":289556},{"id":82088,"n":"IGP Côtes de Gascogne rosé Domus - 75cl","p":5.25,"u":"7,00 €/L","img":"https://fd1-photos.leclercdrive.fr/image.ashx?id=2445385&use=l&cat=p&typeid=i","cat":289558},{"id":82102,"n":"Lanières Trio de poivrons Bio Bio village - 600g","p":2.99,"u":"4,98 €/KG","img":"https://fd1-photos.leclercdrive.fr/image.ashx?id=2898092&use=l&cat=p&typeid=i","cat":319805},{"id":82125,"n":"Vin rouge Western Cellars Californie - 75cl","p":4.69,"u":"6,25 €/L","img":"https://fd1-photos.leclercdrive.fr/image.ashx?id=2794349&use=l&cat=p&typeid=i","cat":289556},{"id":82127,"n":"Vin Italie rouge Chianti DOCG Piccini - 75cl","p":5.65,"u":"7,53 €/L","img":"https://fd1-photos.leclercdrive.fr/image.ashx?id=2794637&use=l&cat=p&typeid=i","cat":289556},{"id":82145,"n":"Bière blonde La G de Goudale 7.9%vol - 75cl","p":3.9,"u":"5,20 €/L","img":"https://fd1-photos.leclercdrive.fr/image.ashx?id=2861566&use=l&cat=p&typeid=i","cat":334872},{"id":82152,"n":"Compote Andros Abricot Morceaux - 4x100g","p":2.25,"u":"5,63 €/KG","img":"https://fd1-photos.leclercdrive.fr/image.ashx?id=2853566&use=l&cat=p&typeid=i","cat":284416},{"id":82157,"n":"Dessert fruitier pêche Andros En morceaux - 4x100g","p":1.91,"u":"4,78 €/KG","img":"https://fd1-photos.leclercdrive.fr/image.ashx?id=2845470&use=l&cat=p&typeid=i","cat":284416},{"id":82159,"n":"Compotes Andros Pomme/chataigne - 4x100g","p":1.62,"u":"4,05 €/KG","img":"https://fd1-photos.leclercdrive.fr/image.ashx?id=2937361&use=l&cat=p&typeid=i","cat":284416},{"id":82166,"n":"Compotes Andros Pomme Fraise - 4x100g","p":1.49,"u":"3,73 €/KG","img":"https://fd1-photos.leclercdrive.fr/image.ashx?id=2915572&use=l&cat=p&typeid=i","cat":284416},{"id":82167,"n":"Compotes Andros Pomme Banane - 4x100g","p":1.24,"u":"3,10 €/KG","img":"https://fd1-photos.leclercdrive.fr/image.ashx?id=2883997&use=l&cat=p&typeid=i","cat":284416},{"id":82168,"n":"Compotes Andros Pomme Poire - 4x100g","p":1.4,"u":"3,50 €/KG","img":"https://fd1-photos.leclercdrive.fr/image.ashx?id=2883994&use=l&cat=p&typeid=i","cat":284416},{"id":82172,"n":"Mini cônes Extrême  Vanille Caramel x8 - 312g","p":3.59,"u":"11,51 €/KG","img":"https://fd1-photos.leclercdrive.fr/image.ashx?id=2737033&use=l&cat=p&typeid=i","cat":284264},{"id":82174,"n":"Extrême  Citron Framboise - 6x71g","p":3.39,"u":"7,96 €/KG","img":"https://fd1-photos.leclercdrive.fr/image.ashx?id=2866076&use=l&cat=p&typeid=i","cat":284264},{"id":82177,"n":"Bière blonde Duvel 8.5%vol - 75cl","p":4.19,"u":"5,59 €/L","img":"https://fd1-photos.leclercdrive.fr/image.ashx?id=2111139&use=l&cat=p&typeid=i","cat":334872},{"id":82179,"n":"Bière blonde 3 Monts 75cl","p":2.47,"u":"3,29 €/L","img":"https://fd1-photos.leclercdrive.fr/image.ashx?id=2550553&use=l&cat=p&typeid=i","cat":334852},{"id":82181,"n":"Bière Mort Subite Kriek A la cerise - 33cl","p":1.38,"u":"4,18 €/L","img":"https://fd1-photos.leclercdrive.fr/image.ashx?id=2796414&use=l&cat=p&typeid=i","cat":334872},{"id":82182,"n":"Miel de fleurs lune de miel Crémeux - 1kg","p":9.53,"u":"9,53 €/KG","img":"https://fd1-photos.leclercdrive.fr/image.ashx?id=2303831&use=l&cat=p&typeid=i","cat":287643},{"id":82184,"n":"Barres KINDER BUENO White  Chocolat Blanc x12 - 468g","p":8.35,"u":"17,84 €/KG","img":"https://fd1-photos.leclercdrive.fr/image.ashx?id=2679642&use=l&cat=p&typeid=i","cat":284498},{"id":82237,"n":"Rhum trois rivières Cuvée du  Moulin - 40%vol - 70cl","p":24.08,"u":"34,40 €/L","img":"https://fd1-photos.leclercdrive.fr/image.ashx?id=2844909&use=l&cat=p&typeid=i","cat":284550},{"id":82250,"n":"Thon au Naturel Petit Navire Démarche Responsable 140g","p":2.22,"u":"15,86 €/KG","img":"https://fd1-photos.leclercdrive.fr/image.ashx?id=2928360&use=l&cat=p&typeid=i","cat":303867},{"id":82251,"n":"Thon MSC Naturel Petit Navire Entier -  112g","p":2.79,"u":"24,91 €/KG","img":"https://fd1-photos.leclercdrive.fr/image.ashx?id=2928357&use=l&cat=p&typeid=i","cat":303867},{"id":82253,"n":"Biscuits Thé LU 350g","p":1.47,"u":"4,20 €/KG","img":"https://fd1-photos.leclercdrive.fr/image.ashx?id=2977738&use=l&cat=p&typeid=i","cat":284487},{"id":82257,"n":"Thon Albacore Connetable 100% filets - De bretagne -112g","p":2.54,"u":"22,68 €/KG","img":"https://fd1-photos.leclercdrive.fr/image.ashx?id=2654806&use=l&cat=p&typeid=i","cat":303867},{"id":82265,"n":"Céréales Quaker Cruesli Chocolat - 450g","p":2.71,"u":"6,02 €/KG","img":"https://fd1-photos.leclercdrive.fr/image.ashx?id=2382791&use=l&cat=p&typeid=i","cat":309512},{"id":82266,"n":"Filet de sardines Saupiquet A l'huile d'olive - 100g","p":1.45,"u":"14,50 €/KG","img":"https://fd1-photos.leclercdrive.fr/image.ashx?id=2845347&use=l&cat=p&typeid=i","cat":305146},{"id":82267,"n":"Céréales Quaker Cruesli Chocolat au lait - 900g","p":5.19,"u":"5,77 €/KG","img":"https://fd1-photos.leclercdrive.fr/image.ashx?id=2212150&use=l&cat=p&typeid=i","cat":309512},{"id":82268,"n":"Filet de Sardines Saupiquet Marinade Citron Basilic - 100g","p":1.42,"u":"14,20 €/KG","img":"https://fd1-photos.leclercdrive.fr/image.ashx?id=2845326&use=l&cat=p&typeid=i","cat":305146},{"id":82276,"n":"Sardines Huile PARMENTIER Tournesol 135g","p":1.46,"u":"10,81 €/KG","img":"https://fd1-photos.leclercdrive.fr/image.ashx?id=2989057&use=l&cat=p&typeid=i","cat":305146},{"id":82283,"n":"Bière ambrée corse Pietra 6° - 33cl","p":1.65,"u":"5,00 €/L","img":"https://fd1-photos.leclercdrive.fr/image.ashx?id=2929362&use=l&cat=p&typeid=i","cat":334872},{"id":82309,"n":"yaourt fruits bio les 2 vaches brassé poire - 4x115g","p":1.82,"u":"3,96 €/KG","img":"https://fd1-photos.leclercdrive.fr/image.ashx?id=2571527&use=l&cat=p&typeid=i","cat":284410},{"id":82350,"n":"Frites fines McCain Côté Comptoir - 650g","p":2.59,"u":"3,98 €/KG","img":"https://fd1-photos.leclercdrive.fr/image.ashx?id=2693887&use=l&cat=p&typeid=i","cat":319791},{"id":82351,"n":"Frites incurvées McCain Côté Brasserie - 650g","p":2.29,"u":"3,52 €/KG","img":"https://fd1-photos.leclercdrive.fr/image.ashx?id=2927044&use=l&cat=p&typeid=i","cat":319791},{"id":82353,"n":"Biscuits Oréo enrobé chocolat Au lait - 246g","p":2.38,"u":"9,67 €/KG","img":"https://fd1-photos.leclercdrive.fr/image.ashx?id=2908333&use=l&cat=p&typeid=i","cat":284488},{"id":82414,"n":"Pomme fraise Breizh'Pom Sans sucres ajoutés - x4 - 400g","p":1.88,"u":"4,70 €/KG","img":"https://fd1-photos.leclercdrive.fr/image.ashx?id=2667469&use=l&cat=p&typeid=i","cat":284508},{"id":82416,"n":"Pomme pruneaux Agen Breizh'Pom 4x100g -  sans sucre ajoutés","p":1.9,"u":"4,75 €/KG","img":"https://fd1-photos.leclercdrive.fr/image.ashx?id=2654333&use=l&cat=p&typeid=i","cat":284508},{"id":82417,"n":"Pomme mirabelle Breizh'Pom  4x100g","p":2.2,"u":"5,50 €/KG","img":"https://fd1-photos.leclercdrive.fr/image.ashx?id=2654336&use=l&cat=p&typeid=i","cat":284508},{"id":82418,"n":"Compotes allégées Breizh'Pom  Pommes/fraise/poire 16x100g","p":7.1,"u":"4,44 €/KG","img":"https://fd1-photos.leclercdrive.fr/image.ashx?id=2654339&use=l&cat=p&typeid=i","cat":284508},{"id":82419,"n":"Pomme breizh'Pom Sans sucres ajoutés - 4x90g","p":1.75,"u":"4,86 €/KG","img":"https://fd1-photos.leclercdrive.fr/image.ashx?id=2654351&use=l&cat=p&typeid=i","cat":284508},{"id":82420,"n":"Pomme Fraise Breizh'Pom Sans sucres ajoutés -  4x90g","p":1.84,"u":"5,11 €/KG","img":"https://fd1-photos.leclercdrive.fr/image.ashx?id=2903365&use=l&cat=p&typeid=i","cat":284508},{"id":82422,"n":"Pomme banane Breizh'Pom Sans sucres ajoutés - 4x90g","p":2.07,"u":"5,75 €/KG","img":"https://fd1-photos.leclercdrive.fr/image.ashx?id=2655481&use=l&cat=p&typeid=i","cat":284508},{"id":82433,"n":"Cordons Bleus Côté Croc Poulet x4 - 400g","p":3.14,"u":"7,85 €/KG","img":"https://fd1-photos.leclercdrive.fr/image.ashx?id=2801052&use=l&cat=p&typeid=i","cat":333683},{"id":82440,"n":"Boisson lactée Candy'UP Vanille - 6x20cl","p":2.51,"u":"2,09 €/L","img":"https://fd1-photos.leclercdrive.fr/image.ashx?id=2485632&use=l&cat=p&typeid=i","cat":295246},{"id":82520,"n":"Fromage Croque emmental Président - 12 tranches - 200g","p":1.52,"u":"7,60 €/KG","img":"https://fd1-photos.leclercdrive.fr/image.ashx?id=2446356&use=l&cat=p&typeid=i","cat":314028},{"id":82575,"n":"Bière ambrée La Goudale 7.2%vol - 6x25cl","p":5.25,"u":"3,50 €/L","img":"https://fd1-photos.leclercdrive.fr/image.ashx?id=2915521&use=l&cat=p&typeid=i","cat":334852},{"id":82619,"n":"Pizza Chorizo  550GR","p":8.95,"u":"16,27 €/KG","img":"https://fd1-photos.leclercdrive.fr/image.ashx?id=588008&use=l&cat=p&typeid=i","cat":333679},{"id":82660,"n":"Lotus gaufre de liège Format familial 518g (10x1p)","p":3.86,"u":"7,45 €/KG","img":"https://fd1-photos.leclercdrive.fr/image.ashx?id=2694983&use=l&cat=p&typeid=i","cat":294777},{"id":82664,"n":"Arrangé Rivière du Mât Coco Torréfiée - 35%vol - 70cl","p":16.5,"pp":14.85,"u":"21,21 €/L","img":"https://fd1-photos.leclercdrive.fr/image.ashx?id=3002045&use=l&cat=p&typeid=i","cat":284551},{"id":82667,"n":"Yaourt aux fruits bifidus Activia poire - 4x125g","p":1.83,"u":"3,66 €/KG","img":"https://fd1-photos.leclercdrive.fr/image.ashx?id=2885330&use=l&cat=p&typeid=i","cat":315000},{"id":82669,"n":"Yaourt aux fruits bifidus Activia mangue - 4x125g","p":1.87,"u":"3,74 €/KG","img":"https://fd1-photos.leclercdrive.fr/image.ashx?id=2886642&use=l&cat=p&typeid=i","cat":315000},{"id":82670,"n":"Yaourt aux fruits bifidus Activia ananas - 4x125g","p":1.77,"u":"3,54 €/KG","img":"https://fd1-photos.leclercdrive.fr/image.ashx?id=2886639&use=l&cat=p&typeid=i","cat":315000},{"id":82672,"n":"Yaourt aux fruits bifidus Activia pruneau - 4x125g","p":1.84,"u":"3,68 €/KG","img":"https://fd1-photos.leclercdrive.fr/image.ashx?id=2886636&use=l&cat=p&typeid=i","cat":315000},{"id":82676,"n":"Yaourt aux fruits bifidus Activia figue - 4x125g","p":1.93,"u":"3,86 €/KG","img":"https://fd1-photos.leclercdrive.fr/image.ashx?id=2886630&use=l&cat=p&typeid=i","cat":315000},{"id":82677,"n":"yaourt aux fruits bifidus activia fraise - 4x125g","p":1.77,"u":"3,54 €/KG","img":"https://fd1-photos.leclercdrive.fr/image.ashx?id=2886627&use=l&cat=p&typeid=i","cat":315000},{"id":82688,"n":"Brandade de Morue Tipiak 1.050kg","p":5.79,"u":"5,51 €/KG","img":"https://fd1-photos.leclercdrive.fr/image.ashx?id=2944023&use=l&cat=p&typeid=i","cat":284254},{"id":82717,"n":"Arrangé Rivière du Mât Ananas Caramélisé 35% vol 70cl","p":17.0,"pp":15.3,"u":"21,86 €/L","img":"https://fd1-photos.leclercdrive.fr/image.ashx?id=2731297&use=l&cat=p&typeid=i","cat":284551},{"id":82741,"n":"Poisson pané Findus Colin  Alaska Fish and Chips x13- 364g","p":2.85,"u":"7,83 €/KG","img":"https://fd1-photos.leclercdrive.fr/image.ashx?id=3008761&use=l&cat=p&typeid=i","cat":319788},{"id":82745,"n":"Couches Activ+ Mots d'enfants  Taille 5 : 11/25kg - x35","p":12.99,"u":"0,37 €/P","img":"https://fd1-photos.leclercdrive.fr/image.ashx?id=2922424&use=l&cat=p&typeid=i","cat":284737},{"id":82748,"n":"Couches Activ+ Mots d'enfants  Taille 4+ 9/20kg - x37 changes","p":12.99,"u":"0,35 €/P","img":"https://fd1-photos.leclercdrive.fr/image.ashx?id=2699747&use=l&cat=p&typeid=i","cat":284737},{"id":82841,"n":"Café moulu Broceliande Grillé à l'ancienne Bio - 250g","p":5.76,"u":"23,04 €/KG","img":"https://fd1-photos.leclercdrive.fr/image.ashx?id=1793343&use=l&cat=p&typeid=i","cat":284750},{"id":82853,"n":"Café moulu Broceliande Colombie - 250g","p":5.31,"u":"21,24 €/KG","img":"https://fd1-photos.leclercdrive.fr/image.ashx?id=1793337&use=l&cat=p&typeid=i","cat":284750},{"id":82924,"n":"Bière Heineken 6x33cl","p":4.64,"u":"2,34 €/L","img":"https://fd1-photos.leclercdrive.fr/image.ashx?id=3008113&use=l&cat=p&typeid=i","cat":334853},{"id":83005,"n":"Vinaigrette Melfor 50cl","p":2.01,"u":"4,02 €/L","img":"https://fd1-photos.leclercdrive.fr/image.ashx?id=2339547&use=l&cat=p&typeid=i","cat":284456},{"id":83107,"n":"Bière La G de Goudale 7.9% vol - 33cl","p":1.9,"u":"5,76 €/L","img":"https://fd1-photos.leclercdrive.fr/image.ashx?id=1736938&use=l&cat=p&typeid=i","cat":334872},{"id":83120,"n":"Bière brune Pelforth 12x25cl","p":8.05,"u":"2,68 €/L","img":"https://fd1-photos.leclercdrive.fr/image.ashx?id=2646182&use=l&cat=p&typeid=i","cat":334852},{"id":83132,"n":"Boisson lactée Tous mes amis pour chats - 3x200ml","p":2.13,"u":"3,55 €/L","img":"https://fd1-photos.leclercdrive.fr/image.ashx?id=2313482&use=l&cat=p&typeid=i","cat":285285},{"id":83303,"n":"Happy Cola Haribo Sachet bonbons - 300g","p":1.58,"u":"5,27 €/KG","img":"https://fd1-photos.leclercdrive.fr/image.ashx?id=2806087&use=l&cat=p&typeid=i","cat":304250},{"id":83350,"n":"Bonbons Haribo Moam Happy fruttis - 200g","p":1.62,"u":"8,10 €/KG","img":"https://fd1-photos.leclercdrive.fr/image.ashx?id=2984916&use=l&cat=p&typeid=i","cat":304250},{"id":83403,"n":"Betteraves entières Label Rouge - 500g","p":1.55,"u":"3,10 €/KG","img":"https://fd1-photos.leclercdrive.fr/image.ashx?id=2224424&use=l&cat=p&typeid=i","cat":284352},{"id":83441,"n":"Jambon Le Jambon Bien Elevé 4 tranches - 160g","p":3.79,"u":"23,69 €/KG","img":"https://fd1-photos.leclercdrive.fr/image.ashx?id=2474677&use=l&cat=p&typeid=i","cat":316009},{"id":83698,"n":"IGP Pays d'Oc Grenache vin rosé Vieux Carion 12.5% vol - 75cl","p":2.25,"u":"3,00 €/L","img":"https://fd1-photos.leclercdrive.fr/image.ashx?id=2722823&use=l&cat=p&typeid=i","cat":289558},{"id":83713,"n":"Pomme de terre rouge La Ferme de Kerveloy - 2.5kg","p":3.29,"u":"1,32 €/KG","img":"https://fd1-photos.leclercdrive.fr/image.ashx?id=1422902&use=l&cat=p&typeid=i","cat":284352},{"id":83787,"n":"Dessert Lacté P'TIT BRASSE BIO Poire Banane 6M+ - 4x90g","p":1.89,"u":"5,25 €/KG","img":"https://fd1-photos.leclercdrive.fr/image.ashx?id=2670866&use=l&cat=p&typeid=i","cat":312392},{"id":83790,"n":"Desserts Lactés P'TIT BRASSE BIO Pomme Pêche 6M+ - 4x90g","p":1.89,"u":"5,25 €/KG","img":"https://fd1-photos.leclercdrive.fr/image.ashx?id=2670863&use=l&cat=p&typeid=i","cat":312392},{"id":83852,"n":"Petites tranches Saint-Agaûne Nature - 70g","p":2.58,"u":"36,86 €/KG","img":"https://fd1-photos.leclercdrive.fr/image.ashx?id=2852558&use=l&cat=p&typeid=i","cat":316006},{"id":83914,"n":"Galettes au chocolat x6 Crêperie Le Masson - 270g","p":4.16,"u":"15,41 €/KG","img":"https://fd1-photos.leclercdrive.fr/image.ashx?id=1422812&use=l&cat=p&typeid=i","cat":285530},{"id":83935,"n":"Thon mariné au piment d\"espelette Petit Navire - 110g","p":1.89,"u":"17,18 €/KG","img":"https://fd1-photos.leclercdrive.fr/image.ashx?id=2682863&use=l&cat=p&typeid=i","cat":303867},{"id":83944,"n":"Vin d'Espagne rouge Merlot Bernard Cordelier - 75cl","p":1.75,"u":"2,33 €/L","img":"https://fd1-photos.leclercdrive.fr/image.ashx?id=2756855&use=l&cat=p&typeid=i","cat":289556},{"id":83951,"n":"IGP Pays d'Oc rouge Merlot J-P Chenet 13% vol BIB 3L","p":10.42,"u":"3,47 €/L","img":"https://fd1-photos.leclercdrive.fr/image.ashx?id=2941709&use=l&cat=p&typeid=i","cat":289560},{"id":83985,"n":"IGP Pays d'Oc rouge Merlot Grand Sud 13% vol - 1L","p":3.92,"u":"3,92 €/L","img":"https://fd1-photos.leclercdrive.fr/image.ashx?id=2941583&use=l&cat=p&typeid=i","cat":289556},{"id":83986,"n":"IGP Pays d'Oc rosé Merlot Grand Sud 12.5% vol - 1L","p":3.92,"u":"3,92 €/L","img":"https://fd1-photos.leclercdrive.fr/image.ashx?id=2941580&use=l&cat=p&typeid=i","cat":289558},{"id":84009,"n":"IGP Côtes de Gascogne vin rosé Terrasses d'Autan 12% vol 75cl","p":3.03,"u":"4,04 €/L","img":"https://fd1-photos.leclercdrive.fr/image.ashx?id=2872727&use=l&cat=p&typeid=i","cat":289558},{"id":84021,"n":"AOP Bordeaux rouge Mission Saint Vincent - 75cl","p":4.18,"u":"5,57 €/L","img":"https://fd1-photos.leclercdrive.fr/image.ashx?id=2734459&use=l&cat=p&typeid=i","cat":289556},{"id":84028,"n":"IGP Méditerranée rosé Les Calandières 12% vol BIB 3L","p":11.94,"u":"3,98 €/L","img":"https://fd1-photos.leclercdrive.fr/image.ashx?id=2997766&use=l&cat=p&typeid=i","cat":289560},{"id":84031,"n":"Maca-ginseng-gimgembre  Tonifiant sexuel - 40 comprimés","p":6.18,"u":"0,15 €/P","img":"https://fd1-photos.leclercdrive.fr/image.ashx?id=2773376&use=l&cat=p&typeid=i","cat":313217},{"id":84089,"n":"Café moulu Bio Ethiquable  arabica Moka Ethiopie - 250g","p":4.79,"u":"19,16 €/KG","img":"https://fd1-photos.leclercdrive.fr/image.ashx?id=2876836&use=l&cat=p&typeid=i","cat":284750},{"id":84152,"n":"Pain pour Panini La Boulangère x4 - 300g","p":1.73,"u":"5,77 €/KG","img":"https://fd1-photos.leclercdrive.fr/image.ashx?id=2937457&use=l&cat=p&typeid=i","cat":284985},{"id":84154,"n":"Bonbons VICHY Menthe 230g","p":1.07,"u":"4,65 €/KG","img":"https://fd1-photos.leclercdrive.fr/image.ashx?id=2806342&use=l&cat=p&typeid=i","cat":304252},{"id":84155,"n":"Michoko La pie qui chante 280g","p":2.84,"u":"10,14 €/KG","img":"https://fd1-photos.leclercdrive.fr/image.ashx?id=2862560&use=l&cat=p&typeid=i","cat":284499},{"id":84158,"n":"Bonbons CARAMBAR Fruits Assortiment - 320g","p":1.72,"u":"5,38 €/KG","img":"https://fd1-photos.leclercdrive.fr/image.ashx?id=2964499&use=l&cat=p&typeid=i","cat":304250},{"id":84159,"n":"Bonbons CARAMBAR Family Assortiment - 450g","p":2.62,"u":"5,82 €/KG","img":"https://fd1-photos.leclercdrive.fr/image.ashx?id=2903446&use=l&cat=p&typeid=i","cat":304250},{"id":84160,"n":"Bonbons CARAMBAR Caramel 320g","p":1.74,"u":"5,44 €/KG","img":"https://fd1-photos.leclercdrive.fr/image.ashx?id=2770124&use=l&cat=p&typeid=i","cat":304250},{"id":84161,"n":"Bonbons LA PIE QUI CHANTE Michoko Noir - 280g","p":2.38,"u":"8,50 €/KG","img":"https://fd1-photos.leclercdrive.fr/image.ashx?id=2817842&use=l&cat=p&typeid=i","cat":304250},{"id":84163,"n":"Break P'tit Déli 135g","p":1.33,"u":"9,85 €/KG","img":"https://fd1-photos.leclercdrive.fr/image.ashx?id=2566200&use=l&cat=p&typeid=i","cat":284488},{"id":84186,"n":"Lait bébé en poudre Bio Guigoz 2ème âge - 6-12 mois - 800g","p":18.41,"u":"23,01 €/KG","img":"https://fd1-photos.leclercdrive.fr/image.ashx?id=2740286&use=l&cat=p&typeid=i","cat":284727},{"id":84188,"n":"Lait bébé en poudre Bio Guigoz 1er âge - 0-6 mois - 800g","p":20.05,"u":"25,06 €/KG","img":"https://fd1-photos.leclercdrive.fr/image.ashx?id=3000438&use=l&cat=p&typeid=i","cat":284726},{"id":84381,"n":"Préparation Lucien Georgelin Fraise - 320g","p":2.69,"u":"8,41 €/KG","img":"https://fd1-photos.leclercdrive.fr/image.ashx?id=1596905&use=l&cat=p&typeid=i","cat":284480},{"id":84383,"n":"Confiture Lucien Georgelin Orange citron pamplemousse 320g","p":2.51,"u":"7,84 €/KG","img":"https://fd1-photos.leclercdrive.fr/image.ashx?id=1598060&use=l&cat=p&typeid=i","cat":284480},{"id":84441,"n":"Trio saucissons Cévennes  Nos Régions ont du Talent 345g","p":6.84,"u":"19,83 €/KG","img":"https://fd1-photos.leclercdrive.fr/image.ashx?id=2898113&use=l&cat=p&typeid=i","cat":316006},{"id":84699,"n":"Pommes Boskoop 1kg","p":2.99,"u":"2,99 €/KG","img":"https://fd1-photos.leclercdrive.fr/image.ashx?id=1636200&use=l&cat=p&typeid=i","cat":284356},{"id":84774,"n":"Préparation brownie Nestlé Au chocolat - 405g","p":4.27,"u":"10,54 €/KG","img":"https://fd1-photos.leclercdrive.fr/image.ashx?id=2849259&use=l&cat=p&typeid=i","cat":284505},{"id":84784,"n":"Filet de poulet Le Gaulois x2 - 300g","p":4.14,"u":"13,80 €/KG","img":"https://fd1-photos.leclercdrive.fr/image.ashx?id=2732761&use=l&cat=p&typeid=i","cat":284336},{"id":84789,"n":"Filet de poulet blanc Le Gaulois x2 - 300g","p":4.35,"u":"14,50 €/KG","img":"https://fd1-photos.leclercdrive.fr/image.ashx?id=2633989&use=l&cat=p&typeid=i","cat":284336},{"id":84790,"n":"Cuisse de poulet blanc Le Gaulois - 500g","p":3.1,"u":"6,20 €/KG","img":"https://fd1-photos.leclercdrive.fr/image.ashx?id=2732752&use=l&cat=p&typeid=i","cat":284336},{"id":84794,"n":"Coton Lotus Baby Peau nette - x85","p":2.55,"u":"0,03 €/P","img":"https://fd1-photos.leclercdrive.fr/image.ashx?id=2981355&use=l&cat=p&typeid=i","cat":284739},{"id":84820,"n":"Minis sandwich Daunat jambon/emmental - 130g","p":1.67,"u":"12,85 €/KG","img":"https://fd1-photos.leclercdrive.fr/image.ashx?id=2951812&use=l&cat=p&typeid=i","cat":333658},{"id":84856,"n":"Friand à la viande Qualité Traiteur x2 - 200g","p":3.64,"u":"18,20 €/KG","img":"https://fd1-photos.leclercdrive.fr/image.ashx?id=2774487&use=l&cat=p&typeid=i","cat":333671},{"id":84870,"n":"Trio de crottins du Menez-Hom 225g","p":7.1,"u":"31,56 €/KG","img":"https://fd1-photos.leclercdrive.fr/image.ashx?id=1419405&use=l&cat=p&typeid=i","cat":314031},{"id":84884,"n":"Filets de poulet et Risotto Qualité Traiteur - 260g","p":5.49,"u":"21,12 €/KG","img":"https://fd1-photos.leclercdrive.fr/image.ashx?id=2785946&use=l&cat=p&typeid=i","cat":333665},{"id":84887,"n":"Curry poulet et lait de coco Qualité Traiteur - 260g","p":5.49,"u":"21,12 €/KG","img":"https://fd1-photos.leclercdrive.fr/image.ashx?id=2785943&use=l&cat=p&typeid=i","cat":333665},{"id":84896,"n":"Tomates farcies avec riz Qualité Traiteur - 300g","p":4.99,"u":"16,63 €/KG","img":"https://fd1-photos.leclercdrive.fr/image.ashx?id=2785949&use=l&cat=p&typeid=i","cat":333665},{"id":85032,"n":"Après-shampooing Naturé Moi Nourrissant-cheveux secs- 200ml","p":2.6,"u":"13,00 €/L","img":"https://fd1-photos.leclercdrive.fr/image.ashx?id=2741475&use=l&cat=p&typeid=i","cat":284607},{"id":85040,"n":"Shampooing sec Batiste Cherry - 200ml","p":3.25,"u":"16,25 €/L","img":"https://fd1-photos.leclercdrive.fr/image.ashx?id=2983459&use=l&cat=p&typeid=i","cat":289143},{"id":85059,"n":"Protection auditive Quies En mousse fluo - x16","p":4.92,"u":"0,31 €/P","img":"https://fd1-photos.leclercdrive.fr/image.ashx?id=2159511&use=l&cat=p&typeid=i","cat":284630},{"id":85106,"n":"Mayonnaise American Style Heinz  - 395g","p":2.38,"u":"6,03 €/KG","img":"https://fd1-photos.leclercdrive.fr/image.ashx?id=2927059&use=l&cat=p&typeid=i","cat":298295},{"id":85206,"n":"Génoises fourrées Pim's LU Fraise des bois - 150g","p":1.66,"u":"11,07 €/KG","img":"https://fd1-photos.leclercdrive.fr/image.ashx?id=3002204&use=l&cat=p&typeid=i","cat":284489},{"id":85207,"n":"Génoise fourrées Pim's LU Poire - 150g","p":1.65,"u":"11,00 €/KG","img":"https://fd1-photos.leclercdrive.fr/image.ashx?id=2145202&use=l&cat=p&typeid=i","cat":284489},{"id":85277,"n":"Menthe Bio 1 pot","p":2.05,"u":"6,83 €/KG","img":"https://fd1-photos.leclercdrive.fr/image.ashx?id=1627518&use=l&cat=p&typeid=i","cat":293607},{"id":85389,"n":"Chocolat noir Bio Alter Eco  fruits de la passion - 100g","p":2.59,"u":"25,90 €/KG","img":"https://fd1-photos.leclercdrive.fr/image.ashx?id=2921894&use=l&cat=p&typeid=i","cat":284956},{"id":85419,"n":"Chocolat lait Grain de Sail Noisette bio -  100g","p":3.03,"u":"30,30 €/KG","img":"https://fd1-photos.leclercdrive.fr/image.ashx?id=2400376&use=l&cat=p&typeid=i","cat":284497},{"id":85445,"n":"Serpillères jetables St Marc  Anti-Bactériennes - x20","p":2.29,"u":"0,11 €/P","img":"https://fd1-photos.leclercdrive.fr/image.ashx?id=2228552&use=l&cat=p&typeid=i","cat":325358},{"id":85532,"n":"Tenders de Poulet Père Dodu  Aiguillettes - 380g","p":5.14,"u":"13,53 €/KG","img":"https://fd1-photos.leclercdrive.fr/image.ashx?id=2957200&use=l&cat=p&typeid=i","cat":333684},{"id":85666,"n":"IGP Ardeche rosé Pont d'Arc 12.5% vol - BIB 5L","p":11.2,"u":"2,24 €/L","img":"https://fd1-photos.leclercdrive.fr/image.ashx?id=2527922&use=l&cat=p&typeid=i","cat":289560},{"id":85670,"n":"AOP Côtes du Rhone Vin rouge Château de Ruth - 75cl","p":5.75,"u":"7,67 €/L","img":"https://fd1-photos.leclercdrive.fr/image.ashx?id=2687041&use=l&cat=p&typeid=i","cat":289556},{"id":85677,"n":"AOP Saumur Vin blanc pétillant  Ackerman brut - 75cl","p":5.9,"u":"7,87 €/L","img":"https://fd1-photos.leclercdrive.fr/image.ashx?id=2730232&use=l&cat=p&typeid=i","cat":284544},{"id":85683,"n":"Bière blonde Leffe 6,6% - 6x33cl","p":7.85,"u":"3,96 €/L","img":"https://fd1-photos.leclercdrive.fr/image.ashx?id=2833966&use=l&cat=p&typeid=i","cat":334852},{"id":85745,"n":"Batonnets Surimi Coraya x30 - 450g","p":3.98,"u":"8,84 €/KG","img":"https://fd1-photos.leclercdrive.fr/image.ashx?id=2962683&use=l&cat=p&typeid=i","cat":285189},{"id":85768,"n":"Crème de violette Giffard 16%Vol - 50cl","p":5.5,"u":"11,00 €/L","img":"https://fd1-photos.leclercdrive.fr/image.ashx?id=2219162&use=l&cat=p&typeid=i","cat":295020},{"id":85797,"n":"Steak haché Pur Boeuf Bio  Les Eleveurs de Bretagne - 400g","p":8.35,"u":"20,88 €/KG","img":"https://fd1-photos.leclercdrive.fr/image.ashx?id=1428099&use=l&cat=p&typeid=i","cat":284332},{"id":85998,"n":"Sauce Curry Mango Heinz - 225g","p":1.86,"u":"8,27 €/KG","img":"https://fd1-photos.leclercdrive.fr/image.ashx?id=2927050&use=l&cat=p&typeid=i","cat":318431},{"id":86017,"n":"Chocolat Nougatti Côte d'Or Nougat/chocolat au lait - 180g","p":4.72,"u":"26,22 €/KG","img":"https://fd1-photos.leclercdrive.fr/image.ashx?id=3002273&use=l&cat=p&typeid=i","cat":284498},{"id":86051,"n":"Cordons Bio Maitre Coq x2 - 200g","p":4.55,"u":"22,75 €/KG","img":"https://fd1-photos.leclercdrive.fr/image.ashx?id=2311243&use=l&cat=p&typeid=i","cat":333683},{"id":86071,"n":"AOP Prosecco Perlino Extra Dry - 75cl","p":6.38,"u":"8,51 €/L","img":"https://fd1-photos.leclercdrive.fr/image.ashx?id=2612778&use=l&cat=p&typeid=i","cat":289461},{"id":86208,"n":"Pâte à tartiner Nutella 1kg","p":6.62,"u":"6,62 €/KG","img":"https://fd1-photos.leclercdrive.fr/image.ashx?id=2935648&use=l&cat=p&typeid=i","cat":284481},{"id":86375,"n":"Rochers Suchard  Lait - 7x35g","p":4.14,"u":"16,90 €/KG","img":"https://fd1-photos.leclercdrive.fr/image.ashx?id=2950372&use=l&cat=p&typeid=i","cat":284499},{"id":86376,"n":"Rochers Suchard Noir - 7x35g","p":4.19,"u":"17,10 €/KG","img":"https://fd1-photos.leclercdrive.fr/image.ashx?id=2950375&use=l&cat=p&typeid=i","cat":284499},{"id":86403,"n":"Capsules café L'Or Espresso Delizioso N°5 x10","p":3.14,"u":"60,38 €/KG","img":"https://fd1-photos.leclercdrive.fr/image.ashx?id=3000462&use=l&cat=p&typeid=i","cat":284749},{"id":86410,"n":"Dessert bio Bjorg Amande chocolat - 50cl","p":2.85,"u":"5,70 €/L","img":"https://fd1-photos.leclercdrive.fr/image.ashx?id=2939427&use=l&cat=p&typeid=i","cat":318652},{"id":86411,"n":"Biscuit bio Bjorg Avoine pépites chocolat - 130g","p":2.3,"u":"17,69 €/KG","img":"https://fd1-photos.leclercdrive.fr/image.ashx?id=2999985&use=l&cat=p&typeid=i","cat":325066},{"id":86412,"n":"Biscuit bio Bjorg Avoine complet nature - 130g","p":1.79,"u":"13,77 €/KG","img":"https://fd1-photos.leclercdrive.fr/image.ashx?id=2921606&use=l&cat=p&typeid=i","cat":284487},{"id":86416,"n":"Confiture bio Bio Village Fruits rouges - 370g","p":2.79,"u":"7,54 €/KG","img":"https://fd1-photos.leclercdrive.fr/image.ashx?id=2965638&use=l&cat=p&typeid=i","cat":284480},{"id":86417,"n":"Barquettes Bio Village Fraise bio - 120g","p":1.99,"u":"16,58 €/KG","img":"https://fd1-photos.leclercdrive.fr/image.ashx?id=2907476&use=l&cat=p&typeid=i","cat":284489},{"id":86438,"n":"Dentifrice Integral 8 Signal Nature Elements Coco 75ml","p":1.72,"u":"22,93 €/L","img":"https://fd1-photos.leclercdrive.fr/image.ashx?id=2974659&use=l&cat=p&typeid=i","cat":284612},{"id":86448,"n":"Désinfectant protection Sanytol Salle de bain - 500ml","p":2.93,"u":"5,86 €/L","img":"https://fd1-photos.leclercdrive.fr/image.ashx?id=2848620&use=l&cat=p&typeid=i","cat":325357},{"id":86462,"n":"Gratte éponge Spontex Mosaik - x3","p":2.64,"u":"0,88 €/P","img":"https://fd1-photos.leclercdrive.fr/image.ashx?id=2393224&use=l&cat=p&typeid=i","cat":284667},{"id":86470,"n":"Bonbons KREMA Festival Assortiment - 360g","p":2.38,"u":"6,61 €/KG","img":"https://fd1-photos.leclercdrive.fr/image.ashx?id=2817875&use=l&cat=p&typeid=i","cat":304250},{"id":86474,"n":"Bonbons KREMA Batna Réglisse & Anis - 360g","p":2.12,"u":"5,89 €/KG","img":"https://fd1-photos.leclercdrive.fr/image.ashx?id=2817878&use=l&cat=p&typeid=i","cat":304250},{"id":86482,"n":"Bonbons KREMA Régal'ad Assortiment Fruits - 360g","p":2.39,"u":"6,64 €/KG","img":"https://fd1-photos.leclercdrive.fr/image.ashx?id=2855295&use=l&cat=p&typeid=i","cat":304250},{"id":86483,"n":"Bonbons La pie qui chante Menthe claire - 360g","p":2.09,"u":"5,81 €/KG","img":"https://fd1-photos.leclercdrive.fr/image.ashx?id=2817869&use=l&cat=p&typeid=i","cat":304252},{"id":86488,"n":"Bonbons La pie qui chante Stoptou à la réglisse - 450g","p":2.44,"u":"5,42 €/KG","img":"https://fd1-photos.leclercdrive.fr/image.ashx?id=2817872&use=l&cat=p&typeid=i","cat":304250},{"id":86570,"n":"Chewing gum Malabar Tutti Frutti - 214g","p":1.81,"u":"8,46 €/KG","img":"https://fd1-photos.leclercdrive.fr/image.ashx?id=2817848&use=l&cat=p&typeid=i","cat":304251},{"id":86586,"n":"Pain de mie Harrys Nature extra moelleux - 500g","p":1.29,"u":"2,58 €/KG","img":"https://fd1-photos.leclercdrive.fr/image.ashx?id=2660730&use=l&cat=p&typeid=i","cat":284477},{"id":86591,"n":"AOP Champagne Pommery Brut Royal étui- 75cl","p":34.78,"u":"46,37 €/L","img":"https://fd1-photos.leclercdrive.fr/image.ashx?id=2791500&use=l&cat=p&typeid=i","cat":284542},{"id":86654,"n":"Lait concentré Régilait Lait sucré entier -boîte - 397g","p":1.87,"u":"4,71 €/KG","img":"https://fd1-photos.leclercdrive.fr/image.ashx?id=1557463&use=l&cat=p&typeid=i","cat":293236},{"id":86656,"n":"Bouillon cubes légumes Knorr Méditerranéens x12- 132g","p":1.31,"u":"9,92 €/KG","img":"https://fd1-photos.leclercdrive.fr/image.ashx?id=2940636&use=l&cat=p&typeid=i","cat":288379},{"id":86658,"n":"Thé vert Twinings Simplement pur - x25 - 37g","p":2.36,"u":"63,78 €/KG","img":"https://fd1-photos.leclercdrive.fr/image.ashx?id=2893015&use=l&cat=p&typeid=i","cat":293233},{"id":86663,"n":"Farine complète bio Mon Fournil Riz sans gluten - 400g","p":2.44,"u":"6,10 €/KG","img":"https://fd1-photos.leclercdrive.fr/image.ashx?id=2378045&use=l&cat=p&typeid=i","cat":318654},{"id":86665,"n":"Dosettes café Senseo Grand Mère Classique x54","p":5.28,"u":"14,83 €/KG","img":"https://fd1-photos.leclercdrive.fr/image.ashx?id=2769837&use=l&cat=p&typeid=i","cat":293238},{"id":86670,"n":"Flocons d'avoine complet Bjorg bio - 900g","p":2.85,"u":"3,17 €/KG","img":"https://fd1-photos.leclercdrive.fr/image.ashx?id=2928534&use=l&cat=p&typeid=i","cat":309512},{"id":86724,"n":"Huile d'olive Bio Village Bio Vierge extra fruité - 75 cl","p":7.99,"u":"10,65 €/L","img":"https://fd1-photos.leclercdrive.fr/image.ashx?id=3005712&use=l&cat=p&typeid=i","cat":284453},{"id":86743,"n":"IGP Côtes de Gascogne blanc  Vieux Carion - 12% vol 75 cl","p":3.11,"u":"4,15 €/L","img":"https://fd1-photos.leclercdrive.fr/image.ashx?id=2872724&use=l&cat=p&typeid=i","cat":289557},{"id":86744,"n":"Mouchoirs blancs 3 plis Caresse Boîte mouchoirs papier parf x80","p":1.65,"u":"0,02 €/P","img":"https://fd1-photos.leclercdrive.fr/image.ashx?id=2837247&use=l&cat=p&typeid=i","cat":284638},{"id":86747,"n":"Sacs de congélation Elembal Curseur moyen - x15","p":1.99,"u":"0,13 €/P","img":"https://fd1-photos.leclercdrive.fr/image.ashx?id=2511120&use=l&cat=p&typeid=i","cat":334134},{"id":86748,"n":"Adoucissant Hyperdou Lingettes Rêve de fraîcheur - x20","p":1.71,"u":"0,09 €/P","img":"https://fd1-photos.leclercdrive.fr/image.ashx?id=2489203&use=l&cat=p&typeid=i","cat":325302},{"id":86784,"n":"Frites au four Pom'Lisse Pom'Steak - 600g","p":1.46,"u":"2,43 €/KG","img":"https://fd1-photos.leclercdrive.fr/image.ashx?id=2770687&use=l&cat=p&typeid=i","cat":319791},{"id":86884,"n":"Amande en poudre Vahiné 200g","p":4.09,"u":"20,45 €/KG","img":"https://fd1-photos.leclercdrive.fr/image.ashx?id=2559850&use=l&cat=p&typeid=i","cat":284504},{"id":86885,"n":"Pralin Vahiné 200g","p":4.34,"u":"21,70 €/KG","img":"https://fd1-photos.leclercdrive.fr/image.ashx?id=2524320&use=l&cat=p&typeid=i","cat":284504},{"id":86905,"n":"Bière blonde 1664 5,5° - 12x33cl canettes","p":10.15,"u":"2,56 €/L","img":"https://fd1-photos.leclercdrive.fr/image.ashx?id=2246617&use=l&cat=p&typeid=i","cat":334853},{"id":86907,"n":"Lait en poudre Modilac Bébé : 2ème âge - 820g","p":15.65,"u":"19,09 €/KG","img":"https://fd1-photos.leclercdrive.fr/image.ashx?id=2873393&use=l&cat=p&typeid=i","cat":284727},{"id":86909,"n":"Lait en poudre Modilac Doucéa Bébé 0-6mois - 820g","p":18.64,"u":"22,73 €/KG","img":"https://fd1-photos.leclercdrive.fr/image.ashx?id=2997031&use=l&cat=p&typeid=i","cat":284726},{"id":86947,"n":"Parmesan rapé AOP 30% MG Bio Bio village - 50g","p":1.66,"u":"33,20 €/KG","img":"https://fd1-photos.leclercdrive.fr/image.ashx?id=2887422&use=l&cat=p&typeid=i","cat":314035},{"id":86957,"n":"Lentilles blondes Notre Jardin 500g","p":2.64,"u":"5,28 €/KG","img":"https://fd1-photos.leclercdrive.fr/image.ashx?id=2096455&use=l&cat=p&typeid=i","cat":284430},{"id":86986,"n":"Sachet fraicheur chat Sheba Thon saumon en gelée - 6x50g","p":2.62,"u":"8,73 €/KG","img":"https://fd1-photos.leclercdrive.fr/image.ashx?id=2850162&use=l&cat=p&typeid=i","cat":285286},{"id":87001,"n":"Petits Pois Notre Jardin 600g","p":1.69,"u":"2,82 €/KG","img":"https://fd1-photos.leclercdrive.fr/image.ashx?id=2873156&use=l&cat=p&typeid=i","cat":319805},{"id":87007,"n":"Bâtonnets à mâcher Dentalife Extra mini x23 - 207g","p":4.24,"u":"20,48 €/KG","img":"https://fd1-photos.leclercdrive.fr/image.ashx?id=2963970&use=l&cat=p&typeid=i","cat":294527},{"id":87011,"n":"Sachet repas chat Gourmet Perle Régal de sauces - 12x85g","p":5.69,"u":"5,58 €/KG","img":"https://fd1-photos.leclercdrive.fr/image.ashx?id=2902361&use=l&cat=p&typeid=i","cat":285286},{"id":87024,"n":"Smoothie innocent énergie boogie ruby 750ml","p":3.35,"u":"4,47 €/L","img":"https://fd1-photos.leclercdrive.fr/image.ashx?id=2187631&use=l&cat=p&typeid=i","cat":285435},{"id":87026,"n":"Smoothie innocent antioxydant green 750ml","p":3.08,"u":"4,11 €/L","img":"https://fd1-photos.leclercdrive.fr/image.ashx?id=2860049&use=l&cat=p&typeid=i","cat":285435},{"id":87038,"n":"Yaourt nature Danone 8x125g","p":1.83,"u":"1,83 €/KG","img":"https://fd1-photos.leclercdrive.fr/image.ashx?id=3001985&use=l&cat=p&typeid=i","cat":284409},{"id":87061,"n":"Boisson gourmande PAGO ACE Orange carotte citron - 75cl","p":1.68,"u":"2,24 €/L","img":"https://fd1-photos.leclercdrive.fr/image.ashx?id=2861237&use=l&cat=p&typeid=i","cat":284916},{"id":87067,"n":"Yaourt à boire P'tit max  Délisse Fraise - 6x180g","p":2.03,"u":"1,88 €/KG","img":"https://fd1-photos.leclercdrive.fr/image.ashx?id=2762510&use=l&cat=p&typeid=i","cat":284415},{"id":87084,"n":"Rhum ambré Bacardi Carta Oro 37,5° - 70cl","p":16.96,"u":"24,23 €/L","img":"https://fd1-photos.leclercdrive.fr/image.ashx?id=2858171&use=l&cat=p&typeid=i","cat":284550},{"id":87089,"n":"Pavé Gourmand Garden Gourmet Epinards et Fromage 180g","p":2.33,"u":"12,94 €/KG","img":"https://fd1-photos.leclercdrive.fr/image.ashx?id=2971389&use=l&cat=p&typeid=i","cat":316036},{"id":87091,"n":"St Jacques Marie Fondue de poireaux riz - 280g","p":3.31,"u":"11,82 €/KG","img":"https://fd1-photos.leclercdrive.fr/image.ashx?id=2317531&use=l&cat=p&typeid=i","cat":333665},{"id":87093,"n":"Eau coiffante Vitanove 150ml","p":1.99,"u":"13,27 €/L","img":"https://fd1-photos.leclercdrive.fr/image.ashx?id=2496419&use=l&cat=p&typeid=i","cat":284609},{"id":87100,"n":"Gel lavant Manava Purifiant mandarine - 300ml","p":1.25,"u":"4,17 €/L","img":"https://fd1-photos.leclercdrive.fr/image.ashx?id=2935519&use=l&cat=p&typeid=i","cat":284597},{"id":87133,"n":"Thé vert Bio Ethiquable  Menthe x20 - 36g","p":1.99,"u":"55,28 €/KG","img":"https://fd1-photos.leclercdrive.fr/image.ashx?id=2870875&use=l&cat=p&typeid=i","cat":293233},{"id":87192,"n":"Mini beignet aux fruits rouges Délices des 7 vallées - 8x25g","p":3.36,"u":"16,80 €/KG","img":"https://fd1-photos.leclercdrive.fr/image.ashx?id=1580052&use=l&cat=p&typeid=i","cat":284984},{"id":87348,"n":"IGP Pays d'Oc rosé Merlot Grand Sud 12.5% vol - 5L","p":17.5,"u":"3,50 €/L","img":"https://fd1-photos.leclercdrive.fr/image.ashx?id=2837454&use=l&cat=p&typeid=i","cat":289558},{"id":87375,"n":"Serviettes Doulys Ultra mince Nuit + large - x9","p":2.2,"u":"0,24 €/P","img":"https://fd1-photos.leclercdrive.fr/image.ashx?id=2839927&use=l&cat=p&typeid=i","cat":284624},{"id":87379,"n":"Shampooing L'Arbre Vert Nutrition cheveux secs - 250ml","p":1.79,"u":"7,16 €/L","img":"https://fd1-photos.leclercdrive.fr/image.ashx?id=2885390&use=l&cat=p&typeid=i","cat":284606},{"id":87623,"n":"Langue de bœuf Larzul Sauce madère - 205g","p":3.79,"u":"18,49 €/KG","img":"https://fd1-photos.leclercdrive.fr/image.ashx?id=2469226&use=l&cat=p&typeid=i","cat":284441},{"id":87633,"n":"Langue de bœuf sauce piquante Larzul - 205g","p":3.79,"u":"18,49 €/KG","img":"https://fd1-photos.leclercdrive.fr/image.ashx?id=2516239&use=l&cat=p&typeid=i","cat":284441},{"id":87635,"n":"Soupe de poisson 4/4 Larzul 800g","p":3.76,"u":"4,70 €/KG","img":"https://fd1-photos.leclercdrive.fr/image.ashx?id=2209309&use=l&cat=p&typeid=i","cat":287366},{"id":87701,"n":"Carrés feuilletés Croustipate x4 - 240g","p":1.02,"u":"4,25 €/KG","img":"https://fd1-photos.leclercdrive.fr/image.ashx?id=2875069&use=l&cat=p&typeid=i","cat":333681},{"id":87742,"n":"Yaourt bifidus Activia vanille - 16x125g","p":4.51,"u":"2,26 €/KG","img":"https://fd1-photos.leclercdrive.fr/image.ashx?id=2741757&use=l&cat=p&typeid=i","cat":315000},{"id":87746,"n":"Yaourt bifidus Activia Citron - 16x125g","p":4.51,"u":"2,26 €/KG","img":"https://fd1-photos.leclercdrive.fr/image.ashx?id=2741781&use=l&cat=p&typeid=i","cat":315000},{"id":87809,"n":"Collant Dim Opaque velouté Noir - T1/2","p":5.55,"img":"https://fd1-photos.leclercdrive.fr/image.ashx?id=2876092&use=l&cat=p&typeid=i","cat":334130},{"id":87810,"n":"Collant Dim Opaque velouté Noir - T3/4","p":5.55,"img":"https://fd1-photos.leclercdrive.fr/image.ashx?id=2876095&use=l&cat=p&typeid=i","cat":334130},{"id":87849,"n":"Boisson végétale Alpro lait de coco riz - 1l","p":2.15,"u":"2,15 €/L","img":"https://fd1-photos.leclercdrive.fr/image.ashx?id=2790243&use=l&cat=p&typeid=i","cat":316067},{"id":87869,"n":"Moule à tarte Homeside 27cm","p":6.29,"img":"https://fd1-photos.leclercdrive.fr/image.ashx?id=2856639&use=l&cat=p&typeid=i","cat":298490},{"id":87894,"n":"Boisson énergisante Crazy Tiger Bouteille - 1L","p":2.07,"u":"2,07 €/L","img":"https://fd1-photos.leclercdrive.fr/image.ashx?id=2927555&use=l&cat=p&typeid=i","cat":284533},{"id":87923,"n":"Compotes  gourdes Pom'Potes Multivariétés - 12x90g","p":5.08,"u":"4,70 €/KG","img":"https://fd1-photos.leclercdrive.fr/image.ashx?id=3010942&use=l&cat=p&typeid=i","cat":284508},{"id":87924,"n":"Dosettes café Senseo Classique x40","p":6.31,"u":"22,78 €/KG","img":"https://fd1-photos.leclercdrive.fr/image.ashx?id=2876326&use=l&cat=p&typeid=i","cat":293238},{"id":87925,"n":"Dosettes café Senseo Corsé x40","p":6.36,"u":"22,96 €/KG","img":"https://fd1-photos.leclercdrive.fr/image.ashx?id=2393581&use=l&cat=p&typeid=i","cat":293238},{"id":87926,"n":"Dosettes café Senseo Doux x40","p":6.36,"u":"22,96 €/KG","img":"https://fd1-photos.leclercdrive.fr/image.ashx?id=2337567&use=l&cat=p&typeid=i","cat":293238},{"id":87927,"n":"Dosettes café Senseo Décaféiné x40","p":6.35,"u":"22,92 €/KG","img":"https://fd1-photos.leclercdrive.fr/image.ashx?id=2324921&use=l&cat=p&typeid=i","cat":293238},{"id":87929,"n":"Dosettes café Senseo Classique x54","p":8.52,"u":"22,72 €/KG","img":"https://fd1-photos.leclercdrive.fr/image.ashx?id=2391798&use=l&cat=p&typeid=i","cat":293238},{"id":87930,"n":"Dosettes café Senseo Corsé x54","p":8.12,"u":"21,65 €/KG","img":"https://fd1-photos.leclercdrive.fr/image.ashx?id=2326829&use=l&cat=p&typeid=i","cat":293238},{"id":87931,"n":"Dosettes café Senseo Doux x54","p":8.29,"u":"22,11 €/KG","img":"https://fd1-photos.leclercdrive.fr/image.ashx?id=2289951&use=l&cat=p&typeid=i","cat":293238},{"id":88048,"n":"Compote Charles & Alice Pommes Bananes Vanille -4x100g","p":1.44,"u":"3,71 €/KG","img":"https://fd1-photos.leclercdrive.fr/image.ashx?id=2757698&use=l&cat=p&typeid=i","cat":284416},{"id":88050,"n":"Camembert Petit Normand 250g","p":3.46,"u":"13,84 €/KG","img":"https://fd1-photos.leclercdrive.fr/image.ashx?id=2857222&use=l&cat=p&typeid=i","cat":314033},{"id":88053,"n":"Lasagne à la bolognaise Marie - 1 kg","p":4.64,"u":"4,64 €/KG","img":"https://fd1-photos.leclercdrive.fr/image.ashx?id=2993394&use=l&cat=p&typeid=i","cat":284254},{"id":88054,"n":"Fromage à tartiner Madame Loïk Fouetté Nat. Sel réduit - 150g","p":1.65,"pp":1.09,"u":"7,27 €/KG","img":"https://fd1-photos.leclercdrive.fr/image.ashx?id=2948018&use=l&cat=p&typeid=i","cat":314029},{"id":88062,"n":"Matière grasse Primevere Oméga 3 - 55% - 250g","p":1.5,"u":"6,00 €/KG","img":"https://fd1-photos.leclercdrive.fr/image.ashx?id=2928468&use=l&cat=p&typeid=i","cat":315229},{"id":88081,"n":"Colombo 75g","p":1.84,"u":"24,53 €/KG","img":"https://fd1-photos.leclercdrive.fr/image.ashx?id=1608281&use=l&cat=p&typeid=i","cat":298297},{"id":88084,"n":"Curcuma 70g","p":1.98,"u":"28,29 €/KG","img":"https://fd1-photos.leclercdrive.fr/image.ashx?id=1584464&use=l&cat=p&typeid=i","cat":298297},{"id":88085,"n":"Epices La Conquête des Saveurs Curry - 75g","p":1.96,"u":"26,13 €/KG","img":"https://fd1-photos.leclercdrive.fr/image.ashx?id=1584470&use=l&cat=p&typeid=i","cat":298297},{"id":88086,"n":"Gingembre moulu 70g","p":2.14,"u":"30,57 €/KG","img":"https://fd1-photos.leclercdrive.fr/image.ashx?id=1584467&use=l&cat=p&typeid=i","cat":298297},{"id":88088,"n":"Mélange épices à couscous 75g","p":1.99,"u":"26,53 €/KG","img":"https://fd1-photos.leclercdrive.fr/image.ashx?id=1584473&use=l&cat=p&typeid=i","cat":298297},{"id":88089,"n":"Mélange épices mexicaines 80g","p":2.01,"u":"25,13 €/KG","img":"https://fd1-photos.leclercdrive.fr/image.ashx?id=2873369&use=l&cat=p&typeid=i","cat":298297},{"id":88185,"n":"Gel d'aloé vera bio Puraloe À boire - 1L","p":14.7,"u":"14,70 €/L","img":"https://fd1-photos.leclercdrive.fr/image.ashx?id=2086120&use=l&cat=p&typeid=i","cat":301264},{"id":88206,"n":"Céréales bébé Blédine 12 mois  Vanille - 400g","p":2.45,"u":"6,13 €/KG","img":"https://fd1-photos.leclercdrive.fr/image.ashx?id=2763124&use=l&cat=p&typeid=i","cat":312225},{"id":88228,"n":"Crème Vichy Liftactiv Nuit - 50ml","p":26.9,"u":"538,00 €/L","img":"https://fd1-photos.leclercdrive.fr/image.ashx?id=2054118&use=l&cat=p&typeid=i","cat":291168},{"id":88230,"n":"Crème Vichy liftactiv suprême peaux normales à mixtes - 50ml","p":26.9,"u":"538,00 €/L","img":"https://fd1-photos.leclercdrive.fr/image.ashx?id=2768192&use=l&cat=p&typeid=i","cat":291168},{"id":88235,"n":"Crème La Roche-Posay Effaclar mat - 40ml","p":11.5,"u":"287,50 €/L","img":"https://fd1-photos.leclercdrive.fr/image.ashx?id=2842708&use=l&cat=p&typeid=i","cat":291166},{"id":88245,"n":"Huile de massage Weleda Pour vergétures - 100ml","p":14.99,"u":"149,90 €/L","img":"https://fd1-photos.leclercdrive.fr/image.ashx?id=2454241&use=l&cat=p&typeid=i","cat":291159},{"id":88266,"n":"Lait corps Topicrem Ultra hydratant - 500ml","p":12.95,"pp":9.06,"u":"18,12 €/L","img":"https://fd1-photos.leclercdrive.fr/image.ashx?id=2631771&use=l&cat=p&typeid=i","cat":290421},{"id":88310,"n":"Soin hydratant Bioderma Anti-brillance - 30ml","p":11.2,"u":"373,33 €/L","img":"https://fd1-photos.leclercdrive.fr/image.ashx?id=2412714&use=l&cat=p&typeid=i","cat":291166},{"id":88339,"n":"Purée de sésame Jardin Bio Tahini bio - 350g","p":5.56,"u":"15,89 €/KG","img":"https://fd1-photos.leclercdrive.fr/image.ashx?id=3000183&use=l&cat=p&typeid=i","cat":284481},{"id":88340,"n":"Berries Haribo Sachet bonbons - 200g","p":1.77,"u":"8,85 €/KG","img":"https://fd1-photos.leclercdrive.fr/image.ashx?id=2982411&use=l&cat=p&typeid=i","cat":304250},{"id":88344,"n":"Bonbons Regal'ad Krema 590g","p":3.42,"u":"5,80 €/KG","img":"https://fd1-photos.leclercdrive.fr/image.ashx?id=2806351&use=l&cat=p&typeid=i","cat":304250},{"id":88359,"n":"Bougies et chiffres Vahiné Plastique","p":3.15,"img":"https://fd1-photos.leclercdrive.fr/image.ashx?id=2402702&use=l&cat=p&typeid=i","cat":335913},{"id":88396,"n":"Matière grasse St Hubert  Omega3 - 1/2 sel - 52% MG -250g","p":2.75,"u":"11,00 €/KG","img":"https://fd1-photos.leclercdrive.fr/image.ashx?id=2886094&use=l&cat=p&typeid=i","cat":315229},{"id":88414,"n":"Boisson a base de thé Fresh Tea Thé vert saveur menthe 1L","p":0.96,"u":"0,96 €/L","img":"https://fd1-photos.leclercdrive.fr/image.ashx?id=2622272&use=l&cat=p&typeid=i","cat":295019},{"id":88417,"n":"Matière grasse St Hubert 51%MG-Sans huile de palme -500g","p":4.75,"u":"9,50 €/KG","img":"https://fd1-photos.leclercdrive.fr/image.ashx?id=2734117&use=l&cat=p&typeid=i","cat":315229},{"id":88418,"n":"Boisson a base de thé Fresh Tea Pêche - 1L","p":0.89,"u":"0,89 €/L","img":"https://fd1-photos.leclercdrive.fr/image.ashx?id=2622275&use=l&cat=p&typeid=i","cat":295019},{"id":88429,"n":"Eau gazeuse San Pellegrino Minérale naturelle - 6x33cl","p":2.85,"u":"1,44 €/L","img":"https://fd1-photos.leclercdrive.fr/image.ashx?id=2459090&use=l&cat=p&typeid=i","cat":284536},{"id":88441,"n":"Fromage à tartiner St Môret Nature maxi format - 400g","p":4.43,"u":"11,08 €/KG","img":"https://fd1-photos.leclercdrive.fr/image.ashx?id=2755459&use=l&cat=p&typeid=i","cat":314029},{"id":88446,"n":"Fromage Le Rustique Tomme  Fruitée - 280g","p":3.95,"u":"14,11 €/KG","img":"https://fd1-photos.leclercdrive.fr/image.ashx?id=2921549&use=l&cat=p&typeid=i","cat":329184},{"id":88448,"n":"Fromage à Tartiner Carré Frais  Nature 0% - 8 Portions - 200g","p":2.33,"u":"11,65 €/KG","img":"https://fd1-photos.leclercdrive.fr/image.ashx?id=2868684&use=l&cat=p&typeid=i","cat":314029},{"id":88450,"n":"Escalope Cordon Bleu Père Dodu  Dinde x2 - 200g","p":2.49,"u":"12,45 €/KG","img":"https://fd1-photos.leclercdrive.fr/image.ashx?id=2957203&use=l&cat=p&typeid=i","cat":333683},{"id":88454,"n":"Saucisson Fuet Justin Bridou  170g","p":3.24,"u":"19,06 €/KG","img":"https://fd1-photos.leclercdrive.fr/image.ashx?id=2751165&use=l&cat=p&typeid=i","cat":316006},{"id":88461,"n":"Salami Danois  Saint-Azay x16 - 160g","p":1.58,"u":"9,88 €/KG","img":"https://fd1-photos.leclercdrive.fr/image.ashx?id=2708354&use=l&cat=p&typeid=i","cat":316007},{"id":88471,"n":"Protège slip Tena Long - x20","p":2.45,"u":"0,12 €/P","img":"https://fd1-photos.leclercdrive.fr/image.ashx?id=2428588&use=l&cat=p&typeid=i","cat":284628},{"id":88480,"n":"Soin léger réhydratant Jonzac Eau thermale bio - 50ml","p":10.0,"u":"200,00 €/L","img":"https://fd1-photos.leclercdrive.fr/image.ashx?id=2734987&use=l&cat=p&typeid=i","cat":291171},{"id":88511,"n":"Éventail de Crevettes Pescanova ASC Sauce Tzatziki - 130g","p":4.54,"u":"34,92 €/KG","img":"https://fd1-photos.leclercdrive.fr/image.ashx?id=2180073&use=l&cat=p&typeid=i","cat":284343},{"id":88538,"n":"Fromage à tartiner St Môret Nature léger - 150g","p":2.88,"u":"19,20 €/KG","img":"https://fd1-photos.leclercdrive.fr/image.ashx?id=2755462&use=l&cat=p&typeid=i","cat":314029},{"id":88542,"n":"Tomato Ketchup Allégé Heinz 50% sucre/sel en moins - 435g","p":2.36,"u":"5,43 €/KG","img":"https://fd1-photos.leclercdrive.fr/image.ashx?id=2973357&use=l&cat=p&typeid=i","cat":284455},{"id":88548,"n":"Tartines campagne La Boulangère 450g","p":1.72,"u":"3,82 €/KG","img":"https://fd1-photos.leclercdrive.fr/image.ashx?id=2912395&use=l&cat=p&typeid=i","cat":284477},{"id":88560,"n":"Céréales bébé Blédine 6 mois  Biscuit - 400g","p":2.07,"u":"5,18 €/KG","img":"https://fd1-photos.leclercdrive.fr/image.ashx?id=2773295&use=l&cat=p&typeid=i","cat":312225},{"id":88563,"n":"AOP Côtes du Rhône Vin rouge E. Guigal - 75cl","p":9.65,"u":"12,87 €/L","img":"https://fd1-photos.leclercdrive.fr/image.ashx?id=2555658&use=l&cat=p&typeid=i","cat":289556},{"id":88575,"n":"Poivron doux rouge  1kg","p":4.99,"u":"4,99 €/KG","img":"https://fd1-photos.leclercdrive.fr/image.ashx?id=1632938&use=l&cat=p&typeid=i","cat":284352},{"id":88618,"n":"AOP Apremont Vin blanc 75cl","p":8.4,"u":"11,20 €/L","img":"https://fd1-photos.leclercdrive.fr/image.ashx?id=1952123&use=l&cat=p&typeid=i","cat":289557},{"id":88662,"n":"Yaourt bifidus Activia Vanille - 4x125g","p":1.6,"u":"3,20 €/KG","img":"https://fd1-photos.leclercdrive.fr/image.ashx?id=3006184&use=l&cat=p&typeid=i","cat":315000},{"id":88698,"n":"Citrons bio Bio Village Sachet x4","p":1.99,"u":"0,50 €/P","img":"https://fd1-photos.leclercdrive.fr/image.ashx?id=2805063&use=l&cat=p&typeid=i","cat":284356},{"id":88738,"n":"Yaourt bifidus Activia citron vanille coco - 12x125g","p":4.1,"u":"2,73 €/KG","img":"https://fd1-photos.leclercdrive.fr/image.ashx?id=3003149&use=l&cat=p&typeid=i","cat":315000},{"id":88740,"n":"Yaourt bifidus Activia citron - 4x125g","p":1.6,"u":"3,20 €/KG","img":"https://fd1-photos.leclercdrive.fr/image.ashx?id=3006181&use=l&cat=p&typeid=i","cat":315000},{"id":88742,"n":"Yaourt bifidus Activia coco - 4x125g","p":1.62,"u":"3,24 €/KG","img":"https://fd1-photos.leclercdrive.fr/image.ashx?id=2886651&use=l&cat=p&typeid=i","cat":315000},{"id":89088,"n":"Boisson au Soja Alpro Goût vanille - 1L","p":2.29,"u":"2,29 €/L","img":"https://fd1-photos.leclercdrive.fr/image.ashx?id=2944383&use=l&cat=p&typeid=i","cat":316067},{"id":89090,"n":"Boisson végétale Alpro Soja - 1L","p":1.73,"u":"1,73 €/L","img":"https://fd1-photos.leclercdrive.fr/image.ashx?id=2977681&use=l&cat=p&typeid=i","cat":316067},{"id":89092,"n":"Boisson au soja Alpro Saveur chocolat - 1L","p":2.48,"u":"2,48 €/L","img":"https://fd1-photos.leclercdrive.fr/image.ashx?id=1889294&use=l&cat=p&typeid=i","cat":316067},{"id":89094,"n":"Boisson végétale lait d'amande grillée sans sucre alpro - 1l","p":1.89,"u":"1,89 €/L","img":"https://fd1-photos.leclercdrive.fr/image.ashx?id=2985543&use=l&cat=p&typeid=i","cat":316067},{"id":89190,"n":"Carotte Bio Bio Village 1kg","p":1.89,"u":"1,89 €/KG","img":"https://fd1-photos.leclercdrive.fr/image.ashx?id=1457160&use=l&cat=p&typeid=i","cat":284352},{"id":89196,"n":"Eau gazeuse aromatisée Badoit Citron vert - 1L","p":1.2,"u":"1,20 €/L","img":"https://fd1-photos.leclercdrive.fr/image.ashx?id=2730658&use=l&cat=p&typeid=i","cat":284536},{"id":89197,"n":"Eau gazeuse aromatisée Badoit Pamplemousse citron - 1L","p":1.18,"u":"1,18 €/L","img":"https://fd1-photos.leclercdrive.fr/image.ashx?id=2730655&use=l&cat=p&typeid=i","cat":284536},{"id":89198,"n":"Eau gazeuse aromatisée Badoit Citron menthe - 1L","p":1.29,"u":"1,29 €/L","img":"https://fd1-photos.leclercdrive.fr/image.ashx?id=2730661&use=l&cat=p&typeid=i","cat":284536},{"id":89338,"n":"Soin anti-rides Inell Q10 Jour - 50ml","p":2.49,"u":"49,80 €/L","img":"https://fd1-photos.leclercdrive.fr/image.ashx?id=2822132&use=l&cat=p&typeid=i","cat":325345},{"id":89341,"n":"Gel lavant recharge Manava Antibactérien Mandarine - 250ml","p":0.54,"u":"2,16 €/L","img":"https://fd1-photos.leclercdrive.fr/image.ashx?id=2935522&use=l&cat=p&typeid=i","cat":284597},{"id":89344,"n":"Serviettes Normal Doulys Ultra mince - x28","p":2.42,"u":"0,09 €/P","img":"https://fd1-photos.leclercdrive.fr/image.ashx?id=2789143&use=l&cat=p&typeid=i","cat":284624},{"id":89345,"n":"Serviettes Super Doulys Ultra mince - x24","p":1.8,"u":"0,08 €/P","img":"https://fd1-photos.leclercdrive.fr/image.ashx?id=2839931&use=l&cat=p&typeid=i","cat":284624},{"id":89346,"n":"Serviettes Nuit Doulys Ultra mince - x20","p":2.55,"u":"0,13 €/P","img":"https://fd1-photos.leclercdrive.fr/image.ashx?id=2839935&use=l&cat=p&typeid=i","cat":284624},{"id":89399,"n":"AOP vin blanc Gewurztraminer Vendange tardive - 2014 - 50cl","p":12.95,"u":"25,90 €/L","img":"https://fd1-photos.leclercdrive.fr/image.ashx?id=2689877&use=l&cat=p&typeid=i","cat":289557},{"id":89424,"n":"Pesto vert Bio Village Bio - 185g","p":1.8,"u":"9,73 €/KG","img":"https://fd1-photos.leclercdrive.fr/image.ashx?id=1466304&use=l&cat=p&typeid=i","cat":287599},{"id":89507,"n":"Xtrem Box Sodebo Radiatori à la Carbonara 400g","p":2.99,"u":"7,48 €/KG","img":"https://fd1-photos.leclercdrive.fr/image.ashx?id=2631588&use=l&cat=p&typeid=i","cat":334983},{"id":89660,"n":"Xtrem Box Sodebo Radiatori  4 Fromages - 400g","p":2.66,"u":"6,65 €/KG","img":"https://fd1-photos.leclercdrive.fr/image.ashx?id=2631591&use=l&cat=p&typeid=i","cat":334983},{"id":89686,"n":"Taboulé poulet rôti Bonduelle 500g","p":2.35,"u":"4,70 €/KG","img":"https://fd1-photos.leclercdrive.fr/image.ashx?id=2904694&use=l&cat=p&typeid=i","cat":333657},{"id":89695,"n":"Poulet Weight Watchers Curry-coco - 300g","p":2.74,"u":"9,13 €/KG","img":"https://fd1-photos.leclercdrive.fr/image.ashx?id=2827203&use=l&cat=p&typeid=i","cat":333665},{"id":89825,"n":"AOP Côtes du Rhône villages  rouge Romain Duvernay - 75cl","p":6.8,"u":"9,07 €/L","img":"https://fd1-photos.leclercdrive.fr/image.ashx?id=2322400&use=l&cat=p&typeid=i","cat":289556},{"id":89848,"n":"Boisson Végétale lait d'amande  bjorg cappuccino - bio - 1l","p":2.59,"u":"2,59 €/L","img":"https://fd1-photos.leclercdrive.fr/image.ashx?id=2962488&use=l&cat=p&typeid=i","cat":316067},{"id":89867,"n":"Boisson Bjorg Avoine, calcium - Bio - 500ml","p":1.53,"u":"3,06 €/L","img":"https://fd1-photos.leclercdrive.fr/image.ashx?id=2973631&use=l&cat=p&typeid=i","cat":316067},{"id":89897,"n":"Boisson Végétale lait d'amande grillée bio - 1l","p":2.39,"u":"2,39 €/L","img":"https://fd1-photos.leclercdrive.fr/image.ashx?id=2912065&use=l&cat=p&typeid=i","cat":316067},{"id":89914,"n":"Bouillon Cube Maggi Légumes x18 - 180g","p":1.47,"u":"8,17 €/KG","img":"https://fd1-photos.leclercdrive.fr/image.ashx?id=2737039&use=l&cat=p&typeid=i","cat":288379},{"id":90021,"n":"Thon Le Mariné Petit Navire Emietté -Tomates séchées - 110g","p":2.05,"u":"18,64 €/KG","img":"https://fd1-photos.leclercdrive.fr/image.ashx?id=2682857&use=l&cat=p&typeid=i","cat":303867},{"id":90054,"n":"Confiture extra bio Jardin Bio 60% d'abricot - 320g","p":3.09,"u":"9,66 €/KG","img":"https://fd1-photos.leclercdrive.fr/image.ashx?id=2475750&use=l&cat=p&typeid=i","cat":284480},{"id":90082,"n":"Ciboulette Ducros 4g","p":1.32,"u":"330,00 €/KG","img":"https://fd1-photos.leclercdrive.fr/image.ashx?id=2559487&use=l&cat=p&typeid=i","cat":298297},{"id":90090,"n":"Gnocchi à poêler Lustucru Extra Fromage 500g","p":2.91,"u":"5,82 €/KG","img":"https://fd1-photos.leclercdrive.fr/image.ashx?id=2786171&use=l&cat=p&typeid=i","cat":333682},{"id":90091,"n":"Gaufre vergeoise Lotus Bakeries Coeur fondant 5x2 pièce - 310g","p":2.17,"u":"7,00 €/KG","img":"https://fd1-photos.leclercdrive.fr/image.ashx?id=2695887&use=l&cat=p&typeid=i","cat":294777},{"id":90113,"n":"Petits suisses aux fruits bio Les 2 vaches - 12x50g","p":3.19,"u":"5,32 €/KG","img":"https://fd1-photos.leclercdrive.fr/image.ashx?id=2774103&use=l&cat=p&typeid=i","cat":284414},{"id":90120,"n":"Crème Saint Agur  155g","p":2.65,"u":"17,10 €/KG","img":"https://fd1-photos.leclercdrive.fr/image.ashx?id=2760014&use=l&cat=p&typeid=i","cat":314029},{"id":90122,"n":"Camembert Coeur de Lion 250g","p":1.98,"u":"7,92 €/KG","img":"https://fd1-photos.leclercdrive.fr/image.ashx?id=3008185&use=l&cat=p&typeid=i","cat":314033},{"id":90182,"n":"Savon Bionaïa Lait d'anesse - 100g","p":1.72,"u":"17,20 €/KG","img":"https://fd1-photos.leclercdrive.fr/image.ashx?id=2491047&use=l&cat=p&typeid=i","cat":284597},{"id":90188,"n":"Cremio Box Sodebo Poulet à l'Emmental - 280g","p":2.24,"u":"8,00 €/KG","img":"https://fd1-photos.leclercdrive.fr/image.ashx?id=2679068&use=l&cat=p&typeid=i","cat":334983},{"id":90218,"n":"Couteau d'office Ardence 1 pièce","p":5.9,"img":"https://fd1-photos.leclercdrive.fr/image.ashx?id=1474445&use=l&cat=p&typeid=i","cat":334135},{"id":90220,"n":"Couteau de cuisine Ardence 1 pièce","p":6.9,"img":"https://fd1-photos.leclercdrive.fr/image.ashx?id=1474538&use=l&cat=p&typeid=i","cat":334135},{"id":90227,"n":"Couteau de Chef Ardence x1","p":11.9,"u":"0,50 €/P","img":"https://fd1-photos.leclercdrive.fr/image.ashx?id=1474460&use=l&cat=p&typeid=i","cat":334135},{"id":90237,"n":"Bière blonde Delirium Red 8% vol. - 33cl","p":2.54,"u":"7,70 €/L","img":"https://fd1-photos.leclercdrive.fr/image.ashx?id=2381300&use=l&cat=p&typeid=i","cat":334872},{"id":90258,"n":"Couteau à Steack Lot de 6","p":2.7,"u":"0,45 €/P","img":"https://fd1-photos.leclercdrive.fr/image.ashx?id=1552318&use=l&cat=p&typeid=i","cat":334134},{"id":90261,"n":"Protège Poelle Cuisy Lot de 2","p":2.25,"img":"https://fd1-photos.leclercdrive.fr/image.ashx?id=2735149&use=l&cat=p&typeid=i","cat":334135},{"id":90279,"n":"Moule à tarte  Revêtement antiadhésif - 30cm","p":6.33,"img":"https://fd1-photos.leclercdrive.fr/image.ashx?id=2805996&use=l&cat=p&typeid=i","cat":298490},{"id":90280,"n":"Plaque à pâtisserie Homeside 38x28cm","p":7.9,"img":"https://fd1-photos.leclercdrive.fr/image.ashx?id=2833041&use=l&cat=p&typeid=i","cat":298490},{"id":90306,"n":"Moule à charlotte Aluminium revêtu - 18cm","p":5.5,"img":"https://fd1-photos.leclercdrive.fr/image.ashx?id=2833035&use=l&cat=p&typeid=i","cat":298490},{"id":90308,"n":"Moule à savarin Aluminium revêtu - 24cm","p":5.5,"img":"https://fd1-photos.leclercdrive.fr/image.ashx?id=2856727&use=l&cat=p&typeid=i","cat":298490},{"id":90355,"n":"AOP Pinot gris Vin blanc Bio Wolfberger - 75cl","p":9.5,"pp":7.6,"u":"10,13 €/L","img":"https://fd1-photos.leclercdrive.fr/image.ashx?id=2127622&use=l&cat=p&typeid=i","cat":289557},{"id":90481,"n":"Eau infusée Bio Volvic  Hibiscus litchti passion - 75cl","p":1.39,"u":"1,85 €/L","img":"https://fd1-photos.leclercdrive.fr/image.ashx?id=2500437&use=l&cat=p&typeid=i","cat":284537},{"id":90501,"n":"Verres hauts Ardence 33.5cl - x3","p":2.89,"u":"0,96 €/P","img":"https://fd1-photos.leclercdrive.fr/image.ashx?id=1498685&use=l&cat=p&typeid=i","cat":334134},{"id":90562,"n":"Yaourt bifidus Activia saveur framboise - 4x125g","p":1.75,"u":"3,50 €/KG","img":"https://fd1-photos.leclercdrive.fr/image.ashx?id=2886654&use=l&cat=p&typeid=i","cat":315000},{"id":90580,"n":"Mélange 4 baies bio Ducros 25g","p":3.55,"u":"142,00 €/KG","img":"https://fd1-photos.leclercdrive.fr/image.ashx?id=2484104&use=l&cat=p&typeid=i","cat":284457},{"id":90581,"n":"Poivre noir bio Ducros Moulin - 30g","p":3.83,"u":"127,67 €/KG","img":"https://fd1-photos.leclercdrive.fr/image.ashx?id=2484107&use=l&cat=p&typeid=i","cat":284457},{"id":90643,"n":"Thé vert Bio Clipper Mangue - 20 sachets - 35g","p":2.55,"u":"72,86 €/KG","img":"https://fd1-photos.leclercdrive.fr/image.ashx?id=2916420&use=l&cat=p&typeid=i","cat":293233},{"id":90644,"n":"Thé vert Bio Clipper Framboise menthe - 35g","p":2.55,"u":"72,86 €/KG","img":"https://fd1-photos.leclercdrive.fr/image.ashx?id=2908303&use=l&cat=p&typeid=i","cat":293233},{"id":90667,"n":"Céréales Chocapic Nestlé Bio - 375g","p":3.19,"u":"8,51 €/KG","img":"https://fd1-photos.leclercdrive.fr/image.ashx?id=2997262&use=l&cat=p&typeid=i","cat":309513},{"id":90670,"n":"Muesli fruits bio sans sucres  ajoutés Terres et Céréales-1kg","p":4.26,"u":"4,26 €/KG","img":"https://fd1-photos.leclercdrive.fr/image.ashx?id=2858455&use=l&cat=p&typeid=i","cat":309512},{"id":90676,"n":"Crème dessert Mont Blanc Boîte Vanille - 570g","p":2.39,"u":"4,19 €/KG","img":"https://fd1-photos.leclercdrive.fr/image.ashx?id=3008830&use=l&cat=p&typeid=i","cat":284506},{"id":90682,"n":"Génoise P'tit Déli Fraise - 150g","p":1.41,"u":"9,40 €/KG","img":"https://fd1-photos.leclercdrive.fr/image.ashx?id=2482505&use=l&cat=p&typeid=i","cat":284489},{"id":90689,"n":"Lotus Biscoff Speculoos Biscuit Pocket 248g (16x2p)","p":2.32,"u":"9,35 €/KG","img":"https://fd1-photos.leclercdrive.fr/image.ashx?id=2694986&use=l&cat=p&typeid=i","cat":284487},{"id":90725,"n":"Infusion bio Clipper Vanille et saveur fraise - 40g","p":2.19,"u":"54,75 €/KG","img":"https://fd1-photos.leclercdrive.fr/image.ashx?id=2906751&use=l&cat=p&typeid=i","cat":293234},{"id":90820,"n":"Soupe liquide Knorr Potiron - 45cl","p":2.15,"u":"4,78 €/L","img":"https://fd1-photos.leclercdrive.fr/image.ashx?id=2338663&use=l&cat=p&typeid=i","cat":284462},{"id":90847,"n":"Dosettes café Senseo Grand Mère Corsé x54","p":5.35,"u":"15,03 €/KG","img":"https://fd1-photos.leclercdrive.fr/image.ashx?id=2745817&use=l&cat=p&typeid=i","cat":293238},{"id":90887,"n":"Whisky Japonais Akashi blend Sous étui - 40% vol. - 50cl","p":29.99,"u":"59,98 €/L","img":"https://fd1-photos.leclercdrive.fr/image.ashx?id=2860508&use=l&cat=p&typeid=i","cat":284547},{"id":90974,"n":"Poireau  500g","p":0.99,"u":"1,98 €/KG","img":"https://fd1-photos.leclercdrive.fr/image.ashx?id=1632965&use=l&cat=p&typeid=i","cat":284352},{"id":90993,"n":"Soda Pepsi Regular - 2L","p":1.43,"u":"0,72 €/L","img":"https://fd1-photos.leclercdrive.fr/image.ashx?id=1583915&use=l&cat=p&typeid=i","cat":284530},{"id":90995,"n":"Soda Pepsi Cola Regular 1L","p":1.08,"u":"1,08 €/L","img":"https://fd1-photos.leclercdrive.fr/image.ashx?id=2692686&use=l&cat=p&typeid=i","cat":284530},{"id":91025,"n":"Pur Jus Bio Village Bio Grenade - 1L","p":4.87,"u":"4,87 €/L","img":"https://fd1-photos.leclercdrive.fr/image.ashx?id=2901545&use=l&cat=p&typeid=i","cat":284916},{"id":91026,"n":"Pur Jus d'orange Bio Village Bio Carotte Citron - 1L","p":2.89,"u":"2,89 €/L","img":"https://fd1-photos.leclercdrive.fr/image.ashx?id=2901557&use=l&cat=p&typeid=i","cat":284521},{"id":91176,"n":"Lait Démaquillant Nivea Visage&Yeux Camomille - 200ml","p":3.49,"u":"17,45 €/L","img":"https://fd1-photos.leclercdrive.fr/image.ashx?id=2836097&use=l&cat=p&typeid=i","cat":284603},{"id":91177,"n":"Démaquillant Yeux biphase Nivea Sensibles Waterproof - 125ml","p":2.49,"u":"19,92 €/L","img":"https://fd1-photos.leclercdrive.fr/image.ashx?id=2953944&use=l&cat=p&typeid=i","cat":284603},{"id":91221,"n":"Pâtes Fusili Panzani Créatives - 500G","p":1.13,"u":"2,26 €/KG","img":"https://fd1-photos.leclercdrive.fr/image.ashx?id=2902942&use=l&cat=p&typeid=i","cat":284427},{"id":91231,"n":"Thé vert Twinings Framboise Passion x20 - 32g","p":2.76,"u":"86,25 €/KG","img":"https://fd1-photos.leclercdrive.fr/image.ashx?id=2893030&use=l&cat=p&typeid=i","cat":293233},{"id":91232,"n":"Thé vert Twinings Pamplemousse Citron x20 - 32g","p":2.7,"u":"84,38 €/KG","img":"https://fd1-photos.leclercdrive.fr/image.ashx?id=2906766&use=l&cat=p&typeid=i","cat":293233},{"id":91249,"n":"Jambon cuit rôti aux herbes 120g","p":4.69,"u":"39,08 €/KG","img":"https://fd1-photos.leclercdrive.fr/image.ashx?id=2025170&use=l&cat=p&typeid=i","cat":316009},{"id":91296,"n":"Assortiment chocolats Equador Fins - 195g","p":5.15,"u":"26,41 €/KG","img":"https://fd1-photos.leclercdrive.fr/image.ashx?id=3001214&use=l&cat=p&typeid=i","cat":327595},{"id":91330,"n":"AOC Crémant de Bourgogne 1/2 sec - Veuve Ambal - 75cl","p":7.99,"pp":5.99,"u":"7,99 €/L","img":"https://fd1-photos.leclercdrive.fr/image.ashx?id=1737211&use=l&cat=p&typeid=i","cat":284545},{"id":91440,"n":"IGP Pays d'Oc blanc Bio Vegan Chardonnay Naturae 12% vol 75cl","p":6.47,"u":"8,63 €/L","img":"https://fd1-photos.leclercdrive.fr/image.ashx?id=2676063&use=l&cat=p&typeid=i","cat":289557},{"id":91482,"n":"Riz Comptoir du Grain Champignons 2 min - 250g","p":1.22,"u":"4,88 €/KG","img":"https://fd1-photos.leclercdrive.fr/image.ashx?id=2856561&use=l&cat=p&typeid=i","cat":287600},{"id":91485,"n":"Riz long Comptoir du Grain Express 2 min - 250g","p":0.99,"u":"3,96 €/KG","img":"https://fd1-photos.leclercdrive.fr/image.ashx?id=2441393&use=l&cat=p&typeid=i","cat":287600},{"id":91553,"n":"Quinoa Céréal Bio  Bio repas express 220g","p":1.94,"u":"8,82 €/KG","img":"https://fd1-photos.leclercdrive.fr/image.ashx?id=2575081&use=l&cat=p&typeid=i","cat":287600},{"id":91554,"n":"Blé Riz quinoa Céréal Bio  Bio repas express 220g","p":1.79,"u":"8,14 €/KG","img":"https://fd1-photos.leclercdrive.fr/image.ashx?id=2662844&use=l&cat=p&typeid=i","cat":287600},{"id":91557,"n":"Lentilles Riz Soja Céréal Bio Bio repas express-250g","p":1.85,"u":"7,40 €/KG","img":"https://fd1-photos.leclercdrive.fr/image.ashx?id=2575084&use=l&cat=p&typeid=i","cat":287600},{"id":91585,"n":"Bicarbonate de soude Briochin Ecocert - 500g","p":3.31,"u":"6,62 €/KG","img":"https://fd1-photos.leclercdrive.fr/image.ashx?id=3000749&use=l&cat=p&typeid=i","cat":325365},{"id":91603,"n":"Gel pur So Bio Etic Aloe Vera bio - 125ml","p":6.83,"u":"54,64 €/L","img":"https://fd1-photos.leclercdrive.fr/image.ashx?id=2802497&use=l&cat=p&typeid=i","cat":325345},{"id":91647,"n":"Caviar Baeri Prince Soukhanoff Boîte de 10g","p":6.84,"u":"684,00 €/KG","img":"https://fd1-photos.leclercdrive.fr/image.ashx?id=2095896&use=l&cat=p&typeid=i","cat":285191},{"id":91768,"n":"Roquefort AOP Société Fromage de brebis - 100g","p":2.36,"u":"23,60 €/KG","img":"https://fd1-photos.leclercdrive.fr/image.ashx?id=2729701&use=l&cat=p&typeid=i","cat":314032},{"id":91776,"n":"Crème UHT Elle&Vire Semi-Ep. Entière - 30% MG - 3x20cl","p":4.12,"u":"6,87 €/L","img":"https://fd1-photos.leclercdrive.fr/image.ashx?id=2979866&use=l&cat=p&typeid=i","cat":284381},{"id":91805,"n":"petit suisse aux fruits danonino - 18x50g","p":3.47,"u":"3,86 €/KG","img":"https://fd1-photos.leclercdrive.fr/image.ashx?id=3003137&use=l&cat=p&typeid=i","cat":284414},{"id":91807,"n":"petit suisse aux fruits danonino - 12x50g","p":2.37,"u":"3,95 €/KG","img":"https://fd1-photos.leclercdrive.fr/image.ashx?id=3003140&use=l&cat=p&typeid=i","cat":284414},{"id":91810,"n":"Fromage blanc nature Les 300 Laitiers Bio - 4x100g","p":1.69,"u":"4,23 €/KG","img":"https://fd1-photos.leclercdrive.fr/image.ashx?id=2502323&use=l&cat=p&typeid=i","cat":284409},{"id":91812,"n":"Panés pois chiches feta Végé - 2x90g","p":1.88,"u":"10,44 €/KG","img":"https://fd1-photos.leclercdrive.fr/image.ashx?id=2865272&use=l&cat=p&typeid=i","cat":316036},{"id":91813,"n":"Panés tomate mozza Végé - 2x90g","p":1.88,"u":"10,44 €/KG","img":"https://fd1-photos.leclercdrive.fr/image.ashx?id=2865275&use=l&cat=p&typeid=i","cat":316036},{"id":91814,"n":"Pommes bicolores bio Bio Village Barquette x4","p":1.99,"u":"0,50 €/P","img":"https://fd1-photos.leclercdrive.fr/image.ashx?id=2556538&use=l&cat=p&typeid=i","cat":284356},{"id":91842,"n":"Infusion Bio La Tisanière Nuit x20 - 30g","p":2.33,"u":"77,67 €/KG","img":"https://fd1-photos.leclercdrive.fr/image.ashx?id=2477051&use=l&cat=p&typeid=i","cat":293234},{"id":91933,"n":"Café moulu Ménez Bré Douceur - 250g","p":4.25,"u":"17,00 €/KG","img":"https://fd1-photos.leclercdrive.fr/image.ashx?id=2886870&use=l&cat=p&typeid=i","cat":284750},{"id":91934,"n":"Café moulu Armor Brésil Santos - 250g","p":4.41,"u":"17,64 €/KG","img":"https://fd1-photos.leclercdrive.fr/image.ashx?id=1897981&use=l&cat=p&typeid=i","cat":284750},{"id":91936,"n":"Café moulu Ménez Bré Moka - 250g","p":5.37,"u":"21,48 €/KG","img":"https://fd1-photos.leclercdrive.fr/image.ashx?id=1897975&use=l&cat=p&typeid=i","cat":284750},{"id":91938,"n":"Café moulu Coïc Décafeiné - 250g","p":4.99,"u":"19,96 €/KG","img":"https://fd1-photos.leclercdrive.fr/image.ashx?id=2471223&use=l&cat=p&typeid=i","cat":284750},{"id":91939,"n":"Thon blanc Mouettes d'Arvor Au naturel - 160g","p":3.41,"u":"21,31 €/KG","img":"https://fd1-photos.leclercdrive.fr/image.ashx?id=1901740&use=l&cat=p&typeid=i","cat":303867},{"id":91940,"n":"Farine de blé noir bio Moulin de l'Ecluse - 1kg","p":4.33,"u":"4,33 €/KG","img":"https://fd1-photos.leclercdrive.fr/image.ashx?id=1554028&use=l&cat=p&typeid=i","cat":284503},{"id":91941,"n":"Farine de blé bio Moulin de l'Ecluse - 1kg","p":2.55,"u":"2,55 €/KG","img":"https://fd1-photos.leclercdrive.fr/image.ashx?id=1560577&use=l&cat=p&typeid=i","cat":284503},{"id":91942,"n":"Farine de blé noir  Moulin de l'Ecluse - 500g","p":1.65,"u":"3,30 €/KG","img":"https://fd1-photos.leclercdrive.fr/image.ashx?id=2773487&use=l&cat=p&typeid=i","cat":284503},{"id":91944,"n":"Vinaigre blanc Saas Melfor Bidon - 5L","p":4.22,"u":"0,84 €/L","img":"https://fd1-photos.leclercdrive.fr/image.ashx?id=1933779&use=l&cat=p&typeid=i","cat":298543},{"id":91974,"n":"Vin mousseux brut Pol Remy - 75cl","p":2.7,"u":"3,60 €/L","img":"https://fd1-photos.leclercdrive.fr/image.ashx?id=2020164&use=l&cat=p&typeid=i","cat":284544},{"id":92027,"n":"Tablette chocolat au lait Lindt Caramel Pointe de sel - 100g","p":2.39,"u":"23,90 €/KG","img":"https://fd1-photos.leclercdrive.fr/image.ashx?id=2750384&use=l&cat=p&typeid=i","cat":284497},{"id":92028,"n":"Tablette de chocolat noir Lindt Amandes effilées - 100g","p":2.39,"u":"23,90 €/KG","img":"https://fd1-photos.leclercdrive.fr/image.ashx?id=2643764&use=l&cat=p&typeid=i","cat":284956},{"id":92225,"n":"Filet de poulet  Les Éleveurs de l'Ouest - 240g","p":3.7,"u":"15,42 €/KG","img":"https://fd1-photos.leclercdrive.fr/image.ashx?id=2606677&use=l&cat=p&typeid=i","cat":284336},{"id":92226,"n":"Filet de poulet  Les Éleveurs de l'Ouest - 480g","p":6.95,"u":"14,48 €/KG","img":"https://fd1-photos.leclercdrive.fr/image.ashx?id=2701797&use=l&cat=p&typeid=i","cat":284336},{"id":92227,"n":"Filet de poulet  Les Éleveurs de l'Ouest - 720g","p":9.99,"u":"13,88 €/KG","img":"https://fd1-photos.leclercdrive.fr/image.ashx?id=2701794&use=l&cat=p&typeid=i","cat":284336},{"id":92228,"n":"Aiguilette poulet  Les Éleveurs de l'Ouest - 240g","p":3.79,"u":"15,79 €/KG","img":"https://fd1-photos.leclercdrive.fr/image.ashx?id=1745555&use=l&cat=p&typeid=i","cat":284336},{"id":92229,"n":"Cuisse de poulet Les Éleveurs de l'Ouest - 1kg","p":6.65,"u":"6,65 €/KG","img":"https://fd1-photos.leclercdrive.fr/image.ashx?id=1745537&use=l&cat=p&typeid=i","cat":284336},{"id":92231,"n":"Pilon de poulet  Les Éleveurs de l'Ouest - 1kg","p":7.29,"u":"7,29 €/KG","img":"https://fd1-photos.leclercdrive.fr/image.ashx?id=1745561&use=l&cat=p&typeid=i","cat":284336},{"id":92247,"n":"Nettoyant spray La Croix Désinfectant Javel Frais -500ml","p":1.51,"u":"3,02 €/L","img":"https://fd1-photos.leclercdrive.fr/image.ashx?id=2471601&use=l&cat=p&typeid=i","cat":325357},{"id":92255,"n":"Soupe liquide brique Liebig  Courgettes Vache Qui Rit 2x30cl","p":2.48,"u":"4,13 €/L","img":"https://fd1-photos.leclercdrive.fr/image.ashx?id=2175518&use=l&cat=p&typeid=i","cat":284462},{"id":92267,"n":"Soupe instantanée Royco  Indienne - 3x200ml","p":1.51,"u":"2,52 €/L","img":"https://fd1-photos.leclercdrive.fr/image.ashx?id=2650988&use=l&cat=p&typeid=i","cat":293527},{"id":92351,"n":"Crème mains Inell Réparatrice - 100ml","p":1.45,"u":"14,50 €/L","img":"https://fd1-photos.leclercdrive.fr/image.ashx?id=2822135&use=l&cat=p&typeid=i","cat":325354},{"id":92356,"n":"Serviettes Hygieniques Vania  Maxi confort super - x16","p":1.75,"u":"0,11 €/P","img":"https://fd1-photos.leclercdrive.fr/image.ashx?id=2908168&use=l&cat=p&typeid=i","cat":284624},{"id":92452,"n":"Tomates cerises bio Bio Village 250g","p":1.59,"u":"6,36 €/KG","img":"https://fd1-photos.leclercdrive.fr/image.ashx?id=2959755&use=l&cat=p&typeid=i","cat":284352},{"id":92454,"n":"Mini bûche Eskiss Fruits rouge x6 - 328g","p":2.29,"u":"6,98 €/KG","img":"https://fd1-photos.leclercdrive.fr/image.ashx?id=2790994&use=l&cat=p&typeid=i","cat":284266},{"id":92485,"n":"Thé English Breakfast Tetley 25 sachets - 50g","p":1.3,"u":"26,00 €/KG","img":"https://fd1-photos.leclercdrive.fr/image.ashx?id=2312260&use=l&cat=p&typeid=i","cat":293233},{"id":92529,"n":"Échalotes traditionnelles bio  Bio Village - 250g","p":1.99,"u":"7,96 €/KG","img":"https://fd1-photos.leclercdrive.fr/image.ashx?id=2922454&use=l&cat=p&typeid=i","cat":284352},{"id":92530,"n":"Cidre fermier Doux NRT IGP  De Bretagne - 3%vol - 75cl","p":3.34,"u":"4,45 €/L","img":"https://fd1-photos.leclercdrive.fr/image.ashx?id=2791117&use=l&cat=p&typeid=i","cat":334880},{"id":92532,"n":"Céréales Quaker Cruesli Chocolat - 900g","p":5.22,"u":"5,80 €/KG","img":"https://fd1-photos.leclercdrive.fr/image.ashx?id=2212153&use=l&cat=p&typeid=i","cat":309512},{"id":92533,"n":"Céréales Quaker Cruesli Chocolat au lait - 450g","p":2.75,"u":"6,11 €/KG","img":"https://fd1-photos.leclercdrive.fr/image.ashx?id=2212156&use=l&cat=p&typeid=i","cat":309512},{"id":92586,"n":"Lait de toilette bébé Klorane Sans rinçage - 750ml","p":8.09,"u":"10,79 €/L","img":"https://fd1-photos.leclercdrive.fr/image.ashx?id=2936848&use=l&cat=p&typeid=i","cat":290425},{"id":92593,"n":"Eau fraîche bébé Klorane Parfumée - 500ml","p":9.59,"u":"19,18 €/L","img":"https://fd1-photos.leclercdrive.fr/image.ashx?id=2936854&use=l&cat=p&typeid=i","cat":290425},{"id":92595,"n":"Boisson gazeuse Fever Tree Ginger Beer - 4x20cl","p":4.95,"u":"6,19 €/L","img":"https://fd1-photos.leclercdrive.fr/image.ashx?id=2380667&use=l&cat=p&typeid=i","cat":284531},{"id":92597,"n":"Gel lavant doux bébé Klorane 500ml","p":6.89,"u":"13,78 €/L","img":"https://fd1-photos.leclercdrive.fr/image.ashx?id=2936857&use=l&cat=p&typeid=i","cat":290425},{"id":92599,"n":"Lingettes bébé Klorane Nettoyantes douces - x70","p":4.99,"u":"0,07 €/P","img":"https://fd1-photos.leclercdrive.fr/image.ashx?id=2420211&use=l&cat=p&typeid=i","cat":290387},{"id":92601,"n":"Eau parfumée bébé Klorane Petit Brin sans alcool - 50ml","p":12.17,"u":"243,40 €/L","img":"https://fd1-photos.leclercdrive.fr/image.ashx?id=2377106&use=l&cat=p&typeid=i","cat":290425},{"id":92633,"n":"Gel lavant doux bébé KLorane 2x500ml","p":9.8,"u":"9,80 €/L","img":"https://fd1-photos.leclercdrive.fr/image.ashx?id=2009093&use=l&cat=p&typeid=i","cat":290425},{"id":92693,"n":"Gel douche Mixa Bébé  Très Doux Corps Cheveux - 750ml","p":6.49,"u":"8,65 €/L","img":"https://fd1-photos.leclercdrive.fr/image.ashx?id=2316210&use=l&cat=p&typeid=i","cat":284740},{"id":92710,"n":"Ruban correcteur Tipp-Ex Mini pocket - 5mmx6m","p":4.34,"img":"https://fd1-photos.leclercdrive.fr/image.ashx?id=2174868&use=l&cat=p&typeid=i","cat":334133},{"id":92715,"n":"Pochettes coins Esquisses Transparentes - x10","p":1.5,"u":"0,15 €/P","img":"https://fd1-photos.leclercdrive.fr/image.ashx?id=1700197&use=l&cat=p&typeid=i","cat":284745},{"id":92780,"n":"Bière blonde Heineken 6x25cl","p":4.35,"u":"2,90 €/L","img":"https://fd1-photos.leclercdrive.fr/image.ashx?id=3011077&use=l&cat=p&typeid=i","cat":334873},{"id":92782,"n":"Thé glacé Fuze Tea Saveur pêche - 1.25L","p":1.55,"u":"1,24 €/L","img":"https://fd1-photos.leclercdrive.fr/image.ashx?id=2940390&use=l&cat=p&typeid=i","cat":295019},{"id":92818,"n":"Tablette lave-vaisselle Rainett Tout en 1 Bicarbonate x30 -600g","p":4.96,"u":"8,27 €/KG","img":"https://fd1-photos.leclercdrive.fr/image.ashx?id=2506477&use=l&cat=p&typeid=i","cat":284656},{"id":92838,"n":"Vinaigre Rustica Au jus de citron - 75cl","p":1.35,"u":"1,80 €/L","img":"https://fd1-photos.leclercdrive.fr/image.ashx?id=1515723&use=l&cat=p&typeid=i","cat":298543},{"id":92840,"n":"Vinaigre balsamique Rustica Blanc - 25cl","p":1.99,"u":"7,96 €/L","img":"https://fd1-photos.leclercdrive.fr/image.ashx?id=2603590&use=l&cat=p&typeid=i","cat":298543},{"id":92841,"n":"Huile de tournesol Rustica 50cl","p":1.39,"u":"2,78 €/L","img":"https://fd1-photos.leclercdrive.fr/image.ashx?id=2900349&use=l&cat=p&typeid=i","cat":284453},{"id":92842,"n":"Mélange 4 huiles Rustica Végétales - 50cl","p":1.79,"u":"3,58 €/L","img":"https://fd1-photos.leclercdrive.fr/image.ashx?id=2508885&use=l&cat=p&typeid=i","cat":284453},{"id":92861,"n":"Crème Visage Jour FPS 15 Nivea Hydratante - 50ml","p":3.94,"u":"78,80 €/L","img":"https://fd1-photos.leclercdrive.fr/image.ashx?id=3015335&use=l&cat=p&typeid=i","cat":325345},{"id":93022,"n":"Bière blonde Heineken 20x25cl","p":12.22,"u":"2,44 €/L","img":"https://fd1-photos.leclercdrive.fr/image.ashx?id=3011074&use=l&cat=p&typeid=i","cat":334873},{"id":93023,"n":"Bière blonde Heineken 12x25cl","p":7.51,"u":"2,50 €/L","img":"https://fd1-photos.leclercdrive.fr/image.ashx?id=3011080&use=l&cat=p&typeid=i","cat":334873},{"id":93030,"n":"Concombre Bio Bio Village x1","p":1.99,"img":"https://fd1-photos.leclercdrive.fr/image.ashx?id=2334257&use=l&cat=p&typeid=i","cat":284352},{"id":93032,"n":"Saucisson Justin Bridou Bâton de Berger Nature 250g","p":3.82,"u":"15,28 €/KG","img":"https://fd1-photos.leclercdrive.fr/image.ashx?id=2921313&use=l&cat=p&typeid=i","cat":316006},{"id":93033,"n":"Saucisson Fuet César Moroni  170g","p":2.95,"u":"17,35 €/KG","img":"https://fd1-photos.leclercdrive.fr/image.ashx?id=2916138&use=l&cat=p&typeid=i","cat":316006},{"id":93036,"n":"Rosette tranchée Cochonou  10 tranches - 93g","p":1.75,"u":"18,82 €/KG","img":"https://fd1-photos.leclercdrive.fr/image.ashx?id=2924107&use=l&cat=p&typeid=i","cat":316007},{"id":93037,"n":"Saucisson sec Tranché Cochonou 30 tranches - 93g","p":1.65,"u":"17,74 €/KG","img":"https://fd1-photos.leclercdrive.fr/image.ashx?id=2924104&use=l&cat=p&typeid=i","cat":316007},{"id":93040,"n":"AOC Crémant de Bordeaux brut  Chantet Blanet - 75cl","p":5.17,"u":"6,89 €/L","img":"https://fd1-photos.leclercdrive.fr/image.ashx?id=2756852&use=l&cat=p&typeid=i","cat":284545},{"id":93041,"n":"Fromage Caprice Des Dieux 300g","p":3.6,"u":"12,00 €/KG","img":"https://fd1-photos.leclercdrive.fr/image.ashx?id=2763178&use=l&cat=p&typeid=i","cat":314033},{"id":93044,"n":"AOC Côtes du Rhône Villages Bio Rouge Rives & Terrasses - 75cl","p":5.49,"u":"7,32 €/L","img":"https://fd1-photos.leclercdrive.fr/image.ashx?id=2835041&use=l&cat=p&typeid=i","cat":289556},{"id":93045,"n":"AOC Corbières BIO vin rouge Prieur Barsanne - 75cl","p":3.99,"u":"5,32 €/L","img":"https://fd1-photos.leclercdrive.fr/image.ashx?id=2921414&use=l&cat=p&typeid=i","cat":289556},{"id":93050,"n":"Poivron Bicolore bio Bio Village x2","p":2.79,"u":"1,40 €/P","img":"https://fd1-photos.leclercdrive.fr/image.ashx?id=2960541&use=l&cat=p&typeid=i","cat":284352},{"id":93070,"n":"Crème dessert Bio Bio village Chocolat - 4x95g","p":1.28,"u":"3,37 €/KG","img":"https://fd1-photos.leclercdrive.fr/image.ashx?id=2992645&use=l&cat=p&typeid=i","cat":285041},{"id":93089,"n":"Cidre fermier Brut NRT IGP  De Bretagne - 3%vol - 75cl","p":3.34,"u":"4,45 €/L","img":"https://fd1-photos.leclercdrive.fr/image.ashx?id=2791114&use=l&cat=p&typeid=i","cat":334880},{"id":93091,"n":"Bûche glacée Eskiss Vanille Caramel Pécan - 534g","p":3.76,"u":"7,04 €/KG","img":"https://fd1-photos.leclercdrive.fr/image.ashx?id=1980241&use=l&cat=p&typeid=i","cat":284266},{"id":93105,"n":"Skyr danone  nature 0%mg - 2x140g","p":2.09,"u":"7,46 €/KG","img":"https://fd1-photos.leclercdrive.fr/image.ashx?id=2810606&use=l&cat=p&typeid=i","cat":284409},{"id":93108,"n":"Bière Desperados Pack de 12x33cl","p":14.45,"u":"3,65 €/L","img":"https://fd1-photos.leclercdrive.fr/image.ashx?id=2983123&use=l&cat=p&typeid=i","cat":334878},{"id":93109,"n":"Bière Desperados Pack de 6x33cl","p":7.2,"u":"3,64 €/L","img":"https://fd1-photos.leclercdrive.fr/image.ashx?id=2999865&use=l&cat=p&typeid=i","cat":334878},{"id":93111,"n":"Camembert Le Rustique  250g","p":2.33,"u":"9,32 €/KG","img":"https://fd1-photos.leclercdrive.fr/image.ashx?id=2979722&use=l&cat=p&typeid=i","cat":314033},{"id":93112,"n":"Coulommiers Cœur de Lion  350g","p":2.61,"u":"7,46 €/KG","img":"https://fd1-photos.leclercdrive.fr/image.ashx?id=2766286&use=l&cat=p&typeid=i","cat":314033},{"id":93121,"n":"Escalope Cordon Bleu Père Dodu  Dinde x4 - 400g - Familial","p":4.69,"u":"11,73 €/KG","img":"https://fd1-photos.leclercdrive.fr/image.ashx?id=2957206&use=l&cat=p&typeid=i","cat":333683},{"id":93173,"n":"Paupiettes de Veau Charal - 260g","p":6.49,"u":"24,96 €/KG","img":"https://fd1-photos.leclercdrive.fr/image.ashx?id=2095590&use=l&cat=p&typeid=i","cat":284329},{"id":93178,"n":"Poivron doux vert 500g","p":2.49,"u":"4,98 €/KG","img":"https://fd1-photos.leclercdrive.fr/image.ashx?id=1633004&use=l&cat=p&typeid=i","cat":284352},{"id":93185,"n":"Epinards hachés Bio Bio Village - 600g","p":1.77,"u":"2,95 €/KG","img":"https://fd1-photos.leclercdrive.fr/image.ashx?id=2898083&use=l&cat=p&typeid=i","cat":319805},{"id":93203,"n":"Lessive concentrée Epsil Pure fraîcheur x28 - 980ml","p":3.29,"u":"3,36 €/L","img":"https://fd1-photos.leclercdrive.fr/image.ashx?id=2450047&use=l&cat=p&typeid=i","cat":284640},{"id":93220,"n":"Boisson gazeuse Fever Tree Tonic Water - 4x20cl","p":4.81,"u":"6,01 €/L","img":"https://fd1-photos.leclercdrive.fr/image.ashx?id=1644067&use=l&cat=p&typeid=i","cat":284531},{"id":93224,"n":"Rhum Neisson blanc 55%vol - 100cl","p":29.78,"u":"29,78 €/L","img":"https://fd1-photos.leclercdrive.fr/image.ashx?id=2021094&use=l&cat=p&typeid=i","cat":284550},{"id":93243,"n":"Dissolvant Inell Semi-permanent - 150ml","p":1.42,"u":"9,47 €/L","img":"https://fd1-photos.leclercdrive.fr/image.ashx?id=2691682&use=l&cat=p&typeid=i","cat":325347},{"id":93244,"n":"Sauce bolognaise Panzani 425g","p":1.88,"u":"4,42 €/KG","img":"https://fd1-photos.leclercdrive.fr/image.ashx?id=2989096&use=l&cat=p&typeid=i","cat":287599},{"id":93260,"n":"Biscuits Calèche LU Sélection gourmande - 250g","p":3.59,"u":"14,36 €/KG","img":"https://fd1-photos.leclercdrive.fr/image.ashx?id=1916631&use=l&cat=p&typeid=i","cat":284490},{"id":93289,"n":"Mayonnaise fraîche Delouis 110g","p":1.57,"u":"14,27 €/KG","img":"https://fd1-photos.leclercdrive.fr/image.ashx?id=1748711&use=l&cat=p&typeid=i","cat":284382},{"id":93290,"n":"Mayonnaise fraîche  Delouis - 350g","p":3.14,"u":"8,97 €/KG","img":"https://fd1-photos.leclercdrive.fr/image.ashx?id=2054067&use=l&cat=p&typeid=i","cat":284382},{"id":93310,"n":"Yaourt bifidus Activia vanille - 12x125g","p":4.21,"u":"2,81 €/KG","img":"https://fd1-photos.leclercdrive.fr/image.ashx?id=2999835&use=l&cat=p&typeid=i","cat":315000},{"id":93398,"n":"Plat bébé Blédina 12 mois  Butternut dinde - 2x200g","p":2.79,"u":"6,98 €/KG","img":"https://fd1-photos.leclercdrive.fr/image.ashx?id=2975086&use=l&cat=p&typeid=i","cat":312237},{"id":93401,"n":"Bière blonde pression Heineken Fût de 5L","p":17.76,"u":"3,55 €/L","img":"https://fd1-photos.leclercdrive.fr/image.ashx?id=2646194&use=l&cat=p&typeid=i","cat":334879},{"id":93402,"n":"Bière Blonde Heineken 5% vol - 65cl","p":1.8,"u":"2,77 €/L","img":"https://fd1-photos.leclercdrive.fr/image.ashx?id=3008119&use=l&cat=p&typeid=i","cat":334873},{"id":93403,"n":"Bières Desperados 6x33cl","p":7.45,"u":"3,76 €/L","img":"https://fd1-photos.leclercdrive.fr/image.ashx?id=2977963&use=l&cat=p&typeid=i","cat":334853},{"id":93547,"n":"Long Nuggets Père Dodu  Poulet x8 - 200g","p":2.77,"u":"13,85 €/KG","img":"https://fd1-photos.leclercdrive.fr/image.ashx?id=2957188&use=l&cat=p&typeid=i","cat":333684},{"id":93574,"n":"Kit pour Burritos 510g","p":2.81,"u":"5,51 €/KG","img":"https://fd1-photos.leclercdrive.fr/image.ashx?id=2679774&use=l&cat=p&typeid=i","cat":288993},{"id":93596,"n":"Cidre bouché Envies De Doux - 75cl","p":2.57,"pp":1.7,"u":"2,27 €/L","img":"https://fd1-photos.leclercdrive.fr/image.ashx?id=2908978&use=l&cat=p&typeid=i","cat":334880},{"id":93600,"n":"Dessert végétal soja Alpro Nature à la coco - 500g","p":1.67,"u":"3,34 €/KG","img":"https://fd1-photos.leclercdrive.fr/image.ashx?id=2976080&use=l&cat=p&typeid=i","cat":316071},{"id":93624,"n":"Papier toilette Mimosa Blanc 3 plis - x12","p":4.61,"u":"0,38 €/P","img":"https://fd1-photos.leclercdrive.fr/image.ashx?id=2811869&use=l&cat=p&typeid=i","cat":284634},{"id":93685,"n":"Noix St Jacques Ronde des mers Sans Corail - MSC - 300g","p":14.99,"u":"49,97 €/KG","img":"https://fd1-photos.leclercdrive.fr/image.ashx?id=2545930&use=l&cat=p&typeid=i","cat":319787},{"id":93690,"n":"Nems à la Crevette et Crabe Tables du Monde x4 - 280g","p":2.04,"u":"7,29 €/KG","img":"https://fd1-photos.leclercdrive.fr/image.ashx?id=2967673&use=l&cat=p&typeid=i","cat":333673},{"id":93742,"n":"Joker Bio Multifruits 1L","p":2.67,"u":"2,67 €/L","img":"https://fd1-photos.leclercdrive.fr/image.ashx?id=3001293&use=l&cat=p&typeid=i","cat":284917},{"id":93745,"n":"Joker Bio Orange sans pulpe 1L","p":2.88,"u":"2,88 €/L","img":"https://fd1-photos.leclercdrive.fr/image.ashx?id=3008146&use=l&cat=p&typeid=i","cat":284521},{"id":93750,"n":"Ratatouille Cuisinée Cassegrain à la Provençale 380g","p":2.84,"u":"7,47 €/KG","img":"https://fd1-photos.leclercdrive.fr/image.ashx?id=2970831&use=l&cat=p&typeid=i","cat":312612},{"id":93776,"n":"Sauce tomate bio Jardin Bio Provençale - 510g","p":3.38,"u":"6,63 €/KG","img":"https://fd1-photos.leclercdrive.fr/image.ashx?id=2977435&use=l&cat=p&typeid=i","cat":287599},{"id":93788,"n":"Escalope Cordon Bleu Père Dodu  Poulet x2 - 200g","p":2.19,"u":"10,95 €/KG","img":"https://fd1-photos.leclercdrive.fr/image.ashx?id=2957170&use=l&cat=p&typeid=i","cat":333683},{"id":93790,"n":"Sauce tomate bio Jardin Bio Basilic - 510g","p":3.35,"u":"6,57 €/KG","img":"https://fd1-photos.leclercdrive.fr/image.ashx?id=2918832&use=l&cat=p&typeid=i","cat":287599},{"id":93817,"n":"Muesli croustillant 7 fruits  bio Terres et Céréales-1kg","p":5.29,"u":"5,29 €/KG","img":"https://fd1-photos.leclercdrive.fr/image.ashx?id=2802449&use=l&cat=p&typeid=i","cat":309512},{"id":93842,"n":"Coton rectangle bébé Eco+ x200","p":3.99,"u":"0,02 €/P","img":"https://fd1-photos.leclercdrive.fr/image.ashx?id=2869760&use=l&cat=p&typeid=i","cat":284739},{"id":93851,"n":"Petit Pois Tendres et Fondants Cassegrain 280g","p":1.84,"u":"6,57 €/KG","img":"https://fd1-photos.leclercdrive.fr/image.ashx?id=2955318&use=l&cat=p&typeid=i","cat":312607},{"id":93854,"n":"Aubergines Cuisinées Cassegrain à la Provençale 375g","p":2.89,"u":"7,71 €/KG","img":"https://fd1-photos.leclercdrive.fr/image.ashx?id=2962086&use=l&cat=p&typeid=i","cat":312612},{"id":93865,"n":"Drap housse lit Mots d'Enfants Coton bio Blanc/anthracite x2","p":9.95,"img":"https://fd1-photos.leclercdrive.fr/image.ashx?id=2579162&use=l&cat=p&typeid=i","cat":299760},{"id":93895,"n":"Drap housse lit Mots d'Enfants Coton Bio blanc/ gris- x1","p":11.95,"img":"https://fd1-photos.leclercdrive.fr/image.ashx?id=1519484&use=l&cat=p&typeid=i","cat":299760},{"id":94052,"n":"Haricot Vert Cassegrain Extra Fin Ceuillis main 220g","p":2.07,"u":"9,41 €/KG","img":"https://fd1-photos.leclercdrive.fr/image.ashx?id=2955321&use=l&cat=p&typeid=i","cat":312606},{"id":94053,"n":"Gaufrette P'tit Déli Fraise des bois - 160g","p":1.52,"u":"9,50 €/KG","img":"https://fd1-photos.leclercdrive.fr/image.ashx?id=2915299&use=l&cat=p&typeid=i","cat":284489},{"id":94073,"n":"Savon noir Le Briochin Liquide - 1L+33% offert","p":3.38,"u":"2,54 €/L","img":"https://fd1-photos.leclercdrive.fr/image.ashx?id=2613495&use=l&cat=p&typeid=i","cat":325365},{"id":94164,"n":"Fromage Crèmeux Saint Albray  200g","p":2.87,"u":"14,35 €/KG","img":"https://fd1-photos.leclercdrive.fr/image.ashx?id=2731825&use=l&cat=p&typeid=i","cat":329558},{"id":94180,"n":"Croquettes chat Ultima Stérilisé sensible - 3kg","p":13.29,"u":"4,43 €/KG","img":"https://fd1-photos.leclercdrive.fr/image.ashx?id=2906580&use=l&cat=p&typeid=i","cat":284680},{"id":94189,"n":"Sachet chat sénior Perfect Fit dinde poisson sauce - 4x85g","p":3.17,"u":"9,32 €/KG","img":"https://fd1-photos.leclercdrive.fr/image.ashx?id=2759730&use=l&cat=p&typeid=i","cat":285286},{"id":94281,"n":"Rhum blanc Bologne 50%vol - 100cl","p":18.52,"u":"18,52 €/L","img":"https://fd1-photos.leclercdrive.fr/image.ashx?id=2876554&use=l&cat=p&typeid=i","cat":284550},{"id":94309,"n":"Croquettes chat stérilisé D’intérieur Ultima - 3kg","p":13.19,"u":"4,40 €/KG","img":"https://fd1-photos.leclercdrive.fr/image.ashx?id=2922230&use=l&cat=p&typeid=i","cat":284680},{"id":94311,"n":"Patate douce Paysan Breton 750g","p":2.12,"u":"2,83 €/KG","img":"https://fd1-photos.leclercdrive.fr/image.ashx?id=2882412&use=l&cat=p&typeid=i","cat":319805},{"id":94324,"n":"Rôti de porc Fleury Michon -25% de sel sans nitrite x6 - 210g","p":3.47,"u":"16,52 €/KG","img":"https://fd1-photos.leclercdrive.fr/image.ashx?id=2335505&use=l&cat=p&typeid=i","cat":316009},{"id":94488,"n":"Olives Apéro Borges Farcies aux anchois - 150g","p":2.37,"u":"15,80 €/KG","img":"https://fd1-photos.leclercdrive.fr/image.ashx?id=2648896&use=l&cat=p&typeid=i","cat":284458},{"id":94489,"n":"Lames Wilkinson Quattro Titanium Sensitive - x4","p":7.42,"u":"1,86 €/P","img":"https://fd1-photos.leclercdrive.fr/image.ashx?id=2451405&use=l&cat=p&typeid=i","cat":284616},{"id":94635,"n":"Brasse végétal nature Andros 4x100g","p":2.46,"u":"6,15 €/KG","img":"https://fd1-photos.leclercdrive.fr/image.ashx?id=2872012&use=l&cat=p&typeid=i","cat":316071},{"id":94643,"n":"Brassé végétal Andros Framboise - 400g","p":2.6,"u":"6,50 €/KG","img":"https://fd1-photos.leclercdrive.fr/image.ashx?id=2879089&use=l&cat=p&typeid=i","cat":316071},{"id":94654,"n":"Yaourt bifidus Activia Vanille - 16x125g","p":5.29,"u":"2,65 €/KG","img":"https://fd1-photos.leclercdrive.fr/image.ashx?id=2741775&use=l&cat=p&typeid=i","cat":315000},{"id":94857,"n":"Oeufs frais plein air Oeufs de Nos Régions - x4","p":0.99,"u":"0,25 €/P","img":"https://fd1-photos.leclercdrive.fr/image.ashx?id=2969961&use=l&cat=p&typeid=i","cat":284378},{"id":94859,"n":"Yaourt à la grecque YAOS  Stracciatella - 4x125g","p":2.39,"u":"4,78 €/KG","img":"https://fd1-photos.leclercdrive.fr/image.ashx?id=2679506&use=l&cat=p&typeid=i","cat":314999},{"id":94908,"n":"AOP Saint-Véran blanc Bourgogne - 75cl","p":8.5,"u":"11,33 €/L","img":"https://fd1-photos.leclercdrive.fr/image.ashx?id=2178076&use=l&cat=p&typeid=i","cat":289557},{"id":94936,"n":"AOP Vin blanc Alsace Gewurtraminer - 75cl","p":9.1,"u":"12,13 €/L","img":"https://fd1-photos.leclercdrive.fr/image.ashx?id=2370179&use=l&cat=p&typeid=i","cat":289557},{"id":95008,"n":"Mini tablettes chocolat Milka Chocolat au lait - 8x25g","p":3.46,"u":"17,30 €/KG","img":"https://fd1-photos.leclercdrive.fr/image.ashx?id=2832419&use=l&cat=p&typeid=i","cat":284497},{"id":95077,"n":"Gel anti-calcaire Calgon  Hygiène Plus - 750ml","p":4.7,"u":"6,27 €/L","img":"https://fd1-photos.leclercdrive.fr/image.ashx?id=2953767&use=l&cat=p&typeid=i","cat":284653},{"id":95132,"n":"AOP St-Nicolas de Bourgueil Bio La Coulée Douce - 75cl","p":8.53,"u":"11,37 €/L","img":"https://fd1-photos.leclercdrive.fr/image.ashx?id=2119820&use=l&cat=p&typeid=i","cat":289556},{"id":95430,"n":"Haricots verts D'Aucy en bocal Extra-fins - 180g","p":2.43,"u":"13,50 €/KG","img":"https://fd1-photos.leclercdrive.fr/image.ashx?id=2431539&use=l&cat=p&typeid=i","cat":312606},{"id":95507,"n":"Risotto au Poulet & Cèpes Fleury Michon 2+1offert - 840g","p":5.47,"u":"6,51 €/KG","img":"https://fd1-photos.leclercdrive.fr/image.ashx?id=2246818&use=l&cat=p&typeid=i","cat":333665},{"id":95534,"n":"Saumon fumé Ronde des Mers Ecosse x4T - 140g","p":4.99,"u":"35,64 €/KG","img":"https://fd1-photos.leclercdrive.fr/image.ashx?id=2450056&use=l&cat=p&typeid=i","cat":285188},{"id":95535,"n":"Saumon fumé ASC Ronde des Mers Norvège x4T - 140g","p":4.99,"u":"35,64 €/KG","img":"https://fd1-photos.leclercdrive.fr/image.ashx?id=2832999&use=l&cat=p&typeid=i","cat":285188},{"id":95547,"n":"Matière grasse St Hubert Omega 3 - 52% MG - 510g","p":3.2,"u":"6,27 €/KG","img":"https://fd1-photos.leclercdrive.fr/image.ashx?id=2734075&use=l&cat=p&typeid=i","cat":315229},{"id":95564,"n":"Crème fraîche légère Yoplait Fleurette 15% mg - 38cl","p":1.89,"u":"4,97 €/L","img":"https://fd1-photos.leclercdrive.fr/image.ashx?id=2733664&use=l&cat=p&typeid=i","cat":284381},{"id":95582,"n":"Papier toilette Mimosa Blanc 2 plis - x6","p":2.95,"u":"0,49 €/P","img":"https://fd1-photos.leclercdrive.fr/image.ashx?id=2796538&use=l&cat=p&typeid=i","cat":284634},{"id":95585,"n":"Déodorant bille bio SoBio Etic Peaux sensibles et épilées-50ml","p":5.19,"u":"103,80 €/L","img":"https://fd1-photos.leclercdrive.fr/image.ashx?id=2740124&use=l&cat=p&typeid=i","cat":284595},{"id":95586,"n":"Eau micellaire bio SoBio Etic Peau sensible aloé véra - 500ml","p":5.05,"u":"10,10 €/L","img":"https://fd1-photos.leclercdrive.fr/image.ashx?id=2801905&use=l&cat=p&typeid=i","cat":284603},{"id":95811,"n":"Mascara Waterproof L'OréalParis Lash Paradise Noir","p":13.22,"img":"https://fd1-photos.leclercdrive.fr/image.ashx?id=2559589&use=l&cat=p&typeid=i","cat":287029},{"id":95815,"n":"Dessert végétal soja alpro Vanille - 500g","p":1.6,"u":"3,20 €/KG","img":"https://fd1-photos.leclercdrive.fr/image.ashx?id=2977672&use=l&cat=p&typeid=i","cat":316071},{"id":95817,"n":"Dessert végétal soja alpro Nature à l'amande - 500g","p":1.53,"u":"3,06 €/KG","img":"https://fd1-photos.leclercdrive.fr/image.ashx?id=2977684&use=l&cat=p&typeid=i","cat":316071},{"id":95840,"n":"Orange à déguster bio Bio Village Sachet x4","p":2.79,"u":"0,70 €/P","img":"https://fd1-photos.leclercdrive.fr/image.ashx?id=2801061&use=l&cat=p&typeid=i","cat":284356},{"id":95945,"n":"Pommes bicolores Panier du Primeur Barquette x6","p":2.49,"u":"0,42 €/P","img":"https://fd1-photos.leclercdrive.fr/image.ashx?id=2553920&use=l&cat=p&typeid=i","cat":284356},{"id":95946,"n":"Pommes vertes Panier du Primeur Barquette x6","p":2.49,"u":"0,42 €/P","img":"https://fd1-photos.leclercdrive.fr/image.ashx?id=2338703&use=l&cat=p&typeid=i","cat":284356},{"id":95947,"n":"Pommes jaunes Panier du Primeur x6","p":2.49,"u":"0,42 €/P","img":"https://fd1-photos.leclercdrive.fr/image.ashx?id=2338700&use=l&cat=p&typeid=i","cat":284356},{"id":95973,"n":"Eau minérale naturelle Evian  6x1,5l","p":3.46,"u":"0,38 €/L","img":"https://fd1-photos.leclercdrive.fr/image.ashx?id=2967717&use=l&cat=p&typeid=i","cat":284535},{"id":95974,"n":"Bière blonde Bud 5% - 12x25cl","p":8.54,"u":"2,85 €/L","img":"https://fd1-photos.leclercdrive.fr/image.ashx?id=2995406&use=l&cat=p&typeid=i","cat":334873},{"id":95975,"n":"Liquide vaisselle Visior Pomme poire - 750ml","p":1.19,"u":"1,59 €/L","img":"https://fd1-photos.leclercdrive.fr/image.ashx?id=2872718&use=l&cat=p&typeid=i","cat":284655},{"id":95976,"n":"Liquide vaisselle Visior Fruit rouge & Fleur - 750ml","p":1.19,"u":"1,59 €/L","img":"https://fd1-photos.leclercdrive.fr/image.ashx?id=2724586&use=l&cat=p&typeid=i","cat":284655},{"id":95977,"n":"Liquide vaisselle Visior Amande Calendula - 750ml","p":1.26,"u":"1,68 €/L","img":"https://fd1-photos.leclercdrive.fr/image.ashx?id=2872721&use=l&cat=p&typeid=i","cat":284655},{"id":95978,"n":"Liquide vaisselle Visior Pamplemousse vinaigre - 750ml","p":1.3,"u":"1,73 €/L","img":"https://fd1-photos.leclercdrive.fr/image.ashx?id=2898859&use=l&cat=p&typeid=i","cat":284655},{"id":95979,"n":"Gel douche Manava Orchidée Camélia - 250ml","p":1.15,"u":"4,60 €/L","img":"https://fd1-photos.leclercdrive.fr/image.ashx?id=2805033&use=l&cat=p&typeid=i","cat":284594},{"id":96057,"n":"Café grains Méo Espresso - 1kg","p":16.5,"u":"16,50 €/KG","img":"https://fd1-photos.leclercdrive.fr/image.ashx?id=2593977&use=l&cat=p&typeid=i","cat":293237},{"id":96060,"n":"Chili con carné Bio Village Bio - 300g","p":3.49,"u":"11,63 €/KG","img":"https://fd1-photos.leclercdrive.fr/image.ashx?id=2437199&use=l&cat=p&typeid=i","cat":284953},{"id":96089,"n":"Gel douche Manava Citron basilic - 250ml","p":1.15,"u":"4,60 €/L","img":"https://fd1-photos.leclercdrive.fr/image.ashx?id=2626823&use=l&cat=p&typeid=i","cat":284594},{"id":96091,"n":"Gel douche Manava Concombre aloe vera - 250ml","p":1.18,"u":"4,72 €/L","img":"https://fd1-photos.leclercdrive.fr/image.ashx?id=2626826&use=l&cat=p&typeid=i","cat":284594},{"id":96094,"n":"Gel douche Manava Mangue Acai - 250ml","p":1.15,"u":"4,60 €/L","img":"https://fd1-photos.leclercdrive.fr/image.ashx?id=2805036&use=l&cat=p&typeid=i","cat":284594},{"id":96095,"n":"Gel douche Manava Envolée de pétales - 250ml","p":1.15,"u":"4,60 €/L","img":"https://fd1-photos.leclercdrive.fr/image.ashx?id=1980232&use=l&cat=p&typeid=i","cat":284594},{"id":96096,"n":"Gel douche Manava Crumble fruits rouges - 250ml","p":1.29,"u":"5,16 €/L","img":"https://fd1-photos.leclercdrive.fr/image.ashx?id=2486464&use=l&cat=p&typeid=i","cat":284594},{"id":96251,"n":"Kiwi rouge Barquette x4","p":5.19,"u":"1,30 €/P","img":"https://fd1-photos.leclercdrive.fr/image.ashx?id=1526255&use=l&cat=p&typeid=i","cat":284356},{"id":96284,"n":"Pois chiches - 3x130g","p":1.65,"u":"4,23 €/KG","img":"https://fd1-photos.leclercdrive.fr/image.ashx?id=3002626&use=l&cat=p&typeid=i","cat":312609},{"id":96288,"n":"Donuts noisette Curly  100g","p":1.07,"u":"10,70 €/KG","img":"https://fd1-photos.leclercdrive.fr/image.ashx?id=2859398&use=l&cat=p&typeid=i","cat":284449},{"id":96289,"n":"Biscuit apéritif ancel Sticks Bretzels Original - 300g","p":1.8,"u":"6,00 €/KG","img":"https://fd1-photos.leclercdrive.fr/image.ashx?id=2841196&use=l&cat=p&typeid=i","cat":297000},{"id":96326,"n":"Bruschetta chorizo La pièce","p":4.95,"img":"https://fd1-photos.leclercdrive.fr/image.ashx?id=1626828&use=l&cat=p&typeid=i","cat":333679},{"id":96327,"n":"Bruschetta tartiflette La pièce","p":4.95,"img":"https://fd1-photos.leclercdrive.fr/image.ashx?id=1626831&use=l&cat=p&typeid=i","cat":333679},{"id":96337,"n":"Bruschetta reine 280g","p":4.95,"u":"17,68 €/KG","img":"https://fd1-photos.leclercdrive.fr/image.ashx?id=1626855&use=l&cat=p&typeid=i","cat":333679},{"id":96416,"n":"Sauce soja Kikkoman 250ml","p":4.23,"u":"16,92 €/L","img":"https://fd1-photos.leclercdrive.fr/image.ashx?id=2544952&use=l&cat=p&typeid=i","cat":288992},{"id":96932,"n":"Saumon fumé Rondes des Mers ASC Norvège x2T - 75g","p":3.95,"u":"52,67 €/KG","img":"https://fd1-photos.leclercdrive.fr/image.ashx?id=3004639&use=l&cat=p&typeid=i","cat":285188},{"id":96934,"n":"Saumon fumé Bio Bio Village Atlantique x2T - 65g","p":3.6,"u":"55,38 €/KG","img":"https://fd1-photos.leclercdrive.fr/image.ashx?id=2839589&use=l&cat=p&typeid=i","cat":285188},{"id":96935,"n":"Saumon fumé Ronde des Mers Ecosse x2T - 75g","p":3.99,"u":"53,20 €/KG","img":"https://fd1-photos.leclercdrive.fr/image.ashx?id=2823093&use=l&cat=p&typeid=i","cat":285188},{"id":96936,"n":"Saumon fumé Ronde des Mers Ecosse x6T - 200g","p":8.2,"u":"41,00 €/KG","img":"https://fd1-photos.leclercdrive.fr/image.ashx?id=2450059&use=l&cat=p&typeid=i","cat":285188},{"id":96939,"n":"Emincés Saumon Bio Bio Village 100g","p":5.55,"u":"55,50 €/KG","img":"https://fd1-photos.leclercdrive.fr/image.ashx?id=2954118&use=l&cat=p&typeid=i","cat":285188},{"id":96946,"n":"Houmous Bio Bio Village 160g","p":2.5,"u":"15,63 €/KG","img":"https://fd1-photos.leclercdrive.fr/image.ashx?id=1921643&use=l&cat=p&typeid=i","cat":315999},{"id":96959,"n":"Pains au chocolat Epi d'Or x6 - 450g","p":2.91,"u":"6,47 €/KG","img":"https://fd1-photos.leclercdrive.fr/image.ashx?id=1983598&use=l&cat=p&typeid=i","cat":284267},{"id":97033,"n":"Gel Bain douche Manava Fleur de cerisier - 500ml","p":1.88,"u":"3,76 €/L","img":"https://fd1-photos.leclercdrive.fr/image.ashx?id=2618356&use=l&cat=p&typeid=i","cat":284594},{"id":97045,"n":"Thon entier Petit Navire Au naturel - 2x93g","p":3.18,"u":"17,10 €/KG","img":"https://fd1-photos.leclercdrive.fr/image.ashx?id=2961837&use=l&cat=p&typeid=i","cat":303867},{"id":97060,"n":"Tagada Haribo Sachet bonbons - 400g","p":1.7,"u":"4,25 €/KG","img":"https://fd1-photos.leclercdrive.fr/image.ashx?id=2801854&use=l&cat=p&typeid=i","cat":304250},{"id":97287,"n":"Feutres de coloriage Esquisse Lavables Pointe large - x12","p":1.79,"u":"0,15 €/P","img":"https://fd1-photos.leclercdrive.fr/image.ashx?id=1698631&use=l&cat=p&typeid=i","cat":284696},{"id":97359,"n":"Gyoza crevettes Ajinomoto Avec sauce soja  - 212g","p":3.79,"u":"17,88 €/KG","img":"https://fd1-photos.leclercdrive.fr/image.ashx?id=2590279&use=l&cat=p&typeid=i","cat":319774},{"id":97360,"n":"Gyoza Ajinomoto Poulet & légumes - 212g","p":4.0,"u":"18,87 €/KG","img":"https://fd1-photos.leclercdrive.fr/image.ashx?id=2590327&use=l&cat=p&typeid=i","cat":319774},{"id":97559,"n":"Bûche de chèvre Soignon 300g + 100g offerts","p":3.19,"u":"7,98 €/KG","img":"https://fd1-photos.leclercdrive.fr/image.ashx?id=1781504&use=l&cat=p&typeid=i","cat":314031},{"id":97660,"n":"Céréales Jordans Country Crisp Chocolat Noir 70% - 850g","p":5.45,"u":"6,41 €/KG","img":"https://fd1-photos.leclercdrive.fr/image.ashx?id=2940336&use=l&cat=p&typeid=i","cat":309512},{"id":97662,"n":"Thé vert Twinings Menthe x25 - 38g","p":2.52,"u":"66,32 €/KG","img":"https://fd1-photos.leclercdrive.fr/image.ashx?id=2906763&use=l&cat=p&typeid=i","cat":293233},{"id":97666,"n":"Thé vert gunpowder Twinings Menthe - x25 - 200g","p":5.93,"u":"29,65 €/KG","img":"https://fd1-photos.leclercdrive.fr/image.ashx?id=2955194&use=l&cat=p&typeid=i","cat":293233},{"id":97667,"n":"Thé russian Twinings Earl grey x20 - 30g","p":2.4,"u":"80,00 €/KG","img":"https://fd1-photos.leclercdrive.fr/image.ashx?id=2878306&use=l&cat=p&typeid=i","cat":293233},{"id":97671,"n":"Thé russian Earl Grey Twinings 150g","p":6.43,"u":"42,87 €/KG","img":"https://fd1-photos.leclercdrive.fr/image.ashx?id=2950729&use=l&cat=p&typeid=i","cat":293233},{"id":97673,"n":"Thé Darjeeling Twinings Sachet - x25 - 50g","p":2.34,"u":"46,80 €/KG","img":"https://fd1-photos.leclercdrive.fr/image.ashx?id=2922116&use=l&cat=p&typeid=i","cat":293233},{"id":97675,"n":"Coffret Tea Twinings Breakfast - 200g","p":5.71,"u":"28,55 €/KG","img":"https://fd1-photos.leclercdrive.fr/image.ashx?id=2961206&use=l&cat=p&typeid=i","cat":293233},{"id":97677,"n":"Thé Twinings English breakfast x25 - 40g","p":2.8,"u":"70,00 €/KG","img":"https://fd1-photos.leclercdrive.fr/image.ashx?id=2893027&use=l&cat=p&typeid=i","cat":293233},{"id":97678,"n":"Céréales Jordans Country Crisp 4 Baies - 550g","p":3.22,"u":"5,85 €/KG","img":"https://fd1-photos.leclercdrive.fr/image.ashx?id=2997205&use=l&cat=p&typeid=i","cat":309512},{"id":97679,"n":"Country crisp Jordans Fruit & Noix - 500g","p":3.3,"u":"6,60 €/KG","img":"https://fd1-photos.leclercdrive.fr/image.ashx?id=2958881&use=l&cat=p&typeid=i","cat":309512},{"id":97713,"n":"Soda Tonic Sprink's 6x33cl","p":2.49,"u":"1,26 €/L","img":"https://fd1-photos.leclercdrive.fr/image.ashx?id=2956768&use=l&cat=p&typeid=i","cat":284531},{"id":97832,"n":"Foie gras canard IGP Sud-Ouest Nos Régions ont du Talent 80g","p":7.99,"u":"99,88 €/KG","img":"https://fd1-photos.leclercdrive.fr/image.ashx?id=2743888&use=l&cat=p&typeid=i","cat":316008},{"id":98098,"n":"Liquide vaisselle Visior Antiodeur - 500ml","p":0.64,"u":"1,28 €/L","img":"https://fd1-photos.leclercdrive.fr/image.ashx?id=2951122&use=l&cat=p&typeid=i","cat":284655},{"id":98114,"n":"Serviettes Doulys Normal+ Teenage - x14","p":1.29,"u":"0,09 €/P","img":"https://fd1-photos.leclercdrive.fr/image.ashx?id=2839938&use=l&cat=p&typeid=i","cat":284624},{"id":98145,"n":"Orange à jus bio Bio Village Sachet 1kg","p":2.89,"u":"2,89 €/KG","img":"https://fd1-photos.leclercdrive.fr/image.ashx?id=2566874&use=l&cat=p&typeid=i","cat":284356},{"id":98251,"n":"Liquide Vaisselle Brillance  VISIOR - 500ml","p":0.64,"u":"1,28 €/L","img":"https://fd1-photos.leclercdrive.fr/image.ashx?id=2951125&use=l&cat=p&typeid=i","cat":284655},{"id":98252,"n":"Liquide vaisselle Visior Antibactérien - 500ml","p":0.64,"u":"1,28 €/L","img":"https://fd1-photos.leclercdrive.fr/image.ashx?id=2951131&use=l&cat=p&typeid=i","cat":284655},{"id":98253,"n":"Liquide vaisselle Visior Désincrustant sel - 500ml","p":0.64,"u":"1,28 €/L","img":"https://fd1-photos.leclercdrive.fr/image.ashx?id=2951128&use=l&cat=p&typeid=i","cat":284655},{"id":98417,"n":"Liquide vaisselle floral Visior 500ml","p":0.64,"u":"1,28 €/L","img":"https://fd1-photos.leclercdrive.fr/image.ashx?id=2951134&use=l&cat=p&typeid=i","cat":284655},{"id":98422,"n":"Pavés de Saumon Bio Bio Village 200g","p":8.45,"u":"42,25 €/KG","img":"https://fd1-photos.leclercdrive.fr/image.ashx?id=2953737&use=l&cat=p&typeid=i","cat":319786},{"id":98431,"n":"Lamelles de kebab France Kebab Poulet dinde - 750g","p":9.05,"u":"12,07 €/KG","img":"https://fd1-photos.leclercdrive.fr/image.ashx?id=2231876&use=l&cat=p&typeid=i","cat":null},{"id":98438,"n":"Kiwis Bio Bio Village x6","p":3.49,"u":"0,58 €/P","img":"https://fd1-photos.leclercdrive.fr/image.ashx?id=2556443&use=l&cat=p&typeid=i","cat":284356},{"id":98440,"n":"Rôti de porc Fleury Michon -25% sel sans nitrite x4 - 160g","p":3.0,"u":"18,75 €/KG","img":"https://fd1-photos.leclercdrive.fr/image.ashx?id=2334569&use=l&cat=p&typeid=i","cat":316009},{"id":98443,"n":"Soda Coca-Cola Original Bouteille - Pack 6x1L","p":10.2,"u":"1,70 €/L","img":"https://fd1-photos.leclercdrive.fr/image.ashx?id=2830897&use=l&cat=p&typeid=i","cat":284530},{"id":98475,"n":"Blé soja haricots Céréal Bio  Façon Chili bio -220g","p":2.0,"u":"9,09 €/KG","img":"https://fd1-photos.leclercdrive.fr/image.ashx?id=2575096&use=l&cat=p&typeid=i","cat":287600},{"id":98614,"n":"AOP Bordeaux rouge Bio BIB 3L","p":14.9,"u":"4,97 €/L","img":"https://fd1-photos.leclercdrive.fr/image.ashx?id=2596913&use=l&cat=p&typeid=i","cat":289560},{"id":98746,"n":"Mousse Maronsui's La Laitière Crème de marrons - 4x68,8g","p":1.76,"u":"6,40 €/KG","img":"https://fd1-photos.leclercdrive.fr/image.ashx?id=2729755&use=l&cat=p&typeid=i","cat":284417},{"id":98807,"n":"Purée fruit bébé Blédina 6 mois Pomme cerise vanille - 4x100g","p":1.77,"u":"4,43 €/KG","img":"https://fd1-photos.leclercdrive.fr/image.ashx?id=2983024&use=l&cat=p&typeid=i","cat":312388},{"id":98809,"n":"Cornichons Maille Pasteurisés fin - 300g","p":2.49,"u":"8,30 €/KG","img":"https://fd1-photos.leclercdrive.fr/image.ashx?id=2082579&use=l&cat=p&typeid=i","cat":284458},{"id":98811,"n":"Comprimé antibactérien Polident x36","p":1.75,"u":"0,05 €/P","img":"https://fd1-photos.leclercdrive.fr/image.ashx?id=2303843&use=l&cat=p&typeid=i","cat":285158},{"id":98813,"n":"Dentifrice Parodontax Soin blancheur - 75ml","p":3.64,"u":"48,53 €/L","img":"https://fd1-photos.leclercdrive.fr/image.ashx?id=2606391&use=l&cat=p&typeid=i","cat":284612},{"id":98814,"n":"Dentifrice Parodontax Soin quotidien - 75ml","p":3.62,"u":"48,27 €/L","img":"https://fd1-photos.leclercdrive.fr/image.ashx?id=2606394&use=l&cat=p&typeid=i","cat":284612},{"id":98822,"n":"Purée fruit bébé Blédina 6 mois Pomme kiwi ananas - 4x100g","p":1.75,"u":"4,38 €/KG","img":"https://fd1-photos.leclercdrive.fr/image.ashx?id=2983030&use=l&cat=p&typeid=i","cat":312388},{"id":98828,"n":"Purée fruit bébé Blédina 6 mois Pomme poire mandarine - 4x100g","p":1.64,"u":"4,10 €/KG","img":"https://fd1-photos.leclercdrive.fr/image.ashx?id=2983033&use=l&cat=p&typeid=i","cat":312388},{"id":98831,"n":"Purée fruit bébé Blédina 6 mois Harmonie de fruits - 4x100g","p":1.78,"u":"4,45 €/KG","img":"https://fd1-photos.leclercdrive.fr/image.ashx?id=2983036&use=l&cat=p&typeid=i","cat":312388},{"id":98872,"n":"Boisson Thé Glacé FuzeTea Mangue Camomille - 1,25L","p":1.55,"u":"1,24 €/L","img":"https://fd1-photos.leclercdrive.fr/image.ashx?id=2997220&use=l&cat=p&typeid=i","cat":295019},{"id":98875,"n":"Thé glacé Fuze Tea  Pêche Hibiscus - 1,25L","p":1.55,"u":"1,24 €/L","img":"https://fd1-photos.leclercdrive.fr/image.ashx?id=2940393&use=l&cat=p&typeid=i","cat":295019},{"id":98888,"n":"AOP Chablis blanc La Chablisienne - 75 cl","p":11.0,"u":"14,67 €/L","img":"https://fd1-photos.leclercdrive.fr/image.ashx?id=2107009&use=l&cat=p&typeid=i","cat":289557},{"id":98894,"n":"Haché Happy Family Charal 600g","p":9.69,"u":"16,15 €/KG","img":"https://fd1-photos.leclercdrive.fr/image.ashx?id=1919780&use=l&cat=p&typeid=i","cat":284332},{"id":98933,"n":"AOP Ecrasé de pdt Florette Beurre - 2x200g","p":2.9,"u":"7,25 €/KG","img":"https://fd1-photos.leclercdrive.fr/image.ashx?id=2767699&use=l&cat=p&typeid=i","cat":333665},{"id":98994,"n":"Bière blonde Coreff IPA 5.6%vol. - 6x25cl","p":6.92,"u":"4,61 €/L","img":"https://fd1-photos.leclercdrive.fr/image.ashx?id=1635994&use=l&cat=p&typeid=i","cat":334872},{"id":99045,"n":"Ravioli bio au blé complet Rana Épinards, Ricotta - 250g","p":2.5,"u":"10,00 €/KG","img":"https://fd1-photos.leclercdrive.fr/image.ashx?id=2439878&use=l&cat=p&typeid=i","cat":333682},{"id":99143,"n":"Tagliatelle à la bolognaise 250g","p":4.09,"u":"16,36 €/KG","img":"https://fd1-photos.leclercdrive.fr/image.ashx?id=2634812&use=l&cat=p&typeid=i","cat":333665},{"id":99197,"n":"Sauce froide Suzi Wan Aigre douce Pimentée - 350g","p":2.36,"u":"6,74 €/KG","img":"https://fd1-photos.leclercdrive.fr/image.ashx?id=2429902&use=l&cat=p&typeid=i","cat":288992},{"id":99248,"n":"Bouillon Kub Or Maggi 32 cubes - 128g","p":1.21,"u":"9,45 €/KG","img":"https://fd1-photos.leclercdrive.fr/image.ashx?id=2692737&use=l&cat=p&typeid=i","cat":288379},{"id":99545,"n":"Mogettes bio Bio VIllage 215g","p":1.73,"u":"8,05 €/KG","img":"https://fd1-photos.leclercdrive.fr/image.ashx?id=3002680&use=l&cat=p&typeid=i","cat":312606},{"id":99547,"n":"Haricots rouge Bio Village Bio - 205g","p":2.31,"u":"11,27 €/KG","img":"https://fd1-photos.leclercdrive.fr/image.ashx?id=3002686&use=l&cat=p&typeid=i","cat":312606},{"id":99553,"n":"Pois chiche Bio VIllage Bio - 215g","p":2.1,"u":"9,77 €/KG","img":"https://fd1-photos.leclercdrive.fr/image.ashx?id=3002683&use=l&cat=p&typeid=i","cat":312609},{"id":99555,"n":"Lentilles Bio Village Bio - 215g","p":2.04,"u":"9,49 €/KG","img":"https://fd1-photos.leclercdrive.fr/image.ashx?id=3002677&use=l&cat=p&typeid=i","cat":312609},{"id":99574,"n":"Poêlée savoyarde  900g","p":3.97,"u":"4,41 €/KG","img":"https://fd1-photos.leclercdrive.fr/image.ashx?id=2478931&use=l&cat=p&typeid=i","cat":319823},{"id":99589,"n":"Secret de crème Président 25%mg Semi-épaisse - 3x20cl+1 offert","p":3.95,"u":"4,94 €/L","img":"https://fd1-photos.leclercdrive.fr/image.ashx?id=3011101&use=l&cat=p&typeid=i","cat":284381},{"id":99593,"n":"AOC Marcillac Vin rouge  Cuvée réservée - 75cl","p":9.51,"u":"12,68 €/L","img":"https://fd1-photos.leclercdrive.fr/image.ashx?id=1748873&use=l&cat=p&typeid=i","cat":289556},{"id":99763,"n":"Vin du Portugal rouge Douro DOC Esteva Casa Ferreirinha - 75cl","p":5.23,"u":"6,97 €/L","img":"https://fd1-photos.leclercdrive.fr/image.ashx?id=2506792&use=l&cat=p&typeid=i","cat":289556},{"id":99774,"n":"Biscuits sablés Granola Chocolat noir - 195g","p":1.6,"u":"8,21 €/KG","img":"https://fd1-photos.leclercdrive.fr/image.ashx?id=2982979&use=l&cat=p&typeid=i","cat":284488},{"id":99900,"n":"Soin amincissant Linéance Profiler nuit + - 180ml","p":11.5,"u":"63,89 €/L","img":"https://fd1-photos.leclercdrive.fr/image.ashx?id=1748813&use=l&cat=p&typeid=i","cat":325350},{"id":99905,"n":"Biscuits Petit Ecolier LU Chocolat blanc - 150g","p":1.75,"u":"11,67 €/KG","img":"https://fd1-photos.leclercdrive.fr/image.ashx?id=2346678&use=l&cat=p&typeid=i","cat":284488},{"id":99913,"n":"Lotus Biscoff Speculoos Chocolat noir - 162g (6x2p)","p":1.88,"u":"11,60 €/KG","img":"https://fd1-photos.leclercdrive.fr/image.ashx?id=2672521&use=l&cat=p&typeid=i","cat":284487},{"id":99921,"n":"Shampooing Nateis Cheveux gris ou blancs - 250ml","p":1.4,"u":"5,60 €/L","img":"https://fd1-photos.leclercdrive.fr/image.ashx?id=2395820&use=l&cat=p&typeid=i","cat":284606},{"id":99922,"n":"Lait de douche Manava Framboise - 250ml","p":0.94,"u":"3,76 €/L","img":"https://fd1-photos.leclercdrive.fr/image.ashx?id=2618353&use=l&cat=p&typeid=i","cat":284594},{"id":99967,"n":"Pois chiches bio Jardin Bio Au naturel - 420g","p":2.49,"u":"5,93 €/KG","img":"https://fd1-photos.leclercdrive.fr/image.ashx?id=2971215&use=l&cat=p&typeid=i","cat":312609},{"id":99973,"n":"Biscuits petit déjeuner Belvita Moelleux fruits rouges - 250g","p":2.19,"u":"8,76 €/KG","img":"https://fd1-photos.leclercdrive.fr/image.ashx?id=3005329&use=l&cat=p&typeid=i","cat":284491},{"id":99975,"n":"Vodka Zubrowka Bison grass - 37.5%vol - 70cl","p":16.16,"u":"23,09 €/L","img":"https://fd1-photos.leclercdrive.fr/image.ashx?id=2879820&use=l&cat=p&typeid=i","cat":284550},{"id":99976,"n":"Biscuit petit déjeuner Belvita Brut - 600g","p":3.59,"u":"5,98 €/KG","img":"https://fd1-photos.leclercdrive.fr/image.ashx?id=2112935&use=l&cat=p&typeid=i","cat":285281},{"id":100017,"n":"Pain de mie Jacquet Maxi sans sucres ajoutés - 550g","p":1.54,"u":"2,80 €/KG","img":"https://fd1-photos.leclercdrive.fr/image.ashx?id=2935705&use=l&cat=p&typeid=i","cat":284477},{"id":100122,"n":"Brossette interdentaire Inava Bleue - x1","p":3.71,"img":"https://fd1-photos.leclercdrive.fr/image.ashx?id=2976011&use=l&cat=p&typeid=i","cat":301595},{"id":100195,"n":"Olives vertes denoyautés A l'ail bio - 120g","p":2.99,"u":"24,92 €/KG","img":"https://fd1-photos.leclercdrive.fr/image.ashx?id=2154101&use=l&cat=p&typeid=i","cat":316002},{"id":100250,"n":"Yaourt nature sucré Kit-Kat Billes chocolat - 4x115g","p":2.36,"u":"5,13 €/KG","img":"https://fd1-photos.leclercdrive.fr/image.ashx?id=2875954&use=l&cat=p&typeid=i","cat":284414},{"id":100334,"n":"Gel bain douche Manava Coton macadamia - 500ml","p":1.88,"u":"3,76 €/L","img":"https://fd1-photos.leclercdrive.fr/image.ashx?id=1644734&use=l&cat=p&typeid=i","cat":284594},{"id":100349,"n":"Bain de bouche Parodontax Menthe douce - 500ml","p":4.26,"u":"8,52 €/L","img":"https://fd1-photos.leclercdrive.fr/image.ashx?id=2485982&use=l&cat=p&typeid=i","cat":284613},{"id":100352,"n":"Poudre fondante L'Oréal Paris Accord Parfait 2R Vanille rosé","p":12.99,"img":"https://fd1-photos.leclercdrive.fr/image.ashx?id=2395547&use=l&cat=p&typeid=i","cat":287029},{"id":100356,"n":"Crayon Yeux Maybelline Effet Tatouage 900 Deep Onyx","p":6.21,"pp":4.1,"img":"https://fd1-photos.leclercdrive.fr/image.ashx?id=2904865&use=l&cat=p&typeid=i","cat":287029},{"id":100485,"n":"Chocolat noir Bio Village Bio Dégustation 85% cacao 100g","p":1.87,"u":"18,70 €/KG","img":"https://fd1-photos.leclercdrive.fr/image.ashx?id=2915654&use=l&cat=p&typeid=i","cat":284956},{"id":100594,"n":"Petit pois carotte Bio Village Bio - 215g","p":1.63,"u":"7,58 €/KG","img":"https://fd1-photos.leclercdrive.fr/image.ashx?id=3002692&use=l&cat=p&typeid=i","cat":312607},{"id":100595,"n":"Papier toilette Uni Vert Blanc 3 plis recyclés - x6","p":2.34,"u":"0,39 €/P","img":"https://fd1-photos.leclercdrive.fr/image.ashx?id=2571938&use=l&cat=p&typeid=i","cat":284634},{"id":100596,"n":"Petits pois fins Bio Village Bio - 230g","p":1.81,"u":"7,87 €/KG","img":"https://fd1-photos.leclercdrive.fr/image.ashx?id=3002689&use=l&cat=p&typeid=i","cat":312607},{"id":100604,"n":"Pur jus Bio Village Pomme mangue Bio - 1L","p":3.75,"u":"3,75 €/L","img":"https://fd1-photos.leclercdrive.fr/image.ashx?id=2901551&use=l&cat=p&typeid=i","cat":284917},{"id":100618,"n":"Pur jus Bio Village Bio Pomme poire - 1L","p":4.17,"u":"4,17 €/L","img":"https://fd1-photos.leclercdrive.fr/image.ashx?id=2901554&use=l&cat=p&typeid=i","cat":284522},{"id":100673,"n":"Soda Coca-Cola sans sucres Bouteilles - 6x1L","p":8.34,"u":"1,39 €/L","img":"https://fd1-photos.leclercdrive.fr/image.ashx?id=2178352&use=l&cat=p&typeid=i","cat":284530},{"id":100725,"n":"Pain de mie La Boulangère Toastiligne Aux céréales - 500g","p":1.53,"u":"3,06 €/KG","img":"https://fd1-photos.leclercdrive.fr/image.ashx?id=2912401&use=l&cat=p&typeid=i","cat":284477},{"id":100788,"n":"Tresse jambon fromage Sapresti - 2x120g","p":3.49,"u":"14,54 €/KG","img":"https://fd1-photos.leclercdrive.fr/image.ashx?id=2597160&use=l&cat=p&typeid=i","cat":333671},{"id":100790,"n":"Kit fajitas Old El Paso tomates poivrons - 500g","p":4.77,"u":"9,54 €/KG","img":"https://fd1-photos.leclercdrive.fr/image.ashx?id=2764628&use=l&cat=p&typeid=i","cat":288993},{"id":100792,"n":"Wraps Old El Paso de blé complet x6 - 350g","p":2.61,"u":"7,46 €/KG","img":"https://fd1-photos.leclercdrive.fr/image.ashx?id=2940573&use=l&cat=p&typeid=i","cat":288993},{"id":100979,"n":"Chocolat au lait Lindt Création Le Rocher lait - 150g","p":3.05,"u":"20,33 €/KG","img":"https://fd1-photos.leclercdrive.fr/image.ashx?id=2685805&use=l&cat=p&typeid=i","cat":284497},{"id":100981,"n":"Courgettes Cuisinées Cassegrain à la Provençale 375g","p":2.81,"u":"7,49 €/KG","img":"https://fd1-photos.leclercdrive.fr/image.ashx?id=2977951&use=l&cat=p&typeid=i","cat":312612},{"id":100989,"n":"Céréales Trésor de Kellogg's Choco Roulette - 620g","p":4.35,"u":"7,02 €/KG","img":"https://fd1-photos.leclercdrive.fr/image.ashx?id=2598337&use=l&cat=p&typeid=i","cat":309513},{"id":100991,"n":"Céréales Trésor de Kellogg's Chocolat Noisettes - 410g","p":2.89,"u":"7,05 €/KG","img":"https://fd1-photos.leclercdrive.fr/image.ashx?id=2584238&use=l&cat=p&typeid=i","cat":309513},{"id":101010,"n":"Café moulu Carte Noire Classic - 6x250g","p":23.99,"u":"15,99 €/KG","img":"https://fd1-photos.leclercdrive.fr/image.ashx?id=2919027&use=l&cat=p&typeid=i","cat":284750},{"id":101047,"n":"Croquettes chat Ultima  Nature Poulet - 1.25kg","p":6.71,"u":"5,37 €/KG","img":"https://fd1-photos.leclercdrive.fr/image.ashx?id=2569959&use=l&cat=p&typeid=i","cat":284680},{"id":101050,"n":"Croquette chat stérilisé Ultima  Nature - Saumon - 1.25kg","p":6.84,"u":"5,47 €/KG","img":"https://fd1-photos.leclercdrive.fr/image.ashx?id=2569962&use=l&cat=p&typeid=i","cat":284680},{"id":101056,"n":"Adoucissant concentré Hyperdou Rosée du matin - 750ml","p":1.99,"u":"2,65 €/L","img":"https://fd1-photos.leclercdrive.fr/image.ashx?id=2602910&use=l&cat=p&typeid=i","cat":284650},{"id":101058,"n":"Adoucissant concentré Hyperdou Passion tropicale - 750ml","p":1.99,"u":"2,65 €/L","img":"https://fd1-photos.leclercdrive.fr/image.ashx?id=2683565&use=l&cat=p&typeid=i","cat":284650},{"id":101115,"n":"Céréales Trésor de Kellogg's Chocolat au Lait - 410g","p":2.92,"u":"7,12 €/KG","img":"https://fd1-photos.leclercdrive.fr/image.ashx?id=2584241&use=l&cat=p&typeid=i","cat":309513},{"id":101126,"n":"Bière blonde Grimbergen Pale Ale 5,5° - 6x25cl","p":5.84,"u":"3,89 €/L","img":"https://fd1-photos.leclercdrive.fr/image.ashx?id=2312801&use=l&cat=p&typeid=i","cat":334852},{"id":101231,"n":"Le Gourmand Garden Gourmet Soja, Poivre et Persil 160g","p":2.26,"u":"14,13 €/KG","img":"https://fd1-photos.leclercdrive.fr/image.ashx?id=2988683&use=l&cat=p&typeid=i","cat":316036},{"id":101264,"n":"Jus d'orange sanguine Andros 1L","p":3.28,"u":"3,28 €/L","img":"https://fd1-photos.leclercdrive.fr/image.ashx?id=2882635&use=l&cat=p&typeid=i","cat":285435},{"id":101288,"n":"Mousse végétal Andros Chocolat - 4x55g","p":2.64,"u":"12,00 €/KG","img":"https://fd1-photos.leclercdrive.fr/image.ashx?id=2963433&use=l&cat=p&typeid=i","cat":316071},{"id":101327,"n":"Yaourt à boire actimel nature 0%mg - 12x100g","p":4.89,"u":"4,08 €/KG","img":"https://fd1-photos.leclercdrive.fr/image.ashx?id=2996479&use=l&cat=p&typeid=i","cat":284415},{"id":101347,"n":"IGP Pâte Garofalo  Fusillone - 500g","p":2.12,"u":"4,24 €/KG","img":"https://fd1-photos.leclercdrive.fr/image.ashx?id=3005353&use=l&cat=p&typeid=i","cat":284427},{"id":101348,"n":"Barres Chocolatées KINDER BUENO  Chocolat au Lait x12 - 516g","p":8.35,"u":"16,18 €/KG","img":"https://fd1-photos.leclercdrive.fr/image.ashx?id=2402946&use=l&cat=p&typeid=i","cat":284498},{"id":101349,"n":"Crème dessert Danette Vanille - 6x125g","p":1.97,"u":"2,63 €/KG","img":"https://fd1-photos.leclercdrive.fr/image.ashx?id=2923498&use=l&cat=p&typeid=i","cat":285041},{"id":101350,"n":"liégeois vanille danette - 4x100g","p":1.48,"u":"3,70 €/KG","img":"https://fd1-photos.leclercdrive.fr/image.ashx?id=2907848&use=l&cat=p&typeid=i","cat":285042},{"id":101352,"n":"Crème dessert Danette  Chocolat - 6x125g","p":1.92,"u":"2,56 €/KG","img":"https://fd1-photos.leclercdrive.fr/image.ashx?id=2915395&use=l&cat=p&typeid=i","cat":285041},{"id":101415,"n":"Couteaux en bois Homeside x20","p":1.38,"u":"0,07 €/P","img":"https://fd1-photos.leclercdrive.fr/image.ashx?id=1663736&use=l&cat=p&typeid=i","cat":334134},{"id":101416,"n":"Fourchettes en bois Homeside x20","p":1.38,"u":"0,07 €/P","img":"https://fd1-photos.leclercdrive.fr/image.ashx?id=1663733&use=l&cat=p&typeid=i","cat":334134},{"id":101418,"n":"Cuillères en bois Homeside x20","p":1.38,"u":"0,07 €/P","img":"https://fd1-photos.leclercdrive.fr/image.ashx?id=1663730&use=l&cat=p&typeid=i","cat":334134},{"id":101456,"n":"Barres Chocolatées KINDER Maxi Chocolat au Lait x18 - 378g","p":5.58,"u":"14,76 €/KG","img":"https://fd1-photos.leclercdrive.fr/image.ashx?id=2673854&use=l&cat=p&typeid=i","cat":284498},{"id":101461,"n":"Pâtes Collezione Barilla Fusilli Bucati Corti - 500g","p":1.48,"u":"2,96 €/KG","img":"https://fd1-photos.leclercdrive.fr/image.ashx?id=2991003&use=l&cat=p&typeid=i","cat":284427},{"id":101473,"n":"Petit Pois, Carotte Cassegrain Tendre et Fondant 265g","p":1.85,"u":"6,98 €/KG","img":"https://fd1-photos.leclercdrive.fr/image.ashx?id=2951692&use=l&cat=p&typeid=i","cat":312607},{"id":101478,"n":"Petit Chinois La fournée Dorée Crème patissière - x6 - 300g","p":1.7,"u":"5,67 €/KG","img":"https://fd1-photos.leclercdrive.fr/image.ashx?id=2964492&use=l&cat=p&typeid=i","cat":296366},{"id":101480,"n":"Filets de thon Saupiquet Au citron - 115g","p":2.25,"u":"19,57 €/KG","img":"https://fd1-photos.leclercdrive.fr/image.ashx?id=2846370&use=l&cat=p&typeid=i","cat":303867},{"id":101483,"n":"Tablette chocolat Côte d'Or Chocolat noir 70% - 100g","p":1.82,"u":"18,20 €/KG","img":"https://fd1-photos.leclercdrive.fr/image.ashx?id=2985591&use=l&cat=p&typeid=i","cat":284956},{"id":101502,"n":"Crème dessert Danette Vanille - 4x125g","p":1.51,"u":"3,02 €/KG","img":"https://fd1-photos.leclercdrive.fr/image.ashx?id=2029487&use=l&cat=p&typeid=i","cat":285041},{"id":101504,"n":"AOC Clairette de Die doux BIO  Rives et Terrasses - 75cl","p":5.99,"u":"7,99 €/L","img":"https://fd1-photos.leclercdrive.fr/image.ashx?id=2826930&use=l&cat=p&typeid=i","cat":284544},{"id":101505,"n":"Jus de pruneaux Bio Village Bio - 1L","p":3.99,"u":"3,99 €/L","img":"https://fd1-photos.leclercdrive.fr/image.ashx?id=2901560&use=l&cat=p&typeid=i","cat":284915},{"id":101506,"n":"Boisson Cranberry  Bio Village   Bio - 1L","p":3.55,"u":"3,55 €/L","img":"https://fd1-photos.leclercdrive.fr/image.ashx?id=2958774&use=l&cat=p&typeid=i","cat":284915},{"id":101564,"n":"chocolat noir alter eco   republique dominicaine bio 100g","p":2.59,"u":"25,90 €/KG","img":"https://fd1-photos.leclercdrive.fr/image.ashx?id=2906556&use=l&cat=p&typeid=i","cat":284956},{"id":101580,"n":"Banane Bio Max Havelaar  Bio Village x5","p":1.99,"u":"0,40 €/P","img":"https://fd1-photos.leclercdrive.fr/image.ashx?id=2323988&use=l&cat=p&typeid=i","cat":284356},{"id":101620,"n":"Matière grasse Rustica Omega 3 50%MG -Doux -250G","p":0.99,"u":"3,96 €/KG","img":"https://fd1-photos.leclercdrive.fr/image.ashx?id=2904583&use=l&cat=p&typeid=i","cat":315229},{"id":101688,"n":"Gel concentré vaisselle UniVert Citron - 685ml","p":5.13,"u":"7,49 €/L","img":"https://fd1-photos.leclercdrive.fr/image.ashx?id=2903965&use=l&cat=p&typeid=i","cat":284655},{"id":101692,"n":"Crème dessert Danette Vanille caramel - 4x125g","p":1.69,"u":"3,38 €/KG","img":"https://fd1-photos.leclercdrive.fr/image.ashx?id=2928408&use=l&cat=p&typeid=i","cat":285041},{"id":101695,"n":"crème dessert chocolat danette - 8x125g","p":2.65,"u":"2,65 €/KG","img":"https://fd1-photos.leclercdrive.fr/image.ashx?id=2949841&use=l&cat=p&typeid=i","cat":285041},{"id":101697,"n":"crème dessert chocolat noisette danette - 4x125g","p":1.64,"u":"3,28 €/KG","img":"https://fd1-photos.leclercdrive.fr/image.ashx?id=2902630&use=l&cat=p&typeid=i","cat":285041},{"id":101699,"n":"crème dessert pistache danette - 4x125g","p":1.65,"u":"3,30 €/KG","img":"https://fd1-photos.leclercdrive.fr/image.ashx?id=1984885&use=l&cat=p&typeid=i","cat":285041},{"id":101701,"n":"crème dessert chocolat caramel vanille danette - 12x115g","p":3.49,"u":"2,53 €/KG","img":"https://fd1-photos.leclercdrive.fr/image.ashx?id=2949844&use=l&cat=p&typeid=i","cat":285041},{"id":101702,"n":"Crème dessert Danette Caramel - 6x125g","p":2.38,"u":"3,17 €/KG","img":"https://fd1-photos.leclercdrive.fr/image.ashx?id=2915398&use=l&cat=p&typeid=i","cat":285041},{"id":101707,"n":"crème dessert chocolat danette - 4x125g","p":1.51,"u":"3,02 €/KG","img":"https://fd1-photos.leclercdrive.fr/image.ashx?id=2927291&use=l&cat=p&typeid=i","cat":285041},{"id":101708,"n":"liégeois chocolat danette - 8x100g","p":2.61,"u":"3,26 €/KG","img":"https://fd1-photos.leclercdrive.fr/image.ashx?id=1984897&use=l&cat=p&typeid=i","cat":285042},{"id":101710,"n":"crème dessert chocolat noir danette - 4x125g","p":1.61,"u":"3,22 €/KG","img":"https://fd1-photos.leclercdrive.fr/image.ashx?id=2927294&use=l&cat=p&typeid=i","cat":285041},{"id":101712,"n":"crème dessert 3 chocolats danette - 12x115g","p":3.72,"u":"2,70 €/KG","img":"https://fd1-photos.leclercdrive.fr/image.ashx?id=2949847&use=l&cat=p&typeid=i","cat":285041},{"id":101715,"n":"Petit beurre Michel et Augustin Comté poivre noir - 100g","p":2.59,"u":"25,90 €/KG","img":"https://fd1-photos.leclercdrive.fr/image.ashx?id=2108975&use=l&cat=p&typeid=i","cat":297000},{"id":101716,"n":"Petit beurre Michel et Augustin Roquefort graine pavot - 100g","p":2.59,"u":"25,90 €/KG","img":"https://fd1-photos.leclercdrive.fr/image.ashx?id=2108978&use=l&cat=p&typeid=i","cat":297000},{"id":101720,"n":"Sablé Michel et Augustin AOP Brebis tomate piment - 100g","p":2.59,"u":"25,90 €/KG","img":"https://fd1-photos.leclercdrive.fr/image.ashx?id=2108984&use=l&cat=p&typeid=i","cat":297000},{"id":101722,"n":"Sablé cantal Michel et Augustin Noix de muscade - 100g","p":2.59,"u":"25,90 €/KG","img":"https://fd1-photos.leclercdrive.fr/image.ashx?id=2108993&use=l&cat=p&typeid=i","cat":297000},{"id":101723,"n":"Petit beurre Michel et Augustin Chèvre AOP sarriete - 100g","p":2.59,"u":"25,90 €/KG","img":"https://fd1-photos.leclercdrive.fr/image.ashx?id=2108996&use=l&cat=p&typeid=i","cat":297000},{"id":101852,"n":"Mergueizh Hénaff x5 - 277g","p":5.12,"u":"18,48 €/KG","img":"https://fd1-photos.leclercdrive.fr/image.ashx?id=2795183&use=l&cat=p&typeid=i","cat":284334},{"id":101884,"n":"Moule 9 muffins En silicone renforcé x1","p":7.5,"img":"https://fd1-photos.leclercdrive.fr/image.ashx?id=1943295&use=l&cat=p&typeid=i","cat":298490},{"id":101887,"n":"Moule à cake en silicone renforcé - 24cm -x1","p":7.5,"img":"https://fd1-photos.leclercdrive.fr/image.ashx?id=1864536&use=l&cat=p&typeid=i","cat":298490},{"id":101890,"n":"Shaker Curver x1","p":2.89,"img":"https://fd1-photos.leclercdrive.fr/image.ashx?id=2666815&use=l&cat=p&typeid=i","cat":334135},{"id":102006,"n":"Gel bain douche Manava Pamplemousse raisin blanc-500ml","p":2.37,"u":"4,74 €/L","img":"https://fd1-photos.leclercdrive.fr/image.ashx?id=2652870&use=l&cat=p&typeid=i","cat":284594},{"id":102007,"n":"Gel douche Manava Gommant - 250ml","p":1.3,"u":"5,20 €/L","img":"https://fd1-photos.leclercdrive.fr/image.ashx?id=2805042&use=l&cat=p&typeid=i","cat":284594},{"id":102012,"n":"Déodorant bille bio So Bio Etic Tous types de peau - 50ml","p":4.39,"u":"87,80 €/L","img":"https://fd1-photos.leclercdrive.fr/image.ashx?id=2986606&use=l&cat=p&typeid=i","cat":284595},{"id":102077,"n":"Champignons de Paris bruns bio Bio Village - Barquette 200g","p":2.49,"u":"12,45 €/KG","img":"https://fd1-photos.leclercdrive.fr/image.ashx?id=2960559&use=l&cat=p&typeid=i","cat":284352},{"id":102078,"n":"Tagliatelles Côté Table Poulet & champignons - 300g","p":2.79,"u":"9,30 €/KG","img":"https://fd1-photos.leclercdrive.fr/image.ashx?id=2893568&use=l&cat=p&typeid=i","cat":333665},{"id":102336,"n":"Muesli croustillant chocolat  bio Terres et Céréales - 500g","p":3.89,"u":"7,78 €/KG","img":"https://fd1-photos.leclercdrive.fr/image.ashx?id=2802440&use=l&cat=p&typeid=i","cat":309512},{"id":102338,"n":"Muesli fruits rouges bio  Terres et Céréales - 500g","p":4.36,"u":"8,72 €/KG","img":"https://fd1-photos.leclercdrive.fr/image.ashx?id=2802443&use=l&cat=p&typeid=i","cat":309512},{"id":102374,"n":"Bière sans alcool Tourtel Twist Cerise 0,0° - 6x27,5cl","p":4.59,"u":"2,78 €/L","img":"https://fd1-photos.leclercdrive.fr/image.ashx?id=2688803&use=l&cat=p&typeid=i","cat":334877},{"id":102442,"n":"Crêpe Caramel beurre salé Paysan Breton x6 -180g","p":2.32,"u":"12,89 €/KG","img":"https://fd1-photos.leclercdrive.fr/image.ashx?id=2786858&use=l&cat=p&typeid=i","cat":284494},{"id":102480,"n":"Petits Suisses Gervais 9,5%MG - 12x60g","p":2.44,"u":"3,39 €/KG","img":"https://fd1-photos.leclercdrive.fr/image.ashx?id=2230381&use=l&cat=p&typeid=i","cat":284409},{"id":102589,"n":"Chocolat Sensation fruit Lindt Framboise/Cranberry - 160g","p":3.38,"u":"21,13 €/KG","img":"https://fd1-photos.leclercdrive.fr/image.ashx?id=2208954&use=l&cat=p&typeid=i","cat":304238},{"id":102633,"n":"Soda Schweppes Saveur Agrumes Zero - 1L","p":1.58,"u":"1,58 €/L","img":"https://fd1-photos.leclercdrive.fr/image.ashx?id=2852432&use=l&cat=p&typeid=i","cat":284532},{"id":102658,"n":"Farine pour pain Francine 2.5kg","p":4.41,"u":"1,76 €/KG","img":"https://fd1-photos.leclercdrive.fr/image.ashx?id=2238687&use=l&cat=p&typeid=i","cat":284503},{"id":102661,"n":"Thé vert bio Jardin Bio Digestion x20 - 30g","p":2.35,"u":"78,33 €/KG","img":"https://fd1-photos.leclercdrive.fr/image.ashx?id=3014527&use=l&cat=p&typeid=i","cat":293233},{"id":102664,"n":"Couscous fin Tipiak 1kg","p":1.85,"u":"1,85 €/KG","img":"https://fd1-photos.leclercdrive.fr/image.ashx?id=2854411&use=l&cat=p&typeid=i","cat":284429},{"id":102665,"n":"AOC Crémant Bordeaux Jaillance Brut - 75cl","p":6.66,"u":"8,88 €/L","img":"https://fd1-photos.leclercdrive.fr/image.ashx?id=2868437&use=l&cat=p&typeid=i","cat":284545},{"id":102669,"n":"Capsules café L'Or Espresso Or Rose N°7 x10","p":3.69,"u":"70,96 €/KG","img":"https://fd1-photos.leclercdrive.fr/image.ashx?id=2100290&use=l&cat=p&typeid=i","cat":284749},{"id":102695,"n":"Friandises chien Pedigree Ranchos original bœuf - 70g","p":2.52,"u":"36,00 €/KG","img":"https://fd1-photos.leclercdrive.fr/image.ashx?id=2897279&use=l&cat=p&typeid=i","cat":294527},{"id":102699,"n":"Billes chocolatées Lindt Crispy céréales soufflées - 140g","p":2.69,"u":"19,21 €/KG","img":"https://fd1-photos.leclercdrive.fr/image.ashx?id=2425083&use=l&cat=p&typeid=i","cat":304238},{"id":102892,"n":"Céréales Jordans Granola Amande Noisette et Graine - 400g","p":2.99,"u":"7,48 €/KG","img":"https://fd1-photos.leclercdrive.fr/image.ashx?id=2475909&use=l&cat=p&typeid=i","cat":309512},{"id":103030,"n":"World Mix Haribo Boîte bonbons - 750g","p":5.81,"u":"7,75 €/KG","img":"https://fd1-photos.leclercdrive.fr/image.ashx?id=2984913&use=l&cat=p&typeid=i","cat":304250},{"id":103032,"n":"Baguette viennoise  La Boulangère - x6 - 510g","p":2.3,"pp":1.61,"u":"3,16 €/KG","img":"https://fd1-photos.leclercdrive.fr/image.ashx?id=2912413&use=l&cat=p&typeid=i","cat":284985},{"id":103036,"n":"Pâte brisée Marie Pur beurre - 230g","p":1.37,"u":"5,96 €/KG","img":"https://fd1-photos.leclercdrive.fr/image.ashx?id=2318540&use=l&cat=p&typeid=i","cat":333681},{"id":103046,"n":"Céréales Trésor Kellogg's Chocolat Noisette - 750g","p":4.54,"u":"6,05 €/KG","img":"https://fd1-photos.leclercdrive.fr/image.ashx?id=2586291&use=l&cat=p&typeid=i","cat":309513},{"id":103047,"n":"Nutella Biscuit pâte à tartiner Cacao Noisettes - 304g","p":3.01,"u":"9,90 €/KG","img":"https://fd1-photos.leclercdrive.fr/image.ashx?id=2896432&use=l&cat=p&typeid=i","cat":284488},{"id":103063,"n":"Paille Pik Haribo Sachet bonbons acidulés - 180g","p":1.7,"u":"9,44 €/KG","img":"https://fd1-photos.leclercdrive.fr/image.ashx?id=2984922&use=l&cat=p&typeid=i","cat":304250},{"id":103074,"n":"Tajine de Légumes Grillés Cassegrain à la Coriandre 375g","p":3.47,"u":"9,25 €/KG","img":"https://fd1-photos.leclercdrive.fr/image.ashx?id=2636955&use=l&cat=p&typeid=i","cat":312612},{"id":103078,"n":"Cocobat Haribo Sachet bonbons réglisse - 300g","p":1.75,"u":"5,83 €/KG","img":"https://fd1-photos.leclercdrive.fr/image.ashx?id=2805231&use=l&cat=p&typeid=i","cat":304250},{"id":103094,"n":"Crème légère semi épaisse  Bridélice 18%mg - 2x25cl","p":2.69,"u":"5,38 €/L","img":"https://fd1-photos.leclercdrive.fr/image.ashx?id=2806156&use=l&cat=p&typeid=i","cat":284381},{"id":103150,"n":"Bière Rouge Kasteel 33cl","p":1.86,"u":"5,64 €/L","img":"https://fd1-photos.leclercdrive.fr/image.ashx?id=2433449&use=l&cat=p&typeid=i","cat":334872},{"id":103157,"n":"Rissolées Pom Bistro à la Graisse de Canard - 500g","p":3.6,"u":"7,20 €/KG","img":"https://fd1-photos.leclercdrive.fr/image.ashx?id=2866430&use=l&cat=p&typeid=i","cat":319792},{"id":103158,"n":"Tartine Grilletine de Pasquier Sans sucre ajouté - x18 - 255g","p":2.04,"u":"8,00 €/KG","img":"https://fd1-photos.leclercdrive.fr/image.ashx?id=2333057&use=l&cat=p&typeid=i","cat":284479},{"id":103183,"n":"Bières blonde Desperados Lime - 6x33cl","p":8.43,"u":"4,26 €/L","img":"https://fd1-photos.leclercdrive.fr/image.ashx?id=2638163&use=l&cat=p&typeid=i","cat":334878},{"id":103184,"n":"IGP Cidre doux Val de Rance De Dégustation Bretagne - 75cl","p":2.8,"u":"3,73 €/L","img":"https://fd1-photos.leclercdrive.fr/image.ashx?id=2020722&use=l&cat=p&typeid=i","cat":334880},{"id":103189,"n":"IGP Cidre Brut Val de Rance De dégustation Bretagne 75cl","p":2.72,"u":"3,63 €/L","img":"https://fd1-photos.leclercdrive.fr/image.ashx?id=2020719&use=l&cat=p&typeid=i","cat":334880},{"id":103191,"n":"Bière sans alcool Tourtel Twist Pêche 0,0° - 6x27,5cl","p":4.35,"u":"2,64 €/L","img":"https://fd1-photos.leclercdrive.fr/image.ashx?id=2896564&use=l&cat=p&typeid=i","cat":334877},{"id":103197,"n":"Boisson thé infusé Fresh Tea Passion - 1L","p":0.99,"u":"0,99 €/L","img":"https://fd1-photos.leclercdrive.fr/image.ashx?id=3003064&use=l&cat=p&typeid=i","cat":295019},{"id":103198,"n":"Crème de cassis Sisca De Dijon 15%vol - 1L","p":8.12,"u":"8,12 €/L","img":"https://fd1-photos.leclercdrive.fr/image.ashx?id=2465289&use=l&cat=p&typeid=i","cat":286032},{"id":103226,"n":"Emincés filet poulet Le Gaulois Poulet à la mexicaine - 180g","p":3.91,"u":"21,72 €/KG","img":"https://fd1-photos.leclercdrive.fr/image.ashx?id=2732731&use=l&cat=p&typeid=i","cat":284336},{"id":103269,"n":"Gaufres fourrées Lotus Coeur fondant vanille - 310g","p":2.3,"u":"7,42 €/KG","img":"https://fd1-photos.leclercdrive.fr/image.ashx?id=2695890&use=l&cat=p&typeid=i","cat":294777},{"id":103283,"n":"IGP Cidre Bio Val de Rance Brut - 75cl","p":2.61,"u":"3,48 €/L","img":"https://fd1-photos.leclercdrive.fr/image.ashx?id=2277143&use=l&cat=p&typeid=i","cat":334880},{"id":103285,"n":"Poisson pané Findus Colin  Alaska Fish and Chips x4 - 400g","p":2.85,"u":"7,13 €/KG","img":"https://fd1-photos.leclercdrive.fr/image.ashx?id=2985348&use=l&cat=p&typeid=i","cat":319788},{"id":103300,"n":"Infusion Jardin Bio Digestion bio - 20 sachet - 28g","p":2.39,"u":"85,36 €/KG","img":"https://fd1-photos.leclercdrive.fr/image.ashx?id=2990685&use=l&cat=p&typeid=i","cat":293234},{"id":103302,"n":"Miel squeeze Jardin Biologique 250ml","p":4.69,"u":"18,76 €/L","img":"https://fd1-photos.leclercdrive.fr/image.ashx?id=2668572&use=l&cat=p&typeid=i","cat":287643},{"id":103307,"n":"Emincés de filet de poulet rôti Le Gaulois - 180g","p":3.92,"u":"21,78 €/KG","img":"https://fd1-photos.leclercdrive.fr/image.ashx?id=2732728&use=l&cat=p&typeid=i","cat":284336},{"id":103315,"n":"AOP Côtes de Provence rosé Château Reillanne - 75cl","p":6.39,"u":"8,52 €/L","img":"https://fd1-photos.leclercdrive.fr/image.ashx?id=2669487&use=l&cat=p&typeid=i","cat":289558},{"id":103381,"n":"Whisky Grant's  Triple wood 40%vol - 70cl","p":13.29,"u":"18,99 €/L","img":"https://fd1-photos.leclercdrive.fr/image.ashx?id=2866022&use=l&cat=p&typeid=i","cat":284547},{"id":103384,"n":"IGP Whisky Grant's  Triple wood - 40%vol - 1L","p":17.25,"u":"17,25 €/L","img":"https://fd1-photos.leclercdrive.fr/image.ashx?id=2917531&use=l&cat=p&typeid=i","cat":284547},{"id":103452,"n":"Lingettes freshclean Pampers 4x52","p":5.62,"u":"0,03 €/P","img":"https://fd1-photos.leclercdrive.fr/image.ashx?id=2956667&use=l&cat=p&typeid=i","cat":284738},{"id":103470,"n":"Croquettes chat Purina One Poulet chat adulte - 450g","p":2.55,"u":"5,67 €/KG","img":"https://fd1-photos.leclercdrive.fr/image.ashx?id=2902265&use=l&cat=p&typeid=i","cat":284680},{"id":103501,"n":"Pochons prémium Plénima chat au Saumon / Dinde - 4x85g","p":1.76,"u":"5,18 €/KG","img":"https://fd1-photos.leclercdrive.fr/image.ashx?id=2361128&use=l&cat=p&typeid=i","cat":285286},{"id":103503,"n":"Capsules Nescafé Dolce Gusto  Espresso Intenso - x16","p":4.65,"u":"41,52 €/KG","img":"https://fd1-photos.leclercdrive.fr/image.ashx?id=3009110&use=l&cat=p&typeid=i","cat":293239},{"id":103505,"n":"Barre de céréales Nature Valley Protéine chocolat x4-160g","p":2.62,"u":"16,38 €/KG","img":"https://fd1-photos.leclercdrive.fr/image.ashx?id=2657000&use=l&cat=p&typeid=i","cat":285869},{"id":103509,"n":"Yaourt à boire Yop Aromatisé Fraise - 825g","p":1.7,"u":"2,06 €/KG","img":"https://fd1-photos.leclercdrive.fr/image.ashx?id=2855564&use=l&cat=p&typeid=i","cat":284415},{"id":103548,"n":"Galettes Le Glazik 200g","p":1.77,"u":"8,85 €/KG","img":"https://fd1-photos.leclercdrive.fr/image.ashx?id=2509391&use=l&cat=p&typeid=i","cat":284487},{"id":103549,"n":"Petit Glazik Framboise - x8 - 304g","p":3.12,"u":"10,26 €/KG","img":"https://fd1-photos.leclercdrive.fr/image.ashx?id=2509385&use=l&cat=p&typeid=i","cat":284478},{"id":103550,"n":"Petit Glazik Choco-noisette - x8 304g","p":3.6,"u":"11,84 €/KG","img":"https://fd1-photos.leclercdrive.fr/image.ashx?id=2509388&use=l&cat=p&typeid=i","cat":284478},{"id":103561,"n":"Barre de céréales Nature Valley  Protéine caramel salé x4 - 160","p":2.85,"u":"17,81 €/KG","img":"https://fd1-photos.leclercdrive.fr/image.ashx?id=2657003&use=l&cat=p&typeid=i","cat":285869},{"id":103563,"n":"Batonnets de glace Nuii Salted Caramel macadamia - 272g","p":4.27,"u":"15,70 €/KG","img":"https://fd1-photos.leclercdrive.fr/image.ashx?id=2506798&use=l&cat=p&typeid=i","cat":284265},{"id":103566,"n":"Batonnets de glaces Nuii Almond & java vanilla - x4","p":4.27,"u":"15,93 €/KG","img":"https://fd1-photos.leclercdrive.fr/image.ashx?id=2506801&use=l&cat=p&typeid=i","cat":284265},{"id":103619,"n":"Crème glacée Häagen-Dazs  Vanille - 400g","p":4.47,"u":"11,18 €/KG","img":"https://fd1-photos.leclercdrive.fr/image.ashx?id=2893429&use=l&cat=p&typeid=i","cat":284725},{"id":103621,"n":"Crème glacée Häagen-Dazs  Vanille pécan - 400g","p":4.51,"u":"11,28 €/KG","img":"https://fd1-photos.leclercdrive.fr/image.ashx?id=2893438&use=l&cat=p&typeid=i","cat":284725},{"id":103657,"n":"Crème glacée Häagen-Dazs  Vanille noix macadamia - 400g","p":4.49,"u":"11,23 €/KG","img":"https://fd1-photos.leclercdrive.fr/image.ashx?id=2893444&use=l&cat=p&typeid=i","cat":284725},{"id":103661,"n":"Crème glacée Häagen-Dazs  Vanille caramel brownie - 386g","p":4.65,"u":"12,05 €/KG","img":"https://fd1-photos.leclercdrive.fr/image.ashx?id=2893468&use=l&cat=p&typeid=i","cat":284725},{"id":103665,"n":"Mini pots Häagen-Dazs  Caramel attraction x4 - 318g","p":4.39,"u":"13,68 €/KG","img":"https://fd1-photos.leclercdrive.fr/image.ashx?id=2992852&use=l&cat=p&typeid=i","cat":284725},{"id":103680,"n":"Mini pots Häagen-Dazs Vanille  noix de macadamia x4 - 324g","p":4.71,"u":"14,54 €/KG","img":"https://fd1-photos.leclercdrive.fr/image.ashx?id=3000162&use=l&cat=p&typeid=i","cat":284725},{"id":103697,"n":"Dentifrice Integral 8 Signal Nature Elements Charbon 75ml","p":1.72,"u":"22,93 €/L","img":"https://fd1-photos.leclercdrive.fr/image.ashx?id=2974662&use=l&cat=p&typeid=i","cat":284612},{"id":103719,"n":"Démêlant intensif Elsève Cheveu abîmé Dream Long - 180ml","p":3.42,"u":"19,00 €/L","img":"https://fd1-photos.leclercdrive.fr/image.ashx?id=2439284&use=l&cat=p&typeid=i","cat":284607},{"id":103726,"n":"Masque Violet Démêlant Elsève Color-Vive - 150ml","p":5.12,"u":"34,13 €/L","img":"https://fd1-photos.leclercdrive.fr/image.ashx?id=2439281&use=l&cat=p&typeid=i","cat":284608},{"id":103728,"n":"Shampoing Violet Elsève Color-Vive Déjaunisseur - 200ml","p":2.99,"u":"14,95 €/L","img":"https://fd1-photos.leclercdrive.fr/image.ashx?id=2278121&use=l&cat=p&typeid=i","cat":284606},{"id":103780,"n":"Pâte feuilletée Marie Pur beurre - 230g","p":1.33,"u":"5,78 €/KG","img":"https://fd1-photos.leclercdrive.fr/image.ashx?id=2318543&use=l&cat=p&typeid=i","cat":333681},{"id":103783,"n":"Mini beignet chocolat Délices des 7 vallées - 8x25g","p":3.36,"u":"16,80 €/KG","img":"https://fd1-photos.leclercdrive.fr/image.ashx?id=2692602&use=l&cat=p&typeid=i","cat":284984},{"id":103800,"n":"Bière blonde Leffe  6,6% - 12x25cl","p":9.25,"u":"3,08 €/L","img":"https://fd1-photos.leclercdrive.fr/image.ashx?id=2995424&use=l&cat=p&typeid=i","cat":334852},{"id":103806,"n":"Sac poubelle 30L Alfapac Ultra résistant Poignées - x15","p":2.61,"u":"0,17 €/P","img":"https://fd1-photos.leclercdrive.fr/image.ashx?id=2526887&use=l&cat=p&typeid=i","cat":285168},{"id":103808,"n":"Yaourt à boire Yop Aromatisé Framboise - 825g","p":1.98,"u":"2,40 €/KG","img":"https://fd1-photos.leclercdrive.fr/image.ashx?id=2855567&use=l&cat=p&typeid=i","cat":284415},{"id":103813,"n":"Yaourt à boire Yop Aromatisé Vanille - 825g","p":1.7,"u":"2,06 €/KG","img":"https://fd1-photos.leclercdrive.fr/image.ashx?id=2855570&use=l&cat=p&typeid=i","cat":284415},{"id":103844,"n":"IGP Ile de Beauté vin rosé Terres Ocrées 12% vol - 75cl","p":3.6,"u":"4,80 €/L","img":"https://fd1-photos.leclercdrive.fr/image.ashx?id=2846526&use=l&cat=p&typeid=i","cat":289558},{"id":103885,"n":"Fromage Cœur de Lion  Pointe de Brie - 200g","p":1.91,"u":"9,55 €/KG","img":"https://fd1-photos.leclercdrive.fr/image.ashx?id=2770416&use=l&cat=p&typeid=i","cat":314033},{"id":103891,"n":"Crème glacée Häagen-Dazs  Caramel au beurre salé - 400g","p":4.55,"u":"11,38 €/KG","img":"https://fd1-photos.leclercdrive.fr/image.ashx?id=2893435&use=l&cat=p&typeid=i","cat":284725},{"id":103914,"n":"Whisky Bushmill's Classic 40%vol - 70cl","p":18.75,"pp":15.0,"u":"21,43 €/L","img":"https://fd1-photos.leclercdrive.fr/image.ashx?id=2484449&use=l&cat=p&typeid=i","cat":284547},{"id":103918,"n":"Bâtonnets  Maple  Peanut Butter et candian - x4","p":4.28,"u":"1,07 €/P","img":"https://fd1-photos.leclercdrive.fr/image.ashx?id=2506810&use=l&cat=p&typeid=i","cat":284265},{"id":103919,"n":"Bâtonnets  Nuii Idaho Valley  Cookies mint x4 - 244g","p":4.28,"u":"17,54 €/KG","img":"https://fd1-photos.leclercdrive.fr/image.ashx?id=2506807&use=l&cat=p&typeid=i","cat":284265},{"id":103922,"n":"Batonnets Nuii White chocolate&scandinavia x4","p":4.28,"u":"1,07 €/P","img":"https://fd1-photos.leclercdrive.fr/image.ashx?id=2922149&use=l&cat=p&typeid=i","cat":284265},{"id":103945,"n":"Escalope de dinde Le Gaulois Oui C'est Bon x2 - 240g","p":3.9,"u":"16,25 €/KG","img":"https://fd1-photos.leclercdrive.fr/image.ashx?id=2605580&use=l&cat=p&typeid=i","cat":284337},{"id":103946,"n":"Escalope de dinde  Le Gaulois Fine -Oui C'est Bon x3 - 360g","p":7.71,"u":"21,42 €/KG","img":"https://fd1-photos.leclercdrive.fr/image.ashx?id=2605577&use=l&cat=p&typeid=i","cat":284337},{"id":103949,"n":"Nettoyant universel anti-traces 750ml","p":2.75,"u":"3,67 €/L","img":"https://fd1-photos.leclercdrive.fr/image.ashx?id=3000731&use=l&cat=p&typeid=i","cat":325357},{"id":103951,"n":"Spray décapant Briochin Anti-moisissures - 500ml","p":4.63,"u":"9,26 €/L","img":"https://fd1-photos.leclercdrive.fr/image.ashx?id=2056987&use=l&cat=p&typeid=i","cat":325357},{"id":103954,"n":"Nettoyant carrelage Briochin Ecocert - 1L","p":2.81,"u":"2,81 €/L","img":"https://fd1-photos.leclercdrive.fr/image.ashx?id=2342887&use=l&cat=p&typeid=i","cat":325357},{"id":103969,"n":"Escalope de dinde Le Gaulois Fine - Oui C'est Bon x2 - 240g","p":4.44,"u":"18,50 €/KG","img":"https://fd1-photos.leclercdrive.fr/image.ashx?id=2605574&use=l&cat=p&typeid=i","cat":284337},{"id":103993,"n":"IGP Méditerranée rosé St Sagnol - 75cl","p":3.67,"u":"4,89 €/L","img":"https://fd1-photos.leclercdrive.fr/image.ashx?id=2923768&use=l&cat=p&typeid=i","cat":289558},{"id":104008,"n":"Jus innocent tutti frutti 900ml","p":2.52,"u":"2,80 €/L","img":"https://fd1-photos.leclercdrive.fr/image.ashx?id=2861737&use=l&cat=p&typeid=i","cat":285435},{"id":104019,"n":"Rhum paille St James 40%vol - 70cl","p":12.89,"u":"18,41 €/L","img":"https://fd1-photos.leclercdrive.fr/image.ashx?id=2970867&use=l&cat=p&typeid=i","cat":284550},{"id":104021,"n":"Arrangé Damoiseau Mangue passion 30D - 70cl","p":22.44,"u":"32,06 €/L","img":"https://fd1-photos.leclercdrive.fr/image.ashx?id=2021220&use=l&cat=p&typeid=i","cat":284551},{"id":104022,"n":"Arrangé Damoiseau Ananas vanille 30° - 70cl","p":22.44,"u":"32,06 €/L","img":"https://fd1-photos.leclercdrive.fr/image.ashx?id=2021217&use=l&cat=p&typeid=i","cat":284551},{"id":104027,"n":"Rhum ambré Maison La Mauny 40%vol - 70cl","p":16.41,"u":"23,44 €/L","img":"https://fd1-photos.leclercdrive.fr/image.ashx?id=2956328&use=l&cat=p&typeid=i","cat":284550},{"id":104034,"n":"Jus innocent plus  zest défense 750ml","p":2.43,"u":"3,24 €/L","img":"https://fd1-photos.leclercdrive.fr/image.ashx?id=2736574&use=l&cat=p&typeid=i","cat":285435},{"id":104036,"n":"Jus innocent plus  énergie chérie 750ml","p":2.46,"u":"3,28 €/L","img":"https://fd1-photos.leclercdrive.fr/image.ashx?id=2901082&use=l&cat=p&typeid=i","cat":284354},{"id":104053,"n":"Perle duo Gourmet Poisson et viandes - 12x85g","p":6.48,"u":"6,35 €/KG","img":"https://fd1-photos.leclercdrive.fr/image.ashx?id=2861761&use=l&cat=p&typeid=i","cat":285286},{"id":104062,"n":"Brioches Doowap Harrys X8 -320g Pépites choco sans additif","p":2.35,"u":"7,34 €/KG","img":"https://fd1-photos.leclercdrive.fr/image.ashx?id=2502998&use=l&cat=p&typeid=i","cat":293505},{"id":104069,"n":"Fruits au sirop St Mamet Ananas Mandarine - 4x80g","p":4.29,"u":"13,41 €/KG","img":"https://fd1-photos.leclercdrive.fr/image.ashx?id=2429227&use=l&cat=p&typeid=i","cat":284507},{"id":104073,"n":"100% Pur Jus Jafaden Pamplemousse- 1L","p":1.99,"u":"1,99 €/L","img":"https://fd1-photos.leclercdrive.fr/image.ashx?id=2956771&use=l&cat=p&typeid=i","cat":284914},{"id":104087,"n":"IGP Méditerranée vin rosé Terres Ocrées - 75cl","p":2.89,"u":"3,85 €/L","img":"https://fd1-photos.leclercdrive.fr/image.ashx?id=2894743&use=l&cat=p&typeid=i","cat":289558},{"id":104089,"n":"AOP Champagne Fondateur Vranken Brut - 75cl","p":17.9,"u":"23,87 €/L","img":"https://fd1-photos.leclercdrive.fr/image.ashx?id=2662012&use=l&cat=p&typeid=i","cat":284542},{"id":104090,"n":"Bouillon Cube Bio Maggi Volaille - 80g","p":1.83,"u":"22,88 €/KG","img":"https://fd1-photos.leclercdrive.fr/image.ashx?id=2882923&use=l&cat=p&typeid=i","cat":288379},{"id":104091,"n":"Bouillon Bio Cube Maggi Légumes - 80g","p":1.86,"u":"23,25 €/KG","img":"https://fd1-photos.leclercdrive.fr/image.ashx?id=2737786&use=l&cat=p&typeid=i","cat":288379},{"id":104092,"n":"Tagada Zip Fraîcheur Haribo Sachet bonbons - 220g","p":1.33,"u":"6,05 €/KG","img":"https://fd1-photos.leclercdrive.fr/image.ashx?id=2802359&use=l&cat=p&typeid=i","cat":304250},{"id":104097,"n":"Fruits au sirop St Mamet Pêche douceur - 4x65g","p":3.41,"u":"13,12 €/KG","img":"https://fd1-photos.leclercdrive.fr/image.ashx?id=2429224&use=l&cat=p&typeid=i","cat":284507},{"id":104105,"n":"Cerneaux de noix pécan Vahiné 50g","p":1.86,"u":"37,20 €/KG","img":"https://fd1-photos.leclercdrive.fr/image.ashx?id=2474314&use=l&cat=p&typeid=i","cat":284504},{"id":104109,"n":"Les Timbales Gourmet Gold Boeuf plet saumon - 12x85g","p":6.45,"u":"6,32 €/KG","img":"https://fd1-photos.leclercdrive.fr/image.ashx?id=2861764&use=l&cat=p&typeid=i","cat":285286},{"id":104110,"n":"Fruits au sirop St Mamet Cocktail de fruits - 4x65g","p":3.09,"u":"11,88 €/KG","img":"https://fd1-photos.leclercdrive.fr/image.ashx?id=2429230&use=l&cat=p&typeid=i","cat":284507},{"id":104113,"n":"Brioches Doowap Harrys X12-480g Pépites choco sans additif","p":3.29,"u":"6,85 €/KG","img":"https://fd1-photos.leclercdrive.fr/image.ashx?id=2503001&use=l&cat=p&typeid=i","cat":293505},{"id":104114,"n":"Brioches Doowap Harrys X8 -320g Pépites choco lait sans additif","p":2.39,"u":"7,47 €/KG","img":"https://fd1-photos.leclercdrive.fr/image.ashx?id=2503004&use=l&cat=p&typeid=i","cat":293505},{"id":104115,"n":"Brioches Doowap Harrys X12-480g Pépites choco lait sans additif","p":3.29,"u":"6,85 €/KG","img":"https://fd1-photos.leclercdrive.fr/image.ashx?id=2503007&use=l&cat=p&typeid=i","cat":293505},{"id":104121,"n":"Noix de cajou Benenuts Grillées à sec -165g","p":4.19,"u":"25,39 €/KG","img":"https://fd1-photos.leclercdrive.fr/image.ashx?id=2391786&use=l&cat=p&typeid=i","cat":284448},{"id":104133,"n":"Pépites chocolat au lait Vahiné 200g","p":4.19,"u":"20,95 €/KG","img":"https://fd1-photos.leclercdrive.fr/image.ashx?id=2559784&use=l&cat=p&typeid=i","cat":284504},{"id":104188,"n":"Chips Tyrrell's Légèrement salées - 150g","p":2.19,"u":"14,60 €/KG","img":"https://fd1-photos.leclercdrive.fr/image.ashx?id=2924731&use=l&cat=p&typeid=i","cat":284447},{"id":104193,"n":"Coton-tiges Inell Recharge Tiges papier - x160","p":0.4,"img":"https://fd1-photos.leclercdrive.fr/image.ashx?id=2440775&use=l&cat=p&typeid=i","cat":284636},{"id":104194,"n":"Coton-tige Lotus Bio - x160 bâtonnets","p":0.78,"img":"https://fd1-photos.leclercdrive.fr/image.ashx?id=2506840&use=l&cat=p&typeid=i","cat":284636},{"id":104293,"n":"Pépites chunks Vahine 3 chocolats - 100g","p":2.81,"u":"28,10 €/KG","img":"https://fd1-photos.leclercdrive.fr/image.ashx?id=2559871&use=l&cat=p&typeid=i","cat":284504},{"id":104306,"n":"Fromage Bleu de brebis Société  110g","p":2.37,"u":"21,55 €/KG","img":"https://fd1-photos.leclercdrive.fr/image.ashx?id=2729725&use=l&cat=p&typeid=i","cat":314032},{"id":104325,"n":"Barres Figue GERBLE   - 150g","p":2.94,"u":"19,60 €/KG","img":"https://fd1-photos.leclercdrive.fr/image.ashx?id=2664085&use=l&cat=p&typeid=i","cat":318652},{"id":104349,"n":"AOP Cabernet d'Anjou rosé Plessis-Duval - 3L","p":15.8,"u":"5,27 €/L","img":"https://fd1-photos.leclercdrive.fr/image.ashx?id=2941038&use=l&cat=p&typeid=i","cat":289558},{"id":104412,"n":"Le paté Henaff Bio - 76g","p":1.45,"u":"19,08 €/KG","img":"https://fd1-photos.leclercdrive.fr/image.ashx?id=2432770&use=l&cat=p&typeid=i","cat":305149},{"id":104468,"n":"Fromage apéritif Apéricube Long drink 48 cubes","p":4.17,"u":"16,68 €/KG","img":"https://fd1-photos.leclercdrive.fr/image.ashx?id=2882674&use=l&cat=p&typeid=i","cat":314027},{"id":104471,"n":"Fromage apéritif Apericube  Cocktail 48 cubes","p":4.17,"u":"16,68 €/KG","img":"https://fd1-photos.leclercdrive.fr/image.ashx?id=2882680&use=l&cat=p&typeid=i","cat":314027},{"id":104485,"n":"Tropicana Jus d'orange Sans pulpe - 90cl","p":2.49,"u":"2,77 €/L","img":"https://fd1-photos.leclercdrive.fr/image.ashx?id=2524266&use=l&cat=p&typeid=i","cat":285435},{"id":104609,"n":"Thon entier Petit Navire Au naturel - MSC - 2x56g","p":2.37,"u":"21,16 €/KG","img":"https://fd1-photos.leclercdrive.fr/image.ashx?id=2909977&use=l&cat=p&typeid=i","cat":303867},{"id":104616,"n":"Salade thai Pierre Martinet 250g","p":2.79,"u":"11,16 €/KG","img":"https://fd1-photos.leclercdrive.fr/image.ashx?id=2504779&use=l&cat=p&typeid=i","cat":333657},{"id":104674,"n":"Eau gazeuse aromatisée Badoit Citron fraise - 1L","p":1.2,"u":"1,20 €/L","img":"https://fd1-photos.leclercdrive.fr/image.ashx?id=2730664&use=l&cat=p&typeid=i","cat":284536},{"id":104724,"n":"Escalope de dinde Le Gaulois Fine - Oui c'est bon- x1 - 120g","p":2.22,"u":"18,50 €/KG","img":"https://fd1-photos.leclercdrive.fr/image.ashx?id=2603297&use=l&cat=p&typeid=i","cat":284337},{"id":104880,"n":"Barres Céréales Extra Kellogg's Chocolat au lait - 4x32g","p":2.85,"u":"22,27 €/KG","img":"https://fd1-photos.leclercdrive.fr/image.ashx?id=2736610&use=l&cat=p&typeid=i","cat":285869},{"id":104889,"n":"Sardines Connetable Nature - 95g","p":1.95,"u":"20,53 €/KG","img":"https://fd1-photos.leclercdrive.fr/image.ashx?id=2664115&use=l&cat=p&typeid=i","cat":305146},{"id":105017,"n":"Serviette hygiénique Always  Platinum long -  x20","p":3.99,"u":"0,20 €/P","img":"https://fd1-photos.leclercdrive.fr/image.ashx?id=2884105&use=l&cat=p&typeid=i","cat":284624},{"id":105035,"n":"Whisky Ardbeg 10 ans 46%vol - 70cl","p":46.8,"u":"66,86 €/L","img":"https://fd1-photos.leclercdrive.fr/image.ashx?id=2749500&use=l&cat=p&typeid=i","cat":284547},{"id":105119,"n":"AOP Champagne Brut Piper Heidsieck - 75cl","p":29.11,"u":"38,81 €/L","img":"https://fd1-photos.leclercdrive.fr/image.ashx?id=2431548&use=l&cat=p&typeid=i","cat":284542},{"id":105120,"n":"Saucisson Justin Bridou Mini Délice Noix jambon - 80g","p":2.32,"u":"29,00 €/KG","img":"https://fd1-photos.leclercdrive.fr/image.ashx?id=2482348&use=l&cat=p&typeid=i","cat":316006},{"id":105123,"n":"Vermouth Noilly Prat Original 18° - 70cl","p":11.89,"u":"15,85 €/L","img":"https://fd1-photos.leclercdrive.fr/image.ashx?id=2858174&use=l&cat=p&typeid=i","cat":284913},{"id":105136,"n":"Jambon supérieur Tradilège S/nitrite Découenne - x6 - 210g","p":2.79,"u":"13,29 €/KG","img":"https://fd1-photos.leclercdrive.fr/image.ashx?id=2991524&use=l&cat=p&typeid=i","cat":316009},{"id":105137,"n":"Jambon supérieur Tradilège Sans nitrite x4 - 140g","p":1.85,"u":"13,21 €/KG","img":"https://fd1-photos.leclercdrive.fr/image.ashx?id=2994381&use=l&cat=p&typeid=i","cat":316009},{"id":105139,"n":"Collant Body Touch Dim Opaque noir - Taille 1","p":8.95,"img":"https://fd1-photos.leclercdrive.fr/image.ashx?id=2876089&use=l&cat=p&typeid=i","cat":334130},{"id":105169,"n":"Whisky single malt The Deveron 12 ans d'âge 40° - 70cl","p":33.95,"pp":30.95,"u":"44,21 €/L","img":"https://fd1-photos.leclercdrive.fr/image.ashx?id=2848343&use=l&cat=p&typeid=i","cat":284547},{"id":105175,"n":"Gin Bombay Sapphire East 40° - 70cl","p":38.02,"u":"54,31 €/L","img":"https://fd1-photos.leclercdrive.fr/image.ashx?id=2848328&use=l&cat=p&typeid=i","cat":284550},{"id":105202,"n":"Collant Body Touch Dim Opaque noir - Taille 2","p":8.95,"img":"https://fd1-photos.leclercdrive.fr/image.ashx?id=2560654&use=l&cat=p&typeid=i","cat":334130},{"id":105203,"n":"Collant Body Touch Dim Opaque noir - Taille 3","p":8.95,"img":"https://fd1-photos.leclercdrive.fr/image.ashx?id=2560657&use=l&cat=p&typeid=i","cat":334130},{"id":105204,"n":"Collant Body Touch Dim Opaque noir - Taille 4","p":8.95,"img":"https://fd1-photos.leclercdrive.fr/image.ashx?id=2560660&use=l&cat=p&typeid=i","cat":334130},{"id":105206,"n":"Collant Diam's opaque Dim Jambes fuselées Noir - Taille 1","p":8.4,"img":"https://fd1-photos.leclercdrive.fr/image.ashx?id=2639314&use=l&cat=p&typeid=i","cat":334130},{"id":105207,"n":"Collant Diam's opaque Dim Jambes fuselées Noir - Taille 2","p":8.4,"img":"https://fd1-photos.leclercdrive.fr/image.ashx?id=2639317&use=l&cat=p&typeid=i","cat":334130},{"id":105208,"n":"Collant Diam's opaque Dim Jambes fuselées noir - Taille 3","p":8.4,"img":"https://fd1-photos.leclercdrive.fr/image.ashx?id=2639320&use=l&cat=p&typeid=i","cat":334130},{"id":105209,"n":"Collant Diam's opaque Dim Jambes fuselées Noir - Taille 4","p":8.4,"img":"https://fd1-photos.leclercdrive.fr/image.ashx?id=2639323&use=l&cat=p&typeid=i","cat":334130},{"id":105211,"n":"Collant Beauty Resist Dim Opaque noir - Taille 1","p":5.85,"img":"https://fd1-photos.leclercdrive.fr/image.ashx?id=2534953&use=l&cat=p&typeid=i","cat":334130},{"id":105212,"n":"Collant Beauty Resist Dim Opaque noir - Taille 2","p":5.85,"img":"https://fd1-photos.leclercdrive.fr/image.ashx?id=2841006&use=l&cat=p&typeid=i","cat":334130},{"id":105213,"n":"Collant Beauty Resist Dim Opaque noir - Taille 3","p":5.85,"img":"https://fd1-photos.leclercdrive.fr/image.ashx?id=2534959&use=l&cat=p&typeid=i","cat":334130},{"id":105214,"n":"Boulettes Garden Gourmet légumes 200g","p":2.0,"u":"10,00 €/KG","img":"https://fd1-photos.leclercdrive.fr/image.ashx?id=2986903&use=l&cat=p&typeid=i","cat":316036},{"id":105215,"n":"Collant Beauty Resist Dim Opaque noir - Taille 4","p":5.85,"img":"https://fd1-photos.leclercdrive.fr/image.ashx?id=2841009&use=l&cat=p&typeid=i","cat":334130},{"id":105427,"n":"Beurre gastronomique Président Demi-sel - 80% MG - 225g","p":2.95,"u":"13,11 €/KG","img":"https://fd1-photos.leclercdrive.fr/image.ashx?id=2740553&use=l&cat=p&typeid=i","cat":284379},{"id":105665,"n":"Yaourt Bio citron Malo 4x125g","p":2.08,"u":"4,16 €/KG","img":"https://fd1-photos.leclercdrive.fr/image.ashx?id=2908621&use=l&cat=p&typeid=i","cat":286006},{"id":105742,"n":"Poivre création moulin Ducros 34g","p":3.39,"u":"99,71 €/KG","img":"https://fd1-photos.leclercdrive.fr/image.ashx?id=2354407&use=l&cat=p&typeid=i","cat":284457},{"id":106006,"n":"Pur jus de pomme Jafaden 2L","p":2.29,"u":"1,15 €/L","img":"https://fd1-photos.leclercdrive.fr/image.ashx?id=2956774&use=l&cat=p&typeid=i","cat":284522},{"id":106043,"n":"Sauce mayonnaise Morin 135g","p":1.65,"u":"12,22 €/KG","img":"https://fd1-photos.leclercdrive.fr/image.ashx?id=2108801&use=l&cat=p&typeid=i","cat":284382},{"id":106267,"n":"Gâteaux chocolat Pépito Chocolait'o - 180g","p":2.08,"u":"11,56 €/KG","img":"https://fd1-photos.leclercdrive.fr/image.ashx?id=2828772&use=l&cat=p&typeid=i","cat":284495},{"id":106269,"n":"Edulcorant Pure Via Boite de 65 morceaux - 130g","p":5.15,"u":"39,62 €/KG","img":"https://fd1-photos.leclercdrive.fr/image.ashx?id=2417291&use=l&cat=p&typeid=i","cat":324846},{"id":106274,"n":"Croustilles Party Belin Emmental - 210g","p":1.95,"u":"9,29 €/KG","img":"https://fd1-photos.leclercdrive.fr/image.ashx?id=2961263&use=l&cat=p&typeid=i","cat":284449},{"id":106275,"n":"Croustilles Party Belin Cacahuète - 210g","p":1.78,"u":"8,48 €/KG","img":"https://fd1-photos.leclercdrive.fr/image.ashx?id=3000875&use=l&cat=p&typeid=i","cat":284449},{"id":106471,"n":"Plat bébé soir Blédichef 15mois Poireau pomme de terre - 250g","p":1.79,"u":"7,16 €/KG","img":"https://fd1-photos.leclercdrive.fr/image.ashx?id=2143681&use=l&cat=p&typeid=i","cat":312239},{"id":106473,"n":"Repas bébé Blédichef 15 mois Patate légumes poulet - 250g","p":1.85,"u":"7,40 €/KG","img":"https://fd1-photos.leclercdrive.fr/image.ashx?id=2877703&use=l&cat=p&typeid=i","cat":312238},{"id":106474,"n":"Repas bébé Blédichef 15 mois Pdt champignon poulet - 250g","p":1.82,"u":"7,28 €/KG","img":"https://fd1-photos.leclercdrive.fr/image.ashx?id=2479685&use=l&cat=p&typeid=i","cat":312238},{"id":106475,"n":"Repas bébé Blédichef 15 mois Légumes cabillaud - 250g","p":1.79,"u":"7,16 €/KG","img":"https://fd1-photos.leclercdrive.fr/image.ashx?id=1681186&use=l&cat=p&typeid=i","cat":312238},{"id":106477,"n":"Repas bébé Blédichef 18 mois  Blanquette de volaille - 250g","p":1.79,"u":"7,16 €/KG","img":"https://fd1-photos.leclercdrive.fr/image.ashx?id=2558861&use=l&cat=p&typeid=i","cat":312238},{"id":106478,"n":"Repas bébé Blédichef 18 mois  Fondue de légumes lieu - 250g","p":1.79,"u":"7,16 €/KG","img":"https://fd1-photos.leclercdrive.fr/image.ashx?id=2877706&use=l&cat=p&typeid=i","cat":312238},{"id":106481,"n":"Repas bébé Blédichef 24 mois  Riz légumes poulet curry - 250g","p":1.79,"u":"7,16 €/KG","img":"https://fd1-photos.leclercdrive.fr/image.ashx?id=2951590&use=l&cat=p&typeid=i","cat":312238},{"id":106568,"n":"Tropicana Jus multifruits 90 cl","p":2.72,"u":"3,02 €/L","img":"https://fd1-photos.leclercdrive.fr/image.ashx?id=2529276&use=l&cat=p&typeid=i","cat":285435},{"id":106605,"n":"Ravioli Lustucru Selection  Jambon fromage 300g","p":1.86,"u":"6,20 €/KG","img":"https://fd1-photos.leclercdrive.fr/image.ashx?id=2962527&use=l&cat=p&typeid=i","cat":333682},{"id":106614,"n":"Rosette Justin Bridou  19 Tranches - 170g","p":2.39,"u":"14,06 €/KG","img":"https://fd1-photos.leclercdrive.fr/image.ashx?id=2948932&use=l&cat=p&typeid=i","cat":316007},{"id":106627,"n":"Repas bébé Blédichef 15 mois Légumes viandes 2x230g - 2x250g","p":6.67,"u":"6,95 €/KG","img":"https://fd1-photos.leclercdrive.fr/image.ashx?id=2643752&use=l&cat=p&typeid=i","cat":312238},{"id":106647,"n":"Café moulu Brocéliande Passion Bio  - 250g","p":4.61,"u":"18,44 €/KG","img":"https://fd1-photos.leclercdrive.fr/image.ashx?id=1793334&use=l&cat=p&typeid=i","cat":284750},{"id":106690,"n":"Gel douche Bionaïa Abricot bio - 250ml","p":1.43,"u":"5,72 €/L","img":"https://fd1-photos.leclercdrive.fr/image.ashx?id=2512478&use=l&cat=p&typeid=i","cat":284594},{"id":106722,"n":"Bière blonde Abbaye Sant Erwann 7%vol. - 12x25cl","p":10.79,"u":"3,60 €/L","img":"https://fd1-photos.leclercdrive.fr/image.ashx?id=2678068&use=l&cat=p&typeid=i","cat":334873},{"id":106743,"n":"Disques à démaquiller Bocoton Bio - x80","p":1.65,"u":"0,02 €/P","img":"https://fd1-photos.leclercdrive.fr/image.ashx?id=2480713&use=l&cat=p&typeid=i","cat":284636},{"id":106768,"n":"Shampooing bio So Bio Etic Coco & Acide Hyaluronique-250ml","p":3.66,"u":"14,64 €/L","img":"https://fd1-photos.leclercdrive.fr/image.ashx?id=2788727&use=l&cat=p&typeid=i","cat":284606},{"id":106818,"n":"Les lardons natures Bien élevés - 2x75g","p":2.74,"u":"18,27 €/KG","img":"https://fd1-photos.leclercdrive.fr/image.ashx?id=2480914&use=l&cat=p&typeid=i","cat":316011},{"id":106886,"n":"Petit suisse nature Gervais 9,5% MG - 6x60g","p":1.79,"u":"4,97 €/KG","img":"https://fd1-photos.leclercdrive.fr/image.ashx?id=2230384&use=l&cat=p&typeid=i","cat":284409},{"id":106985,"n":"Mini pots Häagen-Dazs  Vanille Collection x4 - 321g","p":4.2,"u":"13,08 €/KG","img":"https://fd1-photos.leclercdrive.fr/image.ashx?id=2992858&use=l&cat=p&typeid=i","cat":284725},{"id":106987,"n":"Mini pots Häagen-Dazs Caramel  Beurre salé x4 - 324g","p":4.18,"u":"12,90 €/KG","img":"https://fd1-photos.leclercdrive.fr/image.ashx?id=2992849&use=l&cat=p&typeid=i","cat":284725},{"id":107140,"n":"Sablés Michel et Augustin Beaufort poivre blanc - 100g","p":2.59,"u":"25,90 €/KG","img":"https://fd1-photos.leclercdrive.fr/image.ashx?id=2108981&use=l&cat=p&typeid=i","cat":297000},{"id":107211,"n":"Jus innocent myrtille cassis 900ml","p":2.44,"u":"2,71 €/L","img":"https://fd1-photos.leclercdrive.fr/image.ashx?id=2891235&use=l&cat=p&typeid=i","cat":285435},{"id":107384,"n":"Bacon Justin Bridou  16 Tranches - 160g","p":2.42,"u":"15,13 €/KG","img":"https://fd1-photos.leclercdrive.fr/image.ashx?id=2924110&use=l&cat=p&typeid=i","cat":316007},{"id":107645,"n":"Aluminium Albal 20m","p":3.08,"img":"https://fd1-photos.leclercdrive.fr/image.ashx?id=2551444&use=l&cat=p&typeid=i","cat":334134},{"id":107646,"n":"Film 2 en 1 Albal  20m","p":2.6,"img":"https://fd1-photos.leclercdrive.fr/image.ashx?id=2551453&use=l&cat=p&typeid=i","cat":334134},{"id":107653,"n":"Lait de coco bio Jardin Bio Bio - 225ml","p":1.69,"u":"7,51 €/L","img":"https://fd1-photos.leclercdrive.fr/image.ashx?id=2875471&use=l&cat=p&typeid=i","cat":288992},{"id":107780,"n":"Huile d'Olive Vierge Extra BIO  Classico 25cl","p":4.8,"u":"19,20 €/L","img":"https://fd1-photos.leclercdrive.fr/image.ashx?id=2737441&use=l&cat=p&typeid=i","cat":284453},{"id":107783,"n":"Huile d'Olive Vierge Extra BIO  Delicato 75cl","p":12.16,"u":"16,21 €/L","img":"https://fd1-photos.leclercdrive.fr/image.ashx?id=2737444&use=l&cat=p&typeid=i","cat":284453},{"id":107789,"n":"Vinaigre balsamique de modène  IGP Bio 50cl","p":5.2,"u":"10,40 €/L","img":"https://fd1-photos.leclercdrive.fr/image.ashx?id=2737468&use=l&cat=p&typeid=i","cat":298543},{"id":108146,"n":"Boisson aux fruits Oasis Tropical - 2L","p":2.32,"u":"1,16 €/L","img":"https://fd1-photos.leclercdrive.fr/image.ashx?id=2996569&use=l&cat=p&typeid=i","cat":295018},{"id":108169,"n":"Mousse de canard Henaff 3x78g","p":3.86,"u":"16,50 €/KG","img":"https://fd1-photos.leclercdrive.fr/image.ashx?id=2305604&use=l&cat=p&typeid=i","cat":305149},{"id":108180,"n":"Compotes Pom'Potes Gourdes BIO  Multivariétés - 12x90g","p":6.76,"u":"6,26 €/KG","img":"https://fd1-photos.leclercdrive.fr/image.ashx?id=2926212&use=l&cat=p&typeid=i","cat":284508},{"id":108449,"n":"Déodorant spray Monsavon Fleur Lotus-200ml","p":1.89,"u":"9,45 €/L","img":"https://fd1-photos.leclercdrive.fr/image.ashx?id=2643914&use=l&cat=p&typeid=i","cat":284595},{"id":108456,"n":"Café moulu Brocéliande Moka Ethiopie - 250g","p":4.99,"u":"19,96 €/KG","img":"https://fd1-photos.leclercdrive.fr/image.ashx?id=1745642&use=l&cat=p&typeid=i","cat":284750},{"id":108461,"n":"Café Moulu Brocéliande Mexique Bio - 250g","p":5.72,"u":"22,88 €/KG","img":"https://fd1-photos.leclercdrive.fr/image.ashx?id=1745645&use=l&cat=p&typeid=i","cat":284750},{"id":108498,"n":"Crème BB Hydrance Avène Légère - 40ml","p":16.49,"u":"412,25 €/L","img":"https://fd1-photos.leclercdrive.fr/image.ashx?id=2855906&use=l&cat=p&typeid=i","cat":291171},{"id":108523,"n":"Bière Mutine IPA 75cl","p":3.86,"pp":2.7,"u":"3,60 €/L","img":"https://fd1-photos.leclercdrive.fr/image.ashx?id=2459892&use=l&cat=p&typeid=i","cat":334872},{"id":108530,"n":"Emulsion Hydrance Avène Légère SPF30 - 40ml","p":14.95,"u":"37,38 €/L","img":"https://fd1-photos.leclercdrive.fr/image.ashx?id=2854504&use=l&cat=p&typeid=i","cat":291171},{"id":108531,"n":"Crème riche Hydrance Avène Riche SPF30 - 40ml","p":14.95,"u":"373,75 €/L","img":"https://fd1-photos.leclercdrive.fr/image.ashx?id=2373543&use=l&cat=p&typeid=i","cat":291171},{"id":108571,"n":"Huile lavante La Roche Posay Lipikar AP  - 400ml","p":15.49,"u":"38,73 €/L","img":"https://fd1-photos.leclercdrive.fr/image.ashx?id=2741487&use=l&cat=p&typeid=i","cat":301591},{"id":108644,"n":"Crème Toleriane La Roche Posay Sensitive - 40ml","p":14.98,"u":"374,50 €/L","img":"https://fd1-photos.leclercdrive.fr/image.ashx?id=1991513&use=l&cat=p&typeid=i","cat":291171},{"id":108645,"n":"Galettes fraîches blé noir Crêperie de Guerlédan - x3 200g","p":2.5,"u":"12,50 €/KG","img":"https://fd1-photos.leclercdrive.fr/image.ashx?id=2044681&use=l&cat=p&typeid=i","cat":333672},{"id":108652,"n":"Crêpes moëlleuses petites Crêperie de Guerledan x6 - 300g","p":3.82,"u":"12,73 €/KG","img":"https://fd1-photos.leclercdrive.fr/image.ashx?id=2144935&use=l&cat=p&typeid=i","cat":333672},{"id":108668,"n":"Bière blonde La Goudale 7.2% vol. - 50cl","p":1.56,"u":"3,12 €/L","img":"https://fd1-photos.leclercdrive.fr/image.ashx?id=2513658&use=l&cat=p&typeid=i","cat":334852},{"id":108673,"n":"Crème nutritive Avène Riche revitalisante - 50ml","p":24.4,"u":"488,00 €/L","img":"https://fd1-photos.leclercdrive.fr/image.ashx?id=2373546&use=l&cat=p&typeid=i","cat":291171},{"id":108674,"n":"Crème nutritive Avène Revitalisante - 50ml","p":24.4,"u":"488,00 €/L","img":"https://fd1-photos.leclercdrive.fr/image.ashx?id=2857320&use=l&cat=p&typeid=i","cat":291171},{"id":108681,"n":"Crêpes Pont de Buis Crêperie La Fontaine - x12","p":3.76,"u":"0,31 €/P","img":"https://fd1-photos.leclercdrive.fr/image.ashx?id=1731776&use=l&cat=p&typeid=i","cat":333672},{"id":108707,"n":"Filtres à café Uni vert Bruns n°4 - x80","p":1.24,"u":"0,02 €/P","img":"https://fd1-photos.leclercdrive.fr/image.ashx?id=2634878&use=l&cat=p&typeid=i","cat":284751},{"id":108711,"n":"Gel Douche Fa Crème Cacao coco flacon - 250ml","p":1.49,"u":"5,96 €/L","img":"https://fd1-photos.leclercdrive.fr/image.ashx?id=2995097&use=l&cat=p&typeid=i","cat":284594},{"id":108717,"n":"Vinaigrette légère Amora Moutarde - 380ml","p":2.08,"u":"5,47 €/L","img":"https://fd1-photos.leclercdrive.fr/image.ashx?id=2654170&use=l&cat=p&typeid=i","cat":284456},{"id":108724,"n":"Thé glacé Bio Village Bio Pêche - 1L","p":1.36,"u":"1,36 €/L","img":"https://fd1-photos.leclercdrive.fr/image.ashx?id=2670392&use=l&cat=p&typeid=i","cat":295019},{"id":108804,"n":"Compotes Pom'Potes Gourdes  Pomme Nature - 4x90g","p":1.79,"u":"4,97 €/KG","img":"https://fd1-photos.leclercdrive.fr/image.ashx?id=2968079&use=l&cat=p&typeid=i","cat":284508},{"id":108836,"n":"Matin Léger de Lactel Bouteille Sans lactose 1.2% mg - 6x25cl","p":5.22,"u":"3,48 €/L","img":"https://fd1-photos.leclercdrive.fr/image.ashx?id=2883534&use=l&cat=p&typeid=i","cat":317169},{"id":108844,"n":"Plat bébé soir Blédichef 12mois Spaghetti crème légumes -2x230g","p":3.19,"u":"6,93 €/KG","img":"https://fd1-photos.leclercdrive.fr/image.ashx?id=2643494&use=l&cat=p&typeid=i","cat":312239},{"id":108912,"n":"Pain au Maïs 350g","p":1.8,"u":"5,14 €/KG","img":"https://fd1-photos.leclercdrive.fr/image.ashx?id=1691369&use=l&cat=p&typeid=i","cat":284359},{"id":108988,"n":"Whisky Chivas Regal XV Blended Scotch 40% vol - 70cl","p":43.05,"pp":38.74,"u":"55,34 €/L","img":"https://fd1-photos.leclercdrive.fr/image.ashx?id=2877028&use=l&cat=p&typeid=i","cat":284547},{"id":108997,"n":"Crème dessert Danette vanille chocolat -16x115g","p":4.81,"u":"2,61 €/KG","img":"https://fd1-photos.leclercdrive.fr/image.ashx?id=2949850&use=l&cat=p&typeid=i","cat":285041},{"id":109112,"n":"Nectar Bio Village Bio Mangue - 1L","p":2.49,"u":"2,49 €/L","img":"https://fd1-photos.leclercdrive.fr/image.ashx?id=2954121&use=l&cat=p&typeid=i","cat":284916},{"id":109115,"n":"Nectar Bio Village Bio Abricot - 1L","p":2.69,"u":"2,69 €/L","img":"https://fd1-photos.leclercdrive.fr/image.ashx?id=2954124&use=l&cat=p&typeid=i","cat":284915},{"id":109191,"n":"Basilic Bio Lamprien Provence Le Pot","p":1.99,"img":"https://fd1-photos.leclercdrive.fr/image.ashx?id=1699265&use=l&cat=p&typeid=i","cat":293607},{"id":109299,"n":"Café en grains Coïc Le délicieux - 500g","p":13.25,"u":"26,50 €/KG","img":"https://fd1-photos.leclercdrive.fr/image.ashx?id=2505160&use=l&cat=p&typeid=i","cat":293237},{"id":109300,"n":"Café en grains Coïc Couleur de Bretagne - 250g","p":4.45,"pp":4.05,"u":"16,20 €/KG","img":"https://fd1-photos.leclercdrive.fr/image.ashx?id=2811086&use=l&cat=p&typeid=i","cat":293237},{"id":109301,"n":"Café moulu Coïc  Balade Bretonne - 250g","p":4.45,"pp":4.05,"u":"16,20 €/KG","img":"https://fd1-photos.leclercdrive.fr/image.ashx?id=2584187&use=l&cat=p&typeid=i","cat":284750},{"id":109302,"n":"Dosettes Cafés Coïc  Arabicas - x36 - 250g","p":5.19,"u":"20,76 €/KG","img":"https://fd1-photos.leclercdrive.fr/image.ashx?id=2478318&use=l&cat=p&typeid=i","cat":293238},{"id":109303,"n":"Café moulu Coïc  Le délicieux - 500g","p":14.63,"u":"29,26 €/KG","img":"https://fd1-photos.leclercdrive.fr/image.ashx?id=2022174&use=l&cat=p&typeid=i","cat":284750},{"id":109304,"n":"Café moulu Coïc  Matin d'Iroise - 250g","p":5.31,"u":"21,24 €/KG","img":"https://fd1-photos.leclercdrive.fr/image.ashx?id=2505190&use=l&cat=p&typeid=i","cat":284750},{"id":109305,"n":"Café moulu Coïc  Matin d'Armor - 250g","p":5.28,"u":"21,12 €/KG","img":"https://fd1-photos.leclercdrive.fr/image.ashx?id=2505163&use=l&cat=p&typeid=i","cat":284750},{"id":109306,"n":"Café moulu Coïc  Joyau de la Ria - 250g","p":5.1,"u":"20,40 €/KG","img":"https://fd1-photos.leclercdrive.fr/image.ashx?id=2505178&use=l&cat=p&typeid=i","cat":284750},{"id":109308,"n":"Café moulu Coïc L'heure bleue - 250g","p":5.79,"u":"23,16 €/KG","img":"https://fd1-photos.leclercdrive.fr/image.ashx?id=2505169&use=l&cat=p&typeid=i","cat":284750},{"id":109309,"n":"Bol semoule 8 mois Bio Village Bio Patate douce lait - 2x200g","p":2.49,"u":"6,23 €/KG","img":"https://fd1-photos.leclercdrive.fr/image.ashx?id=2704807&use=l&cat=p&typeid=i","cat":312239},{"id":109310,"n":"Bol Bio Village 6 mois bio Petits pois Riz Maïs - 2x200g","p":2.21,"u":"5,53 €/KG","img":"https://fd1-photos.leclercdrive.fr/image.ashx?id=2704819&use=l&cat=p&typeid=i","cat":312239},{"id":109313,"n":"Chocolat Noir raisins sarrasin Grain de Sail - Bio - 100g","p":2.89,"u":"28,90 €/KG","img":"https://fd1-photos.leclercdrive.fr/image.ashx?id=2400379&use=l&cat=p&typeid=i","cat":284956},{"id":109314,"n":"Chocolat Noir 85% Bio Grain de Sail - 100g","p":2.89,"u":"28,90 €/KG","img":"https://fd1-photos.leclercdrive.fr/image.ashx?id=2400382&use=l&cat=p&typeid=i","cat":284956},{"id":109315,"n":"Chocolat Lait cacahuète caramel Grain de Sail - Bio - 100g","p":2.99,"u":"29,90 €/KG","img":"https://fd1-photos.leclercdrive.fr/image.ashx?id=2399297&use=l&cat=p&typeid=i","cat":284497},{"id":109316,"n":"Chocolat noir Earl Grey Bio Grain de Sail - 100g","p":3.29,"u":"32,90 €/KG","img":"https://fd1-photos.leclercdrive.fr/image.ashx?id=2400385&use=l&cat=p&typeid=i","cat":284956},{"id":109322,"n":"Bol legume vert riz Bio Village Saumon bio - 6 mois - 2x200g","p":2.55,"u":"6,38 €/KG","img":"https://fd1-photos.leclercdrive.fr/image.ashx?id=2704792&use=l&cat=p&typeid=i","cat":312235},{"id":109323,"n":"Rillettes thon blanc tomséchées Les Mouettes d'Arvor - 125g","p":2.85,"u":"22,80 €/KG","img":"https://fd1-photos.leclercdrive.fr/image.ashx?id=1901269&use=l&cat=p&typeid=i","cat":303867},{"id":109324,"n":"Thon à la catalane Les Mouettes d'Arvor - 132g","p":2.29,"u":"17,35 €/KG","img":"https://fd1-photos.leclercdrive.fr/image.ashx?id=1892029&use=l&cat=p&typeid=i","cat":303867},{"id":109325,"n":"Filets de maquereaux Muscadet Les Mouettes d'Arvor - 176g","p":2.88,"u":"16,36 €/KG","img":"https://fd1-photos.leclercdrive.fr/image.ashx?id=1896298&use=l&cat=p&typeid=i","cat":303868},{"id":109326,"n":"Thon Albacore au naturel Les Mouettes d'Arvor - 160g","p":3.32,"u":"20,75 €/KG","img":"https://fd1-photos.leclercdrive.fr/image.ashx?id=2015702&use=l&cat=p&typeid=i","cat":303867},{"id":109338,"n":"Confiture fraise de Plougastel Les 4 saisons - 400g","p":3.94,"u":"9,85 €/KG","img":"https://fd1-photos.leclercdrive.fr/image.ashx?id=2848989&use=l&cat=p&typeid=i","cat":284480},{"id":109341,"n":"Crème de caramel fleur de sel Les 4 saisons - 300g","p":4.85,"u":"16,17 €/KG","img":"https://fd1-photos.leclercdrive.fr/image.ashx?id=2848998&use=l&cat=p&typeid=i","cat":284481},{"id":109342,"n":"Confiture d'orange Les 4 saisons - 400g","p":3.12,"u":"7,80 €/KG","img":"https://fd1-photos.leclercdrive.fr/image.ashx?id=2849010&use=l&cat=p&typeid=i","cat":284480},{"id":109344,"n":"Confiture clémentine de Corse Les 4 saisons - 400g","p":3.22,"u":"8,05 €/KG","img":"https://fd1-photos.leclercdrive.fr/image.ashx?id=2849019&use=l&cat=p&typeid=i","cat":284480},{"id":109345,"n":"Confiture d'abricot Bio Les 4 saisons - 360g","p":3.49,"u":"9,69 €/KG","img":"https://fd1-photos.leclercdrive.fr/image.ashx?id=2848986&use=l&cat=p&typeid=i","cat":284480},{"id":109346,"n":"Confiture de fraise Bio Les 4 saisons - 360g","p":3.44,"u":"9,56 €/KG","img":"https://fd1-photos.leclercdrive.fr/image.ashx?id=2915560&use=l&cat=p&typeid=i","cat":284480},{"id":109349,"n":"Confiture de cerise noire Les 4 saisons - 360g","p":4.09,"u":"11,36 €/KG","img":"https://fd1-photos.leclercdrive.fr/image.ashx?id=2848995&use=l&cat=p&typeid=i","cat":284480},{"id":109353,"n":"Confiture Abricot  Les 4 saisons - 300g","p":3.33,"u":"11,10 €/KG","img":"https://fd1-photos.leclercdrive.fr/image.ashx?id=2316183&use=l&cat=p&typeid=i","cat":284480},{"id":109355,"n":"Confiture de framboise Les 4 saisons - 400g","p":3.89,"u":"9,73 €/KG","img":"https://fd1-photos.leclercdrive.fr/image.ashx?id=2895304&use=l&cat=p&typeid=i","cat":284480},{"id":109357,"n":"Confiture aux 4 fruits rouges Les 4 saisons - 400g","p":3.54,"u":"8,85 €/KG","img":"https://fd1-photos.leclercdrive.fr/image.ashx?id=2849028&use=l&cat=p&typeid=i","cat":284480},{"id":109358,"n":"Confiture orange clément. Corse Confiturelle - 300g","p":2.98,"u":"9,93 €/KG","img":"https://fd1-photos.leclercdrive.fr/image.ashx?id=2956424&use=l&cat=p&typeid=i","cat":284480},{"id":109360,"n":"Confiture d'orange Bio Les 4 saisons - 360g","p":3.43,"u":"9,53 €/KG","img":"https://fd1-photos.leclercdrive.fr/image.ashx?id=2895286&use=l&cat=p&typeid=i","cat":284480},{"id":109364,"n":"Confiture fraise framboisée Les 4 Saisons - 300g","p":3.07,"u":"10,23 €/KG","img":"https://fd1-photos.leclercdrive.fr/image.ashx?id=2956421&use=l&cat=p&typeid=i","cat":284480},{"id":109369,"n":"Panaché Falsbourg  <0.5% vol. - 10X25cl","p":2.99,"u":"1,20 €/L","img":"https://fd1-photos.leclercdrive.fr/image.ashx?id=2637967&use=l&cat=p&typeid=i","cat":334877},{"id":109384,"n":"Pur Jus de fruits Tropicana Sanguinello - 90cl","p":3.79,"u":"4,21 €/L","img":"https://fd1-photos.leclercdrive.fr/image.ashx?id=2533535&use=l&cat=p&typeid=i","cat":285435},{"id":109387,"n":"Pur jus Tropicana Réveil des Tropiques 90cl","p":2.66,"u":"2,96 €/L","img":"https://fd1-photos.leclercdrive.fr/image.ashx?id=2529279&use=l&cat=p&typeid=i","cat":285435},{"id":109437,"n":"Repas bébé Blédichef 12 mois  Couscous - 2x230g","p":3.39,"u":"7,37 €/KG","img":"https://fd1-photos.leclercdrive.fr/image.ashx?id=2479706&use=l&cat=p&typeid=i","cat":312237},{"id":109440,"n":"AOP Valencay Blanc Domaine Malet -  75cl","p":6.75,"u":"9,00 €/L","img":"https://fd1-photos.leclercdrive.fr/image.ashx?id=1743902&use=l&cat=p&typeid=i","cat":289557},{"id":109441,"n":"Thon entier MSC Pêche Océan Naturel - 140g","p":2.17,"u":"15,50 €/KG","img":"https://fd1-photos.leclercdrive.fr/image.ashx?id=2942211&use=l&cat=p&typeid=i","cat":303867},{"id":109442,"n":"Vin blanc Domus by UBY Côtes de Gascogne - 3L","p":14.9,"u":"4,97 €/L","img":"https://fd1-photos.leclercdrive.fr/image.ashx?id=2325374&use=l&cat=p&typeid=i","cat":289560},{"id":109449,"n":"Jus innocent ananas 900ml","p":3.03,"u":"3,37 €/L","img":"https://fd1-photos.leclercdrive.fr/image.ashx?id=2184732&use=l&cat=p&typeid=i","cat":285435},{"id":109451,"n":"Boisson lactée Danao Multivitaminé - 900ml","p":2.41,"u":"2,68 €/L","img":"https://fd1-photos.leclercdrive.fr/image.ashx?id=2637216&use=l&cat=p&typeid=i","cat":285435},{"id":109455,"n":"Boisson lactée Danao Orange Banane Fraise - 900ml","p":2.6,"u":"2,89 €/L","img":"https://fd1-photos.leclercdrive.fr/image.ashx?id=2609908&use=l&cat=p&typeid=i","cat":285435},{"id":109456,"n":"AOP Alsace Sylvaner sec Wolfberger 75 cl","p":5.95,"u":"7,93 €/L","img":"https://fd1-photos.leclercdrive.fr/image.ashx?id=2692329&use=l&cat=p&typeid=i","cat":289557},{"id":109457,"n":"Boisson lactée Danao Pêche Abricot - 900ml","p":2.5,"u":"2,78 €/L","img":"https://fd1-photos.leclercdrive.fr/image.ashx?id=2606367&use=l&cat=p&typeid=i","cat":285435},{"id":109458,"n":"AOP Gewurztraminer blanc bio Wolfberger -  75cl","p":10.95,"pp":8.76,"u":"11,68 €/L","img":"https://fd1-photos.leclercdrive.fr/image.ashx?id=3011185&use=l&cat=p&typeid=i","cat":289557},{"id":109476,"n":"IGP Atlantique vin blanc Honoré de Berticot - 3L","p":10.05,"u":"3,35 €/L","img":"https://fd1-photos.leclercdrive.fr/image.ashx?id=1912604&use=l&cat=p&typeid=i","cat":289557},{"id":109482,"n":"AOP Brouilly rouge Maison Jambon - 75cl","p":8.91,"u":"11,88 €/L","img":"https://fd1-photos.leclercdrive.fr/image.ashx?id=1725085&use=l&cat=p&typeid=i","cat":289556},{"id":109503,"n":"Vin rosé Passe Temps Côtes de Provence - 75cl","p":6.15,"u":"8,20 €/L","img":"https://fd1-photos.leclercdrive.fr/image.ashx?id=2869152&use=l&cat=p&typeid=i","cat":289558},{"id":109507,"n":"IGP Ile de Beauté rosé La Petite Paillotte Corse 75cl","p":6.1,"u":"8,13 €/L","img":"https://fd1-photos.leclercdrive.fr/image.ashx?id=2836508&use=l&cat=p&typeid=i","cat":289558},{"id":109508,"n":"IGP Ile de Beauté rosé La Petite Paillotte - BIB 3L","p":18.5,"u":"6,17 €/L","img":"https://fd1-photos.leclercdrive.fr/image.ashx?id=2204550&use=l&cat=p&typeid=i","cat":289558},{"id":109509,"n":"crème dessert café danette - 4x125g","p":1.62,"u":"3,24 €/KG","img":"https://fd1-photos.leclercdrive.fr/image.ashx?id=2961867&use=l&cat=p&typeid=i","cat":285041},{"id":109548,"n":"Olives vertes bio Bio Village - 160g","p":2.79,"u":"17,44 €/KG","img":"https://fd1-photos.leclercdrive.fr/image.ashx?id=2552448&use=l&cat=p&typeid=i","cat":284450},{"id":109554,"n":"Pulpe de tomates bio Bio Village - 2x400g","p":2.18,"u":"5,45 €/KG","img":"https://fd1-photos.leclercdrive.fr/image.ashx?id=2181840&use=l&cat=p&typeid=i","cat":312608},{"id":109565,"n":"Thon entier MSC Pêche Océan Naturel - 93g","p":1.99,"u":"21,40 €/KG","img":"https://fd1-photos.leclercdrive.fr/image.ashx?id=2942217&use=l&cat=p&typeid=i","cat":303867},{"id":109567,"n":"AdBlue Diframa avec flexible 5L","p":7.63,"u":"1,53 €/L","img":"https://fd1-photos.leclercdrive.fr/image.ashx?id=1867723&use=l&cat=p&typeid=i","cat":298253},{"id":109607,"n":"Skyr Danone nature 0%mg - 480g","p":3.19,"u":"6,65 €/KG","img":"https://fd1-photos.leclercdrive.fr/image.ashx?id=2810615&use=l&cat=p&typeid=i","cat":284409},{"id":109609,"n":"Petit suisse nature Gervais 3,9% MG - 12x60g","p":2.49,"u":"3,46 €/KG","img":"https://fd1-photos.leclercdrive.fr/image.ashx?id=2256757&use=l&cat=p&typeid=i","cat":284409},{"id":109627,"n":"Crème dessert Danette vanille lit de chocolat -4x125g","p":1.65,"u":"3,30 €/KG","img":"https://fd1-photos.leclercdrive.fr/image.ashx?id=2939187&use=l&cat=p&typeid=i","cat":285041},{"id":109662,"n":"Chocolats Schoko-bons Kinder 125g","p":2.69,"u":"21,52 €/KG","img":"https://fd1-photos.leclercdrive.fr/image.ashx?id=2498461&use=l&cat=p&typeid=i","cat":304238},{"id":109663,"n":"Lait concentré sucré Nestlé Ecrémé sans lactose - 387g","p":2.15,"u":"5,56 €/KG","img":"https://fd1-photos.leclercdrive.fr/image.ashx?id=2301349&use=l&cat=p&typeid=i","cat":299162},{"id":109664,"n":"Tomato Ketchup Allégé Heinz 50% sucre/sel en moins - 625g","p":3.25,"u":"5,20 €/KG","img":"https://fd1-photos.leclercdrive.fr/image.ashx?id=2927717&use=l&cat=p&typeid=i","cat":284455},{"id":109666,"n":"Café en grains L'OR Sélection 100% Arabica N° 6 1kg","p":18.19,"u":"18,19 €/KG","img":"https://fd1-photos.leclercdrive.fr/image.ashx?id=3000483&use=l&cat=p&typeid=i","cat":293237},{"id":109742,"n":"Jus pour bébé NATURNES BIO Poire Abricot 6M+ - 20cl","p":0.95,"u":"4,75 €/L","img":"https://fd1-photos.leclercdrive.fr/image.ashx?id=2532258&use=l&cat=p&typeid=i","cat":312388},{"id":109749,"n":"Liquide de rinçage Uni Vert Lave-vaisselle Ecologique-750ml","p":1.99,"u":"2,65 €/L","img":"https://fd1-photos.leclercdrive.fr/image.ashx?id=2966403&use=l&cat=p&typeid=i","cat":284657},{"id":109753,"n":"Sauce crudité Amora Nature - 380ml","p":1.9,"u":"5,00 €/KG","img":"https://fd1-photos.leclercdrive.fr/image.ashx?id=2644995&use=l&cat=p&typeid=i","cat":284456},{"id":109756,"n":"Sauce gourmet Amora Poivre - 188g","p":1.66,"u":"8,83 €/KG","img":"https://fd1-photos.leclercdrive.fr/image.ashx?id=2181056&use=l&cat=p&typeid=i","cat":318430},{"id":109873,"n":"Pur jus de pomme Jafaden Douceur - 1L","p":1.5,"u":"1,50 €/L","img":"https://fd1-photos.leclercdrive.fr/image.ashx?id=2863178&use=l&cat=p&typeid=i","cat":284522},{"id":109892,"n":"Soda Coca-Cola Cherry Bouteille - 1,25L","p":1.82,"u":"1,46 €/L","img":"https://fd1-photos.leclercdrive.fr/image.ashx?id=2678161&use=l&cat=p&typeid=i","cat":284530},{"id":109893,"n":"Soda Coca-Cola Vanille Bouteille - 1,25L","p":2.02,"u":"1,62 €/L","img":"https://fd1-photos.leclercdrive.fr/image.ashx?id=2678164&use=l&cat=p&typeid=i","cat":284530},{"id":109906,"n":"Glaçons Yeti Pengo Cube 1kg","p":2.39,"u":"2,39 €/KG","img":"https://fd1-photos.leclercdrive.fr/image.ashx?id=2872508&use=l&cat=p&typeid=i","cat":285987},{"id":110000,"n":"Cornichons fins AMORA Bocal - 540g","p":3.85,"u":"7,13 €/KG","img":"https://fd1-photos.leclercdrive.fr/image.ashx?id=2672710&use=l&cat=p&typeid=i","cat":284458},{"id":110005,"n":"Repas bébé Blédichef 12 mois  Riz légumes poulet - 2x230g","p":3.29,"u":"7,15 €/KG","img":"https://fd1-photos.leclercdrive.fr/image.ashx?id=2361843&use=l&cat=p&typeid=i","cat":312237},{"id":110007,"n":"Tam Tam l'Original Saint-Michel - 275g","p":1.97,"u":"7,16 €/KG","img":"https://fd1-photos.leclercdrive.fr/image.ashx?id=2936239&use=l&cat=p&typeid=i","cat":284495},{"id":110009,"n":"Boisson végétale Bio Village Epeautre bio - 1l","p":1.9,"u":"1,90 €/L","img":"https://fd1-photos.leclercdrive.fr/image.ashx?id=2384935&use=l&cat=p&typeid=i","cat":316067},{"id":110022,"n":"Chien Medium/maxi Adulte One  Contrôle de poids - dinde 2.5kg","p":7.29,"u":"2,92 €/KG","img":"https://fd1-photos.leclercdrive.fr/image.ashx?id=2434494&use=l&cat=p&typeid=i","cat":284672},{"id":110027,"n":"Croquettes Chat bifensis One Stérilisé Contrôle poids 1.5kg","p":9.08,"u":"6,05 €/KG","img":"https://fd1-photos.leclercdrive.fr/image.ashx?id=2871142&use=l&cat=p&typeid=i","cat":284680},{"id":110048,"n":"Tendres effilés Chats Felix Encore plus de sauce 12x85g","p":4.69,"u":"4,60 €/KG","img":"https://fd1-photos.leclercdrive.fr/image.ashx?id=2957662&use=l&cat=p&typeid=i","cat":285286},{"id":110058,"n":"Crêpe fourrée Whaou Chocolat - x24 - 768g","p":4.15,"u":"5,40 €/KG","img":"https://fd1-photos.leclercdrive.fr/image.ashx?id=2955818&use=l&cat=p&typeid=i","cat":284494},{"id":110066,"n":"Mini Pizza Jambon Fromage Turini x9 - 270g","p":2.15,"u":"7,96 €/KG","img":"https://fd1-photos.leclercdrive.fr/image.ashx?id=1702044&use=l&cat=p&typeid=i","cat":319822},{"id":110089,"n":"Croquettes chat  One Nature stérilisé boeuf - 1.4kg","p":7.45,"u":"5,32 €/KG","img":"https://fd1-photos.leclercdrive.fr/image.ashx?id=2383907&use=l&cat=p&typeid=i","cat":284680},{"id":110095,"n":"Sauce chinoise 290g","p":1.79,"u":"6,17 €/KG","img":"https://fd1-photos.leclercdrive.fr/image.ashx?id=2458145&use=l&cat=p&typeid=i","cat":318431},{"id":110101,"n":"Huile d'olive vierge extra 1.5L","p":12.9,"u":"8,60 €/L","img":"https://fd1-photos.leclercdrive.fr/image.ashx?id=2898035&use=l&cat=p&typeid=i","cat":284453},{"id":110103,"n":"Huile d'olive vierge extra 25cl","p":2.89,"u":"11,56 €/L","img":"https://fd1-photos.leclercdrive.fr/image.ashx?id=2892349&use=l&cat=p&typeid=i","cat":284453},{"id":110121,"n":"Whisky Aberlour 10 ans Forest Single Malt Scotch 40% vol 70cl","p":25.13,"u":"35,90 €/L","img":"https://fd1-photos.leclercdrive.fr/image.ashx?id=3014871&use=l&cat=p&typeid=i","cat":284547},{"id":110130,"n":"Dessert lacté Bio Village Bio - Abricot 6-9 mois 4x100g","p":2.04,"u":"5,10 €/KG","img":"https://fd1-photos.leclercdrive.fr/image.ashx?id=2709752&use=l&cat=p&typeid=i","cat":312392},{"id":110133,"n":"Dessert lacté bio Bio Village Fraise brassé - 6-9 mois 4x100g","p":2.09,"u":"5,23 €/KG","img":"https://fd1-photos.leclercdrive.fr/image.ashx?id=2709755&use=l&cat=p&typeid=i","cat":312392},{"id":110143,"n":"Bol carotte bio Bio Village Pomme de terre saumon 2x200g","p":2.65,"u":"6,63 €/KG","img":"https://fd1-photos.leclercdrive.fr/image.ashx?id=2704765&use=l&cat=p&typeid=i","cat":312236},{"id":110147,"n":"Bol boulghour bio Bio Village Carotte Boeuf 12 mois 2x200g","p":2.69,"u":"6,73 €/KG","img":"https://fd1-photos.leclercdrive.fr/image.ashx?id=2704759&use=l&cat=p&typeid=i","cat":312237},{"id":110150,"n":"Bol légumes  Bio Village Bio Poulet - 8mois - 2x200g","p":2.49,"u":"6,23 €/KG","img":"https://fd1-photos.leclercdrive.fr/image.ashx?id=2704780&use=l&cat=p&typeid=i","cat":312236},{"id":110168,"n":"Jus De Pomme Sous le Pommier 1L","p":2.39,"u":"2,39 €/L","img":"https://fd1-photos.leclercdrive.fr/image.ashx?id=2768957&use=l&cat=p&typeid=i","cat":284522},{"id":110178,"n":"Radis ronds  Panier du Primeur - 250g","p":0.99,"u":"3,96 €/KG","img":"https://fd1-photos.leclercdrive.fr/image.ashx?id=3015114&use=l&cat=p&typeid=i","cat":284352},{"id":110280,"n":"Café moulu Le Menez Bré Le Tradition - 250g","p":4.45,"u":"17,80 €/KG","img":"https://fd1-photos.leclercdrive.fr/image.ashx?id=2890175&use=l&cat=p&typeid=i","cat":284750},{"id":110283,"n":"Farine de blé noir complète Moulin de l'Ecluse - 1kg","p":3.26,"u":"3,26 €/KG","img":"https://fd1-photos.leclercdrive.fr/image.ashx?id=2183586&use=l&cat=p&typeid=i","cat":284503},{"id":110284,"n":"Farine de blé noir complète Moulin de l'Ecluse - 500g","p":1.62,"u":"3,24 €/KG","img":"https://fd1-photos.leclercdrive.fr/image.ashx?id=2183583&use=l&cat=p&typeid=i","cat":284503},{"id":110285,"n":"Langue de bœuf Larzul Sauce piquante - 274g","p":5.24,"u":"19,12 €/KG","img":"https://fd1-photos.leclercdrive.fr/image.ashx?id=2838286&use=l&cat=p&typeid=i","cat":284441},{"id":110287,"n":"Langue de porc Larzul Sauce madère - 410g","p":4.61,"u":"11,24 €/KG","img":"https://fd1-photos.leclercdrive.fr/image.ashx?id=2529804&use=l&cat=p&typeid=i","cat":284441},{"id":110289,"n":"Madeleine pur beurre Le Glazik 280g","p":2.4,"u":"8,57 €/KG","img":"https://fd1-photos.leclercdrive.fr/image.ashx?id=2509406&use=l&cat=p&typeid=i","cat":284492},{"id":110293,"n":"Gâteau breton nature Le Glazik Pur beurre - 500g","p":4.87,"u":"9,74 €/KG","img":"https://fd1-photos.leclercdrive.fr/image.ashx?id=2509373&use=l&cat=p&typeid=i","cat":293600},{"id":110296,"n":"Café moulu Savina Brûlerie d'Ys - 250g","p":3.75,"u":"15,00 €/KG","img":"https://fd1-photos.leclercdrive.fr/image.ashx?id=1793661&use=l&cat=p&typeid=i","cat":284750},{"id":110297,"n":"Café moulu Savina Saveur Noire - 250g","p":3.89,"u":"15,56 €/KG","img":"https://fd1-photos.leclercdrive.fr/image.ashx?id=1866329&use=l&cat=p&typeid=i","cat":284750},{"id":110298,"n":"Café moulu Savina Le Merveilleux - 250g","p":6.2,"u":"24,80 €/KG","img":"https://fd1-photos.leclercdrive.fr/image.ashx?id=1793655&use=l&cat=p&typeid=i","cat":284750},{"id":110299,"n":"Café moulu Savina  Mexique Bio - 250g","p":4.98,"u":"19,92 €/KG","img":"https://fd1-photos.leclercdrive.fr/image.ashx?id=1866335&use=l&cat=p&typeid=i","cat":284750},{"id":110309,"n":"AOC Châteauneuf du Pape rouge Domaine Vieux Chemin - 75cl","p":19.9,"u":"26,53 €/L","img":"https://fd1-photos.leclercdrive.fr/image.ashx?id=1893031&use=l&cat=p&typeid=i","cat":289556},{"id":110311,"n":"AOC Grignan-les-Adhémar rouge Farfadet Vign.de l'enclave 75cl","p":2.86,"u":"3,81 €/L","img":"https://fd1-photos.leclercdrive.fr/image.ashx?id=1954490&use=l&cat=p&typeid=i","cat":289556},{"id":110323,"n":"Chardonnay Amour Bagatelle BIB 3L","p":12.5,"u":"4,17 €/L","img":"https://fd1-photos.leclercdrive.fr/image.ashx?id=2367805&use=l&cat=p&typeid=i","cat":289557},{"id":110327,"n":"IGP île de Beauté rosé BIB 3L","p":15.5,"u":"5,17 €/L","img":"https://fd1-photos.leclercdrive.fr/image.ashx?id=2549708&use=l&cat=p&typeid=i","cat":289560},{"id":110440,"n":"Viande hachée tradition Charal Prêt à cuisiner 5%mg - 500g","p":10.15,"u":"20,30 €/KG","img":"https://fd1-photos.leclercdrive.fr/image.ashx?id=2014385&use=l&cat=p&typeid=i","cat":284332},{"id":110509,"n":"boisson végétale lait d'amande non grillée sans sucre alpro-1l","p":2.49,"u":"2,49 €/L","img":"https://fd1-photos.leclercdrive.fr/image.ashx?id=2980085&use=l&cat=p&typeid=i","cat":316067},{"id":110511,"n":"AOC Saint Mont vin blanc - 13% Marquis de Seillan - sec - 75cl","p":4.99,"u":"6,65 €/L","img":"https://fd1-photos.leclercdrive.fr/image.ashx?id=2753985&use=l&cat=p&typeid=i","cat":289557},{"id":110512,"n":"AOP Saint Mont vin rosé  Marquis de Seillan - 75cl","p":4.99,"u":"6,65 €/L","img":"https://fd1-photos.leclercdrive.fr/image.ashx?id=2968877&use=l&cat=p&typeid=i","cat":289558},{"id":110538,"n":"AOP Gaillac Vin rouge St Michel grande réserve - 75cl","p":5.83,"u":"7,77 €/L","img":"https://fd1-photos.leclercdrive.fr/image.ashx?id=2548885&use=l&cat=p&typeid=i","cat":289556},{"id":110556,"n":"Jus innocent plus  infatigableu 750ml","p":2.66,"u":"3,55 €/L","img":"https://fd1-photos.leclercdrive.fr/image.ashx?id=2862874&use=l&cat=p&typeid=i","cat":285435},{"id":110566,"n":"Crème dépilatoire Veet Men Corps Peaux Sensibles 200ml","p":4.06,"u":"20,30 €/L","img":"https://fd1-photos.leclercdrive.fr/image.ashx?id=2965689&use=l&cat=p&typeid=i","cat":284617},{"id":110568,"n":"Gel Lubrifiant Intime Durex Naturel Confort Base Eau 100ml","p":5.99,"u":"59,90 €/L","img":"https://fd1-photos.leclercdrive.fr/image.ashx?id=2960687&use=l&cat=p&typeid=i","cat":285160},{"id":110575,"n":"Dentifrice Bionaïa Coco Aloe Vera bio - 75ml","p":1.99,"u":"26,53 €/L","img":"https://fd1-photos.leclercdrive.fr/image.ashx?id=2529549&use=l&cat=p&typeid=i","cat":284612},{"id":110595,"n":"Gel Lave-Vaisselle Sun Tout-en-1 Expert Plus 52 Lavage","p":7.9,"u":"8,78 €/L","img":"https://fd1-photos.leclercdrive.fr/image.ashx?id=2835580&use=l&cat=p&typeid=i","cat":284656},{"id":110596,"n":"Poudre Lave Vaisselle Sun Classique 90 Lavages","p":8.28,"u":"2,91 €/KG","img":"https://fd1-photos.leclercdrive.fr/image.ashx?id=2866172&use=l&cat=p&typeid=i","cat":284656},{"id":110653,"n":"Carafon sans bouchon Luminarc 0,5L - 1 pièce","p":2.49,"img":"https://fd1-photos.leclercdrive.fr/image.ashx?id=2324429&use=l&cat=p&typeid=i","cat":334134},{"id":110676,"n":"Riz cuisine Bio Village Fluide bio - 3x20cl","p":2.49,"u":"4,15 €/KG","img":"https://fd1-photos.leclercdrive.fr/image.ashx?id=2717260&use=l&cat=p&typeid=i","cat":288381},{"id":110708,"n":"Beurre Les Croisés Demi-sel - 80% MG - 250g","p":2.49,"u":"9,96 €/KG","img":"https://fd1-photos.leclercdrive.fr/image.ashx?id=2778084&use=l&cat=p&typeid=i","cat":284379},{"id":110772,"n":"Gobelet gigogne Duralex Transparent 16cl - x4","p":2.6,"img":"https://fd1-photos.leclercdrive.fr/image.ashx?id=1753667&use=l&cat=p&typeid=i","cat":334134},{"id":110773,"n":"Gobelet Picardie Duralex Transparent 16cl - x4","p":3.6,"u":"0,90 €/P","img":"https://fd1-photos.leclercdrive.fr/image.ashx?id=2921340&use=l&cat=p&typeid=i","cat":334134},{"id":110827,"n":"Jus pour bébé Naturnes Bio Pomme mangue 6M+ 20cl","p":0.83,"u":"4,15 €/L","img":"https://fd1-photos.leclercdrive.fr/image.ashx?id=2406235&use=l&cat=p&typeid=i","cat":312388},{"id":110835,"n":"Verre à pied Borgonovo 19cl London - 1 pièce","p":0.95,"img":"https://fd1-photos.leclercdrive.fr/image.ashx?id=1878122&use=l&cat=p&typeid=i","cat":334134},{"id":110847,"n":"Huile végétale So'Bio Etic Coco bio - 50ml","p":4.09,"u":"81,80 €/L","img":"https://fd1-photos.leclercdrive.fr/image.ashx?id=2827959&use=l&cat=p&typeid=i","cat":325349},{"id":110849,"n":"Dentifrice Bionaïa Charbon bio - 75ml","p":1.99,"u":"26,53 €/L","img":"https://fd1-photos.leclercdrive.fr/image.ashx?id=2529546&use=l&cat=p&typeid=i","cat":284612},{"id":110856,"n":"Pack bières blondes 8.6 8.6%vol - 4x50cl","p":5.15,"u":"2,58 €/L","img":"https://fd1-photos.leclercdrive.fr/image.ashx?id=2841601&use=l&cat=p&typeid=i","cat":334853},{"id":110858,"n":"Jus pour bébé Naturnes 6 mois Poire Banane Bio - 200ml","p":0.95,"u":"4,75 €/L","img":"https://fd1-photos.leclercdrive.fr/image.ashx?id=2406238&use=l&cat=p&typeid=i","cat":312388},{"id":110860,"n":"Petit pot légumes  Babybio Bio  4 mois 2x130g","p":2.19,"u":"8,42 €/KG","img":"https://fd1-photos.leclercdrive.fr/image.ashx?id=2857341&use=l&cat=p&typeid=i","cat":312234},{"id":110882,"n":"Compote bébé Babybio  6mois Bio Pomme Banane Lait  Coco 260g","p":1.85,"u":"7,12 €/KG","img":"https://fd1-photos.leclercdrive.fr/image.ashx?id=2827515&use=l&cat=p&typeid=i","cat":312388},{"id":110926,"n":"Crème cerises Giffard 16%vol - 50cl","p":5.5,"pp":4.95,"u":"9,90 €/L","img":"https://fd1-photos.leclercdrive.fr/image.ashx?id=2219666&use=l&cat=p&typeid=i","cat":286032},{"id":110927,"n":"Crème fraise des bois Giffard 16%vol - 50cl","p":5.5,"pp":4.95,"u":"9,90 €/L","img":"https://fd1-photos.leclercdrive.fr/image.ashx?id=2219663&use=l&cat=p&typeid=i","cat":286032},{"id":111085,"n":"Gourde bébé bio Babybio kiwi, Mangue, Coco 6 mois 360g","p":3.79,"u":"10,53 €/KG","img":"https://fd1-photos.leclercdrive.fr/image.ashx?id=2858237&use=l&cat=p&typeid=i","cat":312393},{"id":111207,"n":"Jenlain ambrée 75cl","p":2.76,"u":"3,68 €/L","img":"https://fd1-photos.leclercdrive.fr/image.ashx?id=2732848&use=l&cat=p&typeid=i","cat":334852},{"id":111211,"n":"Pain de mie La Boulangère Seigle graines - 500g","p":1.53,"u":"3,06 €/KG","img":"https://fd1-photos.leclercdrive.fr/image.ashx?id=2912425&use=l&cat=p&typeid=i","cat":284477},{"id":111385,"n":"Croquette chat stérilisé Ultima Boeuf - 1.5kg","p":6.72,"u":"4,48 €/KG","img":"https://fd1-photos.leclercdrive.fr/image.ashx?id=2921903&use=l&cat=p&typeid=i","cat":284680},{"id":111414,"n":"Repas bébé Blédichef 12 mois  Spaghetti bolognaise - 230g","p":1.73,"u":"7,52 €/KG","img":"https://fd1-photos.leclercdrive.fr/image.ashx?id=2643491&use=l&cat=p&typeid=i","cat":312237},{"id":111415,"n":"Repas bébé Blédichef 12 mois Purée épinards saumon - 230g","p":1.66,"u":"6,64 €/KG","img":"https://fd1-photos.leclercdrive.fr/image.ashx?id=1710731&use=l&cat=p&typeid=i","cat":312237},{"id":111418,"n":"Repas bébé Blédichef 15 mois Risotto courgette saumon - 250g","p":1.95,"u":"7,80 €/KG","img":"https://fd1-photos.leclercdrive.fr/image.ashx?id=2643488&use=l&cat=p&typeid=i","cat":312238},{"id":111419,"n":"Repas bébé Blédichef 24 mois  Macaroni carotte boeuf - 250g","p":1.93,"u":"7,72 €/KG","img":"https://fd1-photos.leclercdrive.fr/image.ashx?id=2951593&use=l&cat=p&typeid=i","cat":312238},{"id":111423,"n":"Compotes Materne Coupelles  Multivariétés Jaunes - 12x100g","p":4.39,"u":"3,66 €/KG","img":"https://fd1-photos.leclercdrive.fr/image.ashx?id=3012191&use=l&cat=p&typeid=i","cat":284508},{"id":111424,"n":"Repas bébé Blédichef 12 mois  Hachis parmentier - 230g","p":1.65,"u":"7,17 €/KG","img":"https://fd1-photos.leclercdrive.fr/image.ashx?id=2478571&use=l&cat=p&typeid=i","cat":312237},{"id":111425,"n":"Chips lentilles Vico Fines herbes - 85g","p":1.56,"u":"18,35 €/KG","img":"https://fd1-photos.leclercdrive.fr/image.ashx?id=3000096&use=l&cat=p&typeid=i","cat":284447},{"id":111426,"n":"Chips lentille Vico Tomate mozzarella - 85g","p":1.75,"u":"20,59 €/KG","img":"https://fd1-photos.leclercdrive.fr/image.ashx?id=2989255&use=l&cat=p&typeid=i","cat":284447},{"id":111428,"n":"Thé vert citron vert Twinings Gingembre - 20 sachets - 32g","p":2.84,"u":"88,75 €/KG","img":"https://fd1-photos.leclercdrive.fr/image.ashx?id=2893042&use=l&cat=p&typeid=i","cat":293233},{"id":111430,"n":"Compotes Materne Coupelles  Multivariétés Rouges - 12x100g","p":4.36,"u":"3,63 €/KG","img":"https://fd1-photos.leclercdrive.fr/image.ashx?id=3010870&use=l&cat=p&typeid=i","cat":284508},{"id":111432,"n":"Plat bébé soir Blédichef 15mois Pomme de terre chou fleur -250g","p":1.87,"u":"7,48 €/KG","img":"https://fd1-photos.leclercdrive.fr/image.ashx?id=2479018&use=l&cat=p&typeid=i","cat":312239},{"id":111433,"n":"Repas bébé Blédichef 18 mois  Paëlla - 250g","p":1.69,"u":"6,76 €/KG","img":"https://fd1-photos.leclercdrive.fr/image.ashx?id=2951587&use=l&cat=p&typeid=i","cat":312238},{"id":111435,"n":"Repas bébé Blédichef 18 mois  Ratatouille poulet - 250g","p":1.91,"u":"7,64 €/KG","img":"https://fd1-photos.leclercdrive.fr/image.ashx?id=2951596&use=l&cat=p&typeid=i","cat":312238},{"id":111454,"n":"Céréales Babybio Bio Dès 6 mois Céréales 3 fruits - 220g","p":3.96,"u":"18,00 €/KG","img":"https://fd1-photos.leclercdrive.fr/image.ashx?id=2837754&use=l&cat=p&typeid=i","cat":312225},{"id":111462,"n":"Thé vert Sencha Bio Pages 20 sachets - 36g","p":2.09,"u":"58,06 €/KG","img":"https://fd1-photos.leclercdrive.fr/image.ashx?id=2751093&use=l&cat=p&typeid=i","cat":293233},{"id":111587,"n":"Café dosettes Tassimo L'Or XL Classique x16","p":4.8,"u":"35,29 €/KG","img":"https://fd1-photos.leclercdrive.fr/image.ashx?id=2100308&use=l&cat=p&typeid=i","cat":293240},{"id":111588,"n":"Café moulu Lobodis Caraïbes Bio - 250g","p":5.62,"u":"22,48 €/KG","img":"https://fd1-photos.leclercdrive.fr/image.ashx?id=2492698&use=l&cat=p&typeid=i","cat":284750},{"id":111590,"n":"Capsules café L'Or Espresso Lungo Mattinata N°5 x10","p":3.45,"u":"66,35 €/KG","img":"https://fd1-photos.leclercdrive.fr/image.ashx?id=3002309&use=l&cat=p&typeid=i","cat":284749},{"id":111641,"n":"Pur jus d'ananas Bio Village Bio - 6x20cl","p":4.98,"u":"4,15 €/L","img":"https://fd1-photos.leclercdrive.fr/image.ashx?id=2595052&use=l&cat=p&typeid=i","cat":284916},{"id":111695,"n":"Boisson lactée  Bio Candy'UP Chocolat - 4x20cl","p":2.21,"u":"2,76 €/L","img":"https://fd1-photos.leclercdrive.fr/image.ashx?id=1984945&use=l&cat=p&typeid=i","cat":295246},{"id":111709,"n":"Aiguillettes de poulet blanc 1kg","p":10.46,"u":"10,46 €/KG","img":"https://fd1-photos.leclercdrive.fr/image.ashx?id=2831981&use=l&cat=p&typeid=i","cat":284336},{"id":111749,"n":"Dés de fromage aux noix Petit Marché - 120g","p":2.77,"u":"23,08 €/KG","img":"https://fd1-photos.leclercdrive.fr/image.ashx?id=2511558&use=l&cat=p&typeid=i","cat":314027},{"id":111785,"n":"Soda Pepsi Cola cerise sans sucres - 1.5L","p":1.64,"u":"1,09 €/L","img":"https://fd1-photos.leclercdrive.fr/image.ashx?id=2734924&use=l&cat=p&typeid=i","cat":284530},{"id":111832,"n":"Lotion Eau Précieuse 375ml","p":9.58,"u":"25,55 €/L","img":"https://fd1-photos.leclercdrive.fr/image.ashx?id=2057251&use=l&cat=p&typeid=i","cat":301587},{"id":111895,"n":"Coloration Perfect Mousse Schwarzkopf - 500 châtain","p":6.89,"img":"https://fd1-photos.leclercdrive.fr/image.ashx?id=2970882&use=l&cat=p&typeid=i","cat":288899},{"id":111896,"n":"Coloration Perfect Mousse Schwarzkopf - 200 noir","p":6.33,"img":"https://fd1-photos.leclercdrive.fr/image.ashx?id=2970885&use=l&cat=p&typeid=i","cat":288899},{"id":111899,"n":"Coloration Perfect Mousse Schwarzkopf - 465 châtain choco","p":6.89,"img":"https://fd1-photos.leclercdrive.fr/image.ashx?id=2921555&use=l&cat=p&typeid=i","cat":288899},{"id":111900,"n":"Coloration Permanente Olia 4.0 Chatain Pur sans ammoniaque","p":8.04,"img":"https://fd1-photos.leclercdrive.fr/image.ashx?id=2471319&use=l&cat=p&typeid=i","cat":288899},{"id":111901,"n":"Coloration Permanente Olia 4.15 Marron Glacé","p":8.39,"img":"https://fd1-photos.leclercdrive.fr/image.ashx?id=2471322&use=l&cat=p&typeid=i","cat":288899},{"id":111902,"n":"Coloration Permanente Olia 5.0 Chatain Clair","p":8.32,"img":"https://fd1-photos.leclercdrive.fr/image.ashx?id=2471325&use=l&cat=p&typeid=i","cat":288899},{"id":111906,"n":"Déodorant compressé Ushuaïa Grenade - 100ml","p":3.45,"u":"34,50 €/L","img":"https://fd1-photos.leclercdrive.fr/image.ashx?id=2474608&use=l&cat=p&typeid=i","cat":284595},{"id":111907,"n":"Déodorant compressé Ushuaïa Fleur d'Oranger - 100ml","p":3.45,"u":"34,50 €/L","img":"https://fd1-photos.leclercdrive.fr/image.ashx?id=2474614&use=l&cat=p&typeid=i","cat":284595},{"id":111908,"n":"Huile d'amande douce Primoplast 100ml","p":3.25,"u":"32,50 €/L","img":"https://fd1-photos.leclercdrive.fr/image.ashx?id=2856576&use=l&cat=p&typeid=i","cat":284630},{"id":111910,"n":"Gommage tube Manava 150ml","p":1.99,"u":"13,27 €/L","img":"https://fd1-photos.leclercdrive.fr/image.ashx?id=2515691&use=l&cat=p&typeid=i","cat":284594},{"id":111911,"n":"Crème anti-rides Bionaïa Bio - 50ml","p":5.59,"u":"111,80 €/L","img":"https://fd1-photos.leclercdrive.fr/image.ashx?id=2436702&use=l&cat=p&typeid=i","cat":325345},{"id":111914,"n":"Bière ambrée Grimbergen 6,5° - 12x25cl","p":10.01,"u":"3,34 €/L","img":"https://fd1-photos.leclercdrive.fr/image.ashx?id=2294378&use=l&cat=p&typeid=i","cat":334852},{"id":111938,"n":"Bière blonde Affligem  Sans alcool - 6x25cl","p":4.99,"u":"3,33 €/L","img":"https://fd1-photos.leclercdrive.fr/image.ashx?id=2979695&use=l&cat=p&typeid=i","cat":334877},{"id":111957,"n":"Baguette La Tradi Breizh 250g","p":1.1,"u":"4,40 €/KG","img":"https://fd1-photos.leclercdrive.fr/image.ashx?id=2062867&use=l&cat=p&typeid=i","cat":284359},{"id":111987,"n":"Repas bébé Blédichef 18 mois  Pâtes boeuf bourguignon - 250g","p":1.83,"u":"7,32 €/KG","img":"https://fd1-photos.leclercdrive.fr/image.ashx?id=2643746&use=l&cat=p&typeid=i","cat":312238},{"id":111988,"n":"Plat bébé soir Blédichef 18mois Pâtes carotte - 250g","p":1.69,"u":"6,76 €/KG","img":"https://fd1-photos.leclercdrive.fr/image.ashx?id=2479024&use=l&cat=p&typeid=i","cat":312239},{"id":111989,"n":"Plat bébé soir Blédichef 12mois Semoule carotte - 230g","p":1.82,"u":"7,91 €/KG","img":"https://fd1-photos.leclercdrive.fr/image.ashx?id=2852363&use=l&cat=p&typeid=i","cat":312239},{"id":111990,"n":"Plat bébé soir Blédichef 18mois Pâtes épinards carotte - 250g","p":1.87,"u":"7,48 €/KG","img":"https://fd1-photos.leclercdrive.fr/image.ashx?id=2479027&use=l&cat=p&typeid=i","cat":312239},{"id":111991,"n":"Repas bébé Blédichef 18 mois  Légumes volaille basquaise-250g","p":1.94,"u":"7,76 €/KG","img":"https://fd1-photos.leclercdrive.fr/image.ashx?id=2852369&use=l&cat=p&typeid=i","cat":312238},{"id":112013,"n":"Yaourt  Malo Fraise Bio - 4x125g","p":2.45,"u":"4,90 €/KG","img":"https://fd1-photos.leclercdrive.fr/image.ashx?id=2908624&use=l&cat=p&typeid=i","cat":286006},{"id":112026,"n":"Fromage Saint Félicien Dauphine NRT - 180g","p":2.65,"u":"14,72 €/KG","img":"https://fd1-photos.leclercdrive.fr/image.ashx?id=2600617&use=l&cat=p&typeid=i","cat":329558},{"id":112070,"n":"Galettes bio St Michel Au bon beurre - 130g","p":1.24,"u":"9,54 €/KG","img":"https://fd1-photos.leclercdrive.fr/image.ashx?id=2936236&use=l&cat=p&typeid=i","cat":284487},{"id":112125,"n":"Crème nutritive nuit So'bio Précieux Argan bio  - 50ml","p":11.02,"u":"220,40 €/L","img":"https://fd1-photos.leclercdrive.fr/image.ashx?id=2990715&use=l&cat=p&typeid=i","cat":325345},{"id":112126,"n":"Crème rose jour So'Bio Etic Précieux Argan bio - 50ml","p":11.02,"u":"220,40 €/L","img":"https://fd1-photos.leclercdrive.fr/image.ashx?id=2792687&use=l&cat=p&typeid=i","cat":325345},{"id":112153,"n":"Planta Fin Cuisson 79%MG - 500ml","p":2.13,"u":"4,26 €/L","img":"https://fd1-photos.leclercdrive.fr/image.ashx?id=2793083&use=l&cat=p&typeid=i","cat":315229},{"id":112167,"n":"Compote allégée Breizh Pom Pomme poire - 4x90g","p":2.03,"u":"5,64 €/KG","img":"https://fd1-photos.leclercdrive.fr/image.ashx?id=2654360&use=l&cat=p&typeid=i","cat":284508},{"id":112169,"n":"Compote allégée Breizh Pom Pomme poire - 4x100g","p":1.96,"u":"4,90 €/KG","img":"https://fd1-photos.leclercdrive.fr/image.ashx?id=2653687&use=l&cat=p&typeid=i","cat":284508},{"id":112210,"n":"Bière blonde Affligem 6x25cl","p":5.29,"u":"3,53 €/L","img":"https://fd1-photos.leclercdrive.fr/image.ashx?id=2530323&use=l&cat=p&typeid=i","cat":334852},{"id":112291,"n":"Yaourt protéiné Hipro Myrtille 0%mg - 2x160g","p":2.02,"u":"6,31 €/KG","img":"https://fd1-photos.leclercdrive.fr/image.ashx?id=2800285&use=l&cat=p&typeid=i","cat":315000},{"id":112292,"n":"Yaourt protéiné Hipro Citron 0%mg - 2x160g","p":2.02,"u":"6,31 €/KG","img":"https://fd1-photos.leclercdrive.fr/image.ashx?id=2945415&use=l&cat=p&typeid=i","cat":315000},{"id":112293,"n":"Yaourt à boire protéiné Hipro Vanille cookie 0%mg - 300g","p":1.92,"u":"6,40 €/KG","img":"https://fd1-photos.leclercdrive.fr/image.ashx?id=2329753&use=l&cat=p&typeid=i","cat":315000},{"id":112294,"n":"Yaourt à boire protéiné Hipro Fraise framboise 0%mg - 300g","p":2.04,"u":"6,80 €/KG","img":"https://fd1-photos.leclercdrive.fr/image.ashx?id=2806060&use=l&cat=p&typeid=i","cat":315000},{"id":112330,"n":"Sauce soja sucre Kikkoman Carafe - 150ml","p":3.59,"u":"23,93 €/L","img":"https://fd1-photos.leclercdrive.fr/image.ashx?id=2536293&use=l&cat=p&typeid=i","cat":288992},{"id":112412,"n":"Huile OPTIMA Tramier  Biologique 1l","p":6.15,"u":"6,15 €/L","img":"https://fd1-photos.leclercdrive.fr/image.ashx?id=2890472&use=l&cat=p&typeid=i","cat":284453},{"id":112414,"n":"Potatoes épices douces McCain Original Potatoes - 780g","p":2.69,"u":"3,45 €/KG","img":"https://fd1-photos.leclercdrive.fr/image.ashx?id=2737915&use=l&cat=p&typeid=i","cat":319791},{"id":112471,"n":"Mousse Danette  Chocolat - 4x60g","p":1.69,"u":"7,04 €/KG","img":"https://fd1-photos.leclercdrive.fr/image.ashx?id=2964923&use=l&cat=p&typeid=i","cat":284417},{"id":112503,"n":"Baume de nuit La Provençale Bio Anti-Âge regénérant - 50ml","p":8.52,"u":"170,40 €/L","img":"https://fd1-photos.leclercdrive.fr/image.ashx?id=2950360&use=l&cat=p&typeid=i","cat":325345},{"id":112556,"n":"Oignon rouge Bio  Bio Village - 500g","p":2.49,"u":"4,98 €/KG","img":"https://fd1-photos.leclercdrive.fr/image.ashx?id=2922460&use=l&cat=p&typeid=i","cat":284352},{"id":112557,"n":"Gnocchi à poêler Lustucru Fromage - 2x300g+ 300g offerts","p":3.19,"u":"3,54 €/KG","img":"https://fd1-photos.leclercdrive.fr/image.ashx?id=2192398&use=l&cat=p&typeid=i","cat":333682},{"id":112583,"n":"Biscuits Milka Chocolat au lait - 150g","p":2.29,"u":"15,27 €/KG","img":"https://fd1-photos.leclercdrive.fr/image.ashx?id=2347326&use=l&cat=p&typeid=i","cat":284488},{"id":112621,"n":"Riz au lait La Laitière Vanille - 4x115g","p":1.59,"u":"3,46 €/KG","img":"https://fd1-photos.leclercdrive.fr/image.ashx?id=2661151&use=l&cat=p&typeid=i","cat":284418},{"id":112623,"n":"Riz au lait La Laitière Vanille - 8x115g","p":2.79,"u":"3,03 €/KG","img":"https://fd1-photos.leclercdrive.fr/image.ashx?id=2610783&use=l&cat=p&typeid=i","cat":284418},{"id":112624,"n":"Semoule au lait La Laitière Vanille - 4x115g","p":1.65,"u":"3,59 €/KG","img":"https://fd1-photos.leclercdrive.fr/image.ashx?id=2654578&use=l&cat=p&typeid=i","cat":284418},{"id":112695,"n":"Gianduiotti chocolat Novi 160g","p":4.59,"u":"28,69 €/KG","img":"https://fd1-photos.leclercdrive.fr/image.ashx?id=2615155&use=l&cat=p&typeid=i","cat":327595},{"id":112699,"n":"yaourt bifidus activia muesli framboise chia - 170g","p":1.76,"u":"10,35 €/KG","img":"https://fd1-photos.leclercdrive.fr/image.ashx?id=2965888&use=l&cat=p&typeid=i","cat":315000},{"id":112761,"n":"Kid Smile McCain 850g","p":2.65,"u":"3,12 €/KG","img":"https://fd1-photos.leclercdrive.fr/image.ashx?id=2745802&use=l&cat=p&typeid=i","cat":319792},{"id":112764,"n":"Potatoes aux herbes McCain Country Potatoes - 780g","p":2.64,"u":"3,38 €/KG","img":"https://fd1-photos.leclercdrive.fr/image.ashx?id=2973342&use=l&cat=p&typeid=i","cat":319791},{"id":112806,"n":"Soupe Liquide Liebig  10 Légumes & Crème fraiche - 1L","p":2.21,"u":"2,21 €/L","img":"https://fd1-photos.leclercdrive.fr/image.ashx?id=2941484&use=l&cat=p&typeid=i","cat":284462},{"id":112807,"n":"Soupe liquide Liebig  Légumes et vermicelles - 2x30cl","p":1.82,"u":"3,03 €/L","img":"https://fd1-photos.leclercdrive.fr/image.ashx?id=2164075&use=l&cat=p&typeid=i","cat":284462},{"id":112808,"n":"Soupe liquide Liebig légumes Et vermicelles - Brique 1L","p":2.08,"u":"2,08 €/L","img":"https://fd1-photos.leclercdrive.fr/image.ashx?id=2892142&use=l&cat=p&typeid=i","cat":284462},{"id":112877,"n":"Fabulus potium Dès 8 ans - Made in france","p":21.0,"img":"https://fd1-photos.leclercdrive.fr/image.ashx?id=1854908&use=l&cat=p&typeid=i","cat":334378},{"id":112897,"n":"Twister Dès 6 ans","p":14.8,"img":"https://fd1-photos.leclercdrive.fr/image.ashx?id=2600797&use=l&cat=p&typeid=i","cat":334378},{"id":112898,"n":"Triominos junior Dès 5 ans","p":19.8,"img":"https://fd1-photos.leclercdrive.fr/image.ashx?id=2728855&use=l&cat=p&typeid=i","cat":334378},{"id":113052,"n":"Confiture Bonne Maman Cerise intense - 335g","p":2.49,"u":"7,43 €/KG","img":"https://fd1-photos.leclercdrive.fr/image.ashx?id=2341023&use=l&cat=p&typeid=i","cat":284480},{"id":113058,"n":"AOC Côtes du Rhône ss sulfites rouge Rives & Terrasses - 75cl","p":3.99,"u":"5,32 €/L","img":"https://fd1-photos.leclercdrive.fr/image.ashx?id=2846189&use=l&cat=p&typeid=i","cat":289556},{"id":113108,"n":"Tartine Grilletine de Pasquier Froment - x18 - 242g","p":1.64,"u":"6,78 €/KG","img":"https://fd1-photos.leclercdrive.fr/image.ashx?id=2333060&use=l&cat=p&typeid=i","cat":284479},{"id":113110,"n":"Tartine Grilletine de Pasquier Blé complet - x18 - 242g","p":1.61,"u":"6,65 €/KG","img":"https://fd1-photos.leclercdrive.fr/image.ashx?id=2333063&use=l&cat=p&typeid=i","cat":284479},{"id":113127,"n":"Groseilles Panier du Primeur 125g","p":2.89,"u":"23,12 €/KG","img":"https://fd1-photos.leclercdrive.fr/image.ashx?id=2365487&use=l&cat=p&typeid=i","cat":284356},{"id":113128,"n":"Mûre Panier du Primeur 125g","p":3.49,"u":"27,92 €/KG","img":"https://fd1-photos.leclercdrive.fr/image.ashx?id=2365490&use=l&cat=p&typeid=i","cat":284356},{"id":113202,"n":"Neufchâtel AOP Coeur de Bray 200g","p":3.5,"u":"17,50 €/KG","img":"https://fd1-photos.leclercdrive.fr/image.ashx?id=1734202&use=l&cat=p&typeid=i","cat":329558},{"id":113292,"n":"Boisson énergisante Monster Energy Punch Pipeline - 50CL","p":1.53,"u":"3,06 €/L","img":"https://fd1-photos.leclercdrive.fr/image.ashx?id=2207436&use=l&cat=p&typeid=i","cat":284533},{"id":113503,"n":"AOP Saint-Emilion Grand Cru Côtes Rocheuses - 75cl","p":14.9,"pp":11.9,"u":"15,87 €/L","img":"https://fd1-photos.leclercdrive.fr/image.ashx?id=2921115&use=l&cat=p&typeid=i","cat":289556},{"id":113558,"n":"Compotes Pom'Potes Gourdes  5 Fruits Exotiques - 4x90g","p":2.12,"u":"5,89 €/KG","img":"https://fd1-photos.leclercdrive.fr/image.ashx?id=2990424&use=l&cat=p&typeid=i","cat":284508},{"id":113654,"n":"Xtrem Box Sodebo Radiatori Bœuf Poivre - 400g","p":3.5,"u":"8,75 €/KG","img":"https://fd1-photos.leclercdrive.fr/image.ashx?id=2643998&use=l&cat=p&typeid=i","cat":334983},{"id":113680,"n":"Brioche tressée Nature Harrys Sucre perlé sans additif - 500g","p":2.8,"u":"5,60 €/KG","img":"https://fd1-photos.leclercdrive.fr/image.ashx?id=2503013&use=l&cat=p&typeid=i","cat":284478},{"id":113686,"n":"Tablette de chocolat noir Lindt Citron Gingembre - 100g","p":2.46,"u":"24,60 €/KG","img":"https://fd1-photos.leclercdrive.fr/image.ashx?id=2956996&use=l&cat=p&typeid=i","cat":284956},{"id":113709,"n":"Crème dessert La Laitière Pot de crème caramel - 4x100g","p":2.33,"u":"5,83 €/KG","img":"https://fd1-photos.leclercdrive.fr/image.ashx?id=2849683&use=l&cat=p&typeid=i","cat":285041},{"id":113716,"n":"Saumon fumé Norvège Delpierre 6 tranches - 180g","p":8.85,"u":"49,17 €/KG","img":"https://fd1-photos.leclercdrive.fr/image.ashx?id=2921465&use=l&cat=p&typeid=i","cat":285188},{"id":113717,"n":"Saumon fumé d'Ecosse Delpierre 6 tranches - 180g","p":8.85,"u":"49,17 €/KG","img":"https://fd1-photos.leclercdrive.fr/image.ashx?id=2921471&use=l&cat=p&typeid=i","cat":285188},{"id":113754,"n":"Crème fraîche Yoplait Légère -12% matière grasse 450g","p":1.45,"u":"3,22 €/KG","img":"https://fd1-photos.leclercdrive.fr/image.ashx?id=2811032&use=l&cat=p&typeid=i","cat":284381},{"id":113756,"n":"Fromage blanc Calin Nature - 3,2%MG - 1kg","p":2.66,"u":"2,66 €/KG","img":"https://fd1-photos.leclercdrive.fr/image.ashx?id=2973727&use=l&cat=p&typeid=i","cat":284409},{"id":113773,"n":"Tagliatelle Gayelord Hauser Sans rinçage, Konjac - 160g","p":1.9,"u":"11,88 €/KG","img":"https://fd1-photos.leclercdrive.fr/image.ashx?id=2827086&use=l&cat=p&typeid=i","cat":318652},{"id":113774,"n":"Assiette riz Bio Village Bio Légumes vert  12 mois 230g","p":1.45,"u":"6,30 €/KG","img":"https://fd1-photos.leclercdrive.fr/image.ashx?id=2900205&use=l&cat=p&typeid=i","cat":312237},{"id":113777,"n":"Assiette Bio Village Carotte pâtes 18 mois bio 260g","p":1.85,"u":"7,12 €/KG","img":"https://fd1-photos.leclercdrive.fr/image.ashx?id=2900214&use=l&cat=p&typeid=i","cat":312238},{"id":113779,"n":"Assiette bio Bio Village Haricot vert dinde 12 mois 230g","p":1.45,"u":"6,30 €/KG","img":"https://fd1-photos.leclercdrive.fr/image.ashx?id=2900217&use=l&cat=p&typeid=i","cat":312237},{"id":113783,"n":"Assiette bio Bio Village Hachis parmentier 12 mois 230g","p":1.45,"u":"6,30 €/KG","img":"https://fd1-photos.leclercdrive.fr/image.ashx?id=2900220&use=l&cat=p&typeid=i","cat":312237},{"id":113785,"n":"Assiette bio Bio Village Légumes saumon riz 15 mois 250g","p":1.85,"u":"7,40 €/KG","img":"https://fd1-photos.leclercdrive.fr/image.ashx?id=2900223&use=l&cat=p&typeid=i","cat":312238},{"id":113786,"n":"Assiette Tajine Bio Village Bio  15 mois 250g","p":1.85,"u":"7,40 €/KG","img":"https://fd1-photos.leclercdrive.fr/image.ashx?id=2878756&use=l&cat=p&typeid=i","cat":312238},{"id":113789,"n":"Assiette bio Bio Village Pot au feu - 18 mois - 260g","p":1.89,"u":"7,27 €/KG","img":"https://fd1-photos.leclercdrive.fr/image.ashx?id=2900235&use=l&cat=p&typeid=i","cat":312238},{"id":113790,"n":"Assiette 12 mois Bio Village Spaghetti bolognaise bio - 230g","p":1.59,"u":"6,91 €/KG","img":"https://fd1-photos.leclercdrive.fr/image.ashx?id=2900238&use=l&cat=p&typeid=i","cat":312237},{"id":113792,"n":"Assiette bio 15mois Bio Village Legumes volaille basquaise 250g","p":1.79,"u":"7,16 €/KG","img":"https://fd1-photos.leclercdrive.fr/image.ashx?id=2900244&use=l&cat=p&typeid=i","cat":312238},{"id":113793,"n":"Assiette bio Bio Village Carotte boeuf pdt 15mois 250g","p":1.85,"u":"7,40 €/KG","img":"https://fd1-photos.leclercdrive.fr/image.ashx?id=2900241&use=l&cat=p&typeid=i","cat":312238},{"id":113794,"n":"Assiette bio Bio Village Tomate aubergine 18 mois 260g","p":1.85,"u":"7,12 €/KG","img":"https://fd1-photos.leclercdrive.fr/image.ashx?id=2900247&use=l&cat=p&typeid=i","cat":312238},{"id":113803,"n":"IGP Terres du midi vin rosé  Prieur Barsanne 12% vol - 75cl","p":2.99,"u":"3,99 €/L","img":"https://fd1-photos.leclercdrive.fr/image.ashx?id=2905925&use=l&cat=p&typeid=i","cat":289558},{"id":113805,"n":"IGP Terres du midi vin rosé  Prieur Barsanne 12% vol BIB 3L","p":7.99,"u":"2,66 €/L","img":"https://fd1-photos.leclercdrive.fr/image.ashx?id=2884264&use=l&cat=p&typeid=i","cat":289560},{"id":113808,"n":"Crème dessert La Laitière Pot de crème vanille - 4x100g","p":2.2,"u":"5,50 €/KG","img":"https://fd1-photos.leclercdrive.fr/image.ashx?id=2875969&use=l&cat=p&typeid=i","cat":285041},{"id":113811,"n":"Crème dessert La Laitière Pot de crème chocolat - 4x100g","p":2.23,"u":"5,58 €/KG","img":"https://fd1-photos.leclercdrive.fr/image.ashx?id=2875966&use=l&cat=p&typeid=i","cat":285041},{"id":113813,"n":"Crème dessert La Laitière Pot de crème café - 4x100g","p":2.37,"u":"5,93 €/KG","img":"https://fd1-photos.leclercdrive.fr/image.ashx?id=2875963&use=l&cat=p&typeid=i","cat":285041},{"id":113838,"n":"AOC vin blanc Gewurztraminer Alsace Bio Rebmann - 75cl","p":7.75,"u":"10,33 €/L","img":"https://fd1-photos.leclercdrive.fr/image.ashx?id=2771142&use=l&cat=p&typeid=i","cat":289557},{"id":113839,"n":"AOC Coteaux Varois en Provence Rosé Bio Terres Ocrées - 75cl","p":5.49,"u":"7,32 €/L","img":"https://fd1-photos.leclercdrive.fr/image.ashx?id=2877490&use=l&cat=p&typeid=i","cat":289558},{"id":113851,"n":"100% pur Jus bio Bio Village Petit-déjeuner  - 1L","p":2.87,"u":"2,87 €/L","img":"https://fd1-photos.leclercdrive.fr/image.ashx?id=2901566&use=l&cat=p&typeid=i","cat":284521},{"id":113855,"n":"Boisson thé Fresh Tea Pêche abricot - 1.5L","p":1.82,"u":"1,21 €/L","img":"https://fd1-photos.leclercdrive.fr/image.ashx?id=2622281&use=l&cat=p&typeid=i","cat":295019},{"id":113858,"n":"Yaourt à la grecque YAOS Nature - 8x125g","p":3.35,"u":"3,35 €/KG","img":"https://fd1-photos.leclercdrive.fr/image.ashx?id=2418462&use=l&cat=p&typeid=i","cat":314999},{"id":113870,"n":"Lait hydratant Vichy Autobronzant - 100ml","p":12.7,"u":"127,00 €/L","img":"https://fd1-photos.leclercdrive.fr/image.ashx?id=1971449&use=l&cat=p&typeid=i","cat":290395},{"id":113902,"n":"Gel lavant quotidien Hydralin Hypoallergénique - 2x400ml","p":17.15,"u":"21,44 €/L","img":"https://fd1-photos.leclercdrive.fr/image.ashx?id=2905426&use=l&cat=p&typeid=i","cat":301348},{"id":113910,"n":"Euphytose nuit Bayer x30","p":9.78,"u":"0,33 €/P","img":"https://fd1-photos.leclercdrive.fr/image.ashx?id=1975676&use=l&cat=p&typeid=i","cat":301265},{"id":113913,"n":"Eau micellaire douceur Jonzac Nettoyante bébé bio - 500ml","p":7.99,"u":"15,98 €/L","img":"https://fd1-photos.leclercdrive.fr/image.ashx?id=2461033&use=l&cat=p&typeid=i","cat":290425},{"id":113929,"n":"Soin anti-âge Normaderm Vichy 50ml","p":16.9,"u":"338,00 €/L","img":"https://fd1-photos.leclercdrive.fr/image.ashx?id=1950329&use=l&cat=p&typeid=i","cat":291168},{"id":113930,"n":"Déodorant bille 48h Vichy Anti-transpirant - 2x50ml","p":13.85,"u":"138,50 €/L","img":"https://fd1-photos.leclercdrive.fr/image.ashx?id=1971470&use=l&cat=p&typeid=i","cat":301593},{"id":113945,"n":"Déodorant Vichy Homme Vaporisateur Fraîcheur -2x100ml","p":15.99,"u":"79,95 €/L","img":"https://fd1-photos.leclercdrive.fr/image.ashx?id=2277557&use=l&cat=p&typeid=i","cat":301593},{"id":113947,"n":"Déodorant anti-traces Vichy Anti-transpirant bille - 2x50ml","p":14.39,"u":"143,90 €/L","img":"https://fd1-photos.leclercdrive.fr/image.ashx?id=1886058&use=l&cat=p&typeid=i","cat":301593},{"id":113971,"n":"Huile d'Olive Puget 25cl","p":3.09,"u":"12,36 €/L","img":"https://fd1-photos.leclercdrive.fr/image.ashx?id=2343297&use=l&cat=p&typeid=i","cat":284453},{"id":113979,"n":"Dentifrice Parodontax Protection complète - 2x75ml","p":8.29,"u":"55,27 €/L","img":"https://fd1-photos.leclercdrive.fr/image.ashx?id=2537246&use=l&cat=p&typeid=i","cat":290419},{"id":113980,"n":"Café dosettes Tassimo Grand-mère - Expresso x16","p":4.19,"u":"40,29 €/KG","img":"https://fd1-photos.leclercdrive.fr/image.ashx?id=1749617&use=l&cat=p&typeid=i","cat":293240},{"id":113985,"n":"Dentifrice Sensodyne Traitement sensibilité - 2x75ml","p":7.12,"u":"47,47 €/L","img":"https://fd1-photos.leclercdrive.fr/image.ashx?id=1734721&use=l&cat=p&typeid=i","cat":290419},{"id":113990,"n":"Shampooing quotidien Pouxdoux Bio Puressentiel - 200ml","p":7.97,"u":"39,85 €/L","img":"https://fd1-photos.leclercdrive.fr/image.ashx?id=2988514&use=l&cat=p&typeid=i","cat":301248},{"id":113991,"n":"Répulsif poux Puressentiel Spray - 200ml","p":16.04,"u":"80,20 €/L","img":"https://fd1-photos.leclercdrive.fr/image.ashx?id=2057035&use=l&cat=p&typeid=i","cat":301248},{"id":113994,"n":"Lotion Anti-Poux&Lentes Pouxit XF - 200ml","p":18.99,"u":"94,95 €/L","img":"https://fd1-photos.leclercdrive.fr/image.ashx?id=2022027&use=l&cat=p&typeid=i","cat":301248},{"id":113998,"n":"Girasoli Lustucru Selection  Ricotta Epinard - 250g","p":2.26,"u":"9,04 €/KG","img":"https://fd1-photos.leclercdrive.fr/image.ashx?id=2974351&use=l&cat=p&typeid=i","cat":333682},{"id":114017,"n":"Bière blonde Heineken 5%vol - 12x33cl","p":9.1,"u":"2,30 €/L","img":"https://fd1-photos.leclercdrive.fr/image.ashx?id=3008125&use=l&cat=p&typeid=i","cat":334853},{"id":114020,"n":"Bière aromatisée  Desperados 5.9%vol - Boite 50cl","p":1.77,"u":"3,54 €/L","img":"https://fd1-photos.leclercdrive.fr/image.ashx?id=2977303&use=l&cat=p&typeid=i","cat":334853},{"id":114023,"n":"Thon au naturel Petit Navire Démarche Responsable - 280g","p":4.28,"u":"15,29 €/KG","img":"https://fd1-photos.leclercdrive.fr/image.ashx?id=2909974&use=l&cat=p&typeid=i","cat":303867},{"id":114047,"n":"Plat bébé soir Blédichef 12mois Macaroni courgette - 2x230g","p":3.19,"u":"6,93 €/KG","img":"https://fd1-photos.leclercdrive.fr/image.ashx?id=2560690&use=l&cat=p&typeid=i","cat":312239},{"id":114092,"n":"Brosse à dents bambou Dentamyl Médium - 1 pièce","p":1.95,"img":"https://fd1-photos.leclercdrive.fr/image.ashx?id=2783495&use=l&cat=p&typeid=i","cat":284614},{"id":114093,"n":"Brosse à dents bambou Dentamyl Souple - 1 pièce","p":1.95,"img":"https://fd1-photos.leclercdrive.fr/image.ashx?id=2790997&use=l&cat=p&typeid=i","cat":284614},{"id":114095,"n":"Mouchoirs blancs 3 plis Caresse Boîte - x150","p":1.65,"u":"0,01 €/P","img":"https://fd1-photos.leclercdrive.fr/image.ashx?id=2779298&use=l&cat=p&typeid=i","cat":284638},{"id":114103,"n":"Change culottes Mots d'enfants T6 : +16kg - x36","p":9.75,"u":"0,27 €/P","img":"https://fd1-photos.leclercdrive.fr/image.ashx?id=2907240&use=l&cat=p&typeid=i","cat":290633},{"id":114152,"n":"Pâtes bio Jardin Bio Bon tuyaux semi-complets - 500g","p":1.87,"u":"3,74 €/KG","img":"https://fd1-photos.leclercdrive.fr/image.ashx?id=2963190&use=l&cat=p&typeid=i","cat":284427},{"id":114156,"n":"Huile vierge coco Jardin Bio  Bio - 460g","p":7.9,"u":"17,17 €/KG","img":"https://fd1-photos.leclercdrive.fr/image.ashx?id=2790036&use=l&cat=p&typeid=i","cat":284453},{"id":114169,"n":"Père Noël Milka Lait - 90g","p":3.69,"u":"41,00 €/KG","img":"https://fd1-photos.leclercdrive.fr/image.ashx?id=2488106&use=l&cat=p&typeid=i","cat":327592},{"id":114187,"n":"Barres amandes Toblerone 360g","p":7.96,"u":"22,11 €/KG","img":"https://fd1-photos.leclercdrive.fr/image.ashx?id=2912650&use=l&cat=p&typeid=i","cat":327595},{"id":114190,"n":"Chocolat Mon Chéri cerise Etui Noël - 262g","p":9.19,"u":"35,08 €/KG","img":"https://fd1-photos.leclercdrive.fr/image.ashx?id=2940501&use=l&cat=p&typeid=i","cat":327601},{"id":114269,"n":"Puissance 4 Dès 6 ans - 2 joueurs","p":11.9,"img":"https://fd1-photos.leclercdrive.fr/image.ashx?id=2293171&use=l&cat=p&typeid=i","cat":334378},{"id":114273,"n":"Cassolette Gourmande  Aux St-Jacques - 300g","p":6.84,"pp":4.79,"u":"15,97 €/KG","img":"https://fd1-photos.leclercdrive.fr/image.ashx?id=1752220&use=l&cat=p&typeid=i","cat":319775},{"id":114308,"n":"AOP Champagne Alain Vesselle Cuvée Saint Eloi - Brut - 75cl","p":28.9,"u":"38,53 €/L","img":"https://fd1-photos.leclercdrive.fr/image.ashx?id=1849618&use=l&cat=p&typeid=i","cat":284542},{"id":114320,"n":"AOP Faugères rouge Domaine Jeantels 18 - 75cl","p":5.6,"u":"7,47 €/L","img":"https://fd1-photos.leclercdrive.fr/image.ashx?id=2464141&use=l&cat=p&typeid=i","cat":289556},{"id":114323,"n":"AOP Saint-Chinian Vin rouge  Mas des Mas - 75cl","p":5.95,"pp":4.46,"u":"5,95 €/L","img":"https://fd1-photos.leclercdrive.fr/image.ashx?id=2946601&use=l&cat=p&typeid=i","cat":289556},{"id":114324,"n":"IGP Cité de Carcassonne Blanc Caprice d'Alice - 75cl","p":4.1,"u":"5,47 €/L","img":"https://fd1-photos.leclercdrive.fr/image.ashx?id=2109137&use=l&cat=p&typeid=i","cat":289557},{"id":114325,"n":"IGP Côtes Catalanes blanc Tessellae Chardonnay - 75cl","p":5.93,"u":"7,91 €/L","img":"https://fd1-photos.leclercdrive.fr/image.ashx?id=1747505&use=l&cat=p&typeid=i","cat":289557},{"id":114327,"n":"IGP Cité Carcassonne Vin rosé Caprice D'Alice - 75cl","p":3.3,"u":"4,40 €/L","img":"https://fd1-photos.leclercdrive.fr/image.ashx?id=1863810&use=l&cat=p&typeid=i","cat":289558},{"id":114346,"n":"AOP Cheverny Vin rouge Le Petit Salvard - 75cl","p":8.95,"u":"11,93 €/L","img":"https://fd1-photos.leclercdrive.fr/image.ashx?id=1743794&use=l&cat=p&typeid=i","cat":289556},{"id":114347,"n":"AOC Chinon - Vieilles vignes Domaine Suard - 75cl","p":9.9,"u":"13,20 €/L","img":"https://fd1-photos.leclercdrive.fr/image.ashx?id=1743890&use=l&cat=p&typeid=i","cat":289556},{"id":114348,"n":"AOC Menetou-Salon rouge Petites plantes - 75cl","p":9.97,"u":"13,29 €/L","img":"https://fd1-photos.leclercdrive.fr/image.ashx?id=1750271&use=l&cat=p&typeid=i","cat":289556},{"id":114351,"n":"AOC Saumur Champigny rouge Les Villaises - 75cl","p":6.6,"u":"8,80 €/L","img":"https://fd1-photos.leclercdrive.fr/image.ashx?id=1965195&use=l&cat=p&typeid=i","cat":289556},{"id":114356,"n":"AOC Crémant de Loire Ladubay Blanc Demi-Sec 12.5%vol - 75cl","p":6.55,"u":"8,73 €/L","img":"https://fd1-photos.leclercdrive.fr/image.ashx?id=2246650&use=l&cat=p&typeid=i","cat":284545},{"id":114358,"n":"AOP Crémant de Loire rosé Brut Mlle Ladubay - 75cl","p":6.7,"u":"8,93 €/L","img":"https://fd1-photos.leclercdrive.fr/image.ashx?id=2246647&use=l&cat=p&typeid=i","cat":284545},{"id":114375,"n":"AOP Clairette de Die Jaillance Brut - Esprit de Terroir - 75cl","p":5.95,"u":"7,93 €/L","img":"https://fd1-photos.leclercdrive.fr/image.ashx?id=2656781&use=l&cat=p&typeid=i","cat":284544},{"id":114397,"n":"AOP Bordeaux rouge Château Pey la Tour - 75cl","p":6.83,"u":"9,11 €/L","img":"https://fd1-photos.leclercdrive.fr/image.ashx?id=2926377&use=l&cat=p&typeid=i","cat":289556},{"id":114406,"n":"Taboulé Pierre Martinet Oriental à l'huile d'olive 310g","p":1.45,"u":"4,68 €/KG","img":"https://fd1-photos.leclercdrive.fr/image.ashx?id=2432241&use=l&cat=p&typeid=i","cat":333657},{"id":114411,"n":"Dès de cheddar  Les Croisés 150g","p":2.19,"u":"14,60 €/KG","img":"https://fd1-photos.leclercdrive.fr/image.ashx?id=2965822&use=l&cat=p&typeid=i","cat":314027},{"id":114591,"n":"Uno cartes Dès 7 ans","p":9.9,"img":"https://fd1-photos.leclercdrive.fr/image.ashx?id=2767045&use=l&cat=p&typeid=i","cat":334378},{"id":114652,"n":"Mouchoirs blanc 2 plis Caresse Boîte mouchoirs papier - x180","p":1.69,"u":"0,01 €/P","img":"https://fd1-photos.leclercdrive.fr/image.ashx?id=2752640&use=l&cat=p&typeid=i","cat":284638},{"id":114654,"n":"Allumettes Silex 10cm - x70","p":1.26,"u":"0,02 €/P","img":"https://fd1-photos.leclercdrive.fr/image.ashx?id=2595942&use=l&cat=p&typeid=i","cat":300578},{"id":114784,"n":"Comté fromage bloc Les Croisés 350g","p":4.75,"u":"13,57 €/KG","img":"https://fd1-photos.leclercdrive.fr/image.ashx?id=2856636&use=l&cat=p&typeid=i","cat":314034},{"id":114805,"n":"Coeur Coulant Bonne Maman Chocolat - 2x80g","p":2.46,"u":"15,38 €/KG","img":"https://fd1-photos.leclercdrive.fr/image.ashx?id=2912326&use=l&cat=p&typeid=i","cat":284419},{"id":114807,"n":"Dessert Fruitier Andros Poire Williams morceaux 4x100g","p":2.72,"u":"6,80 €/KG","img":"https://fd1-photos.leclercdrive.fr/image.ashx?id=2908198&use=l&cat=p&typeid=i","cat":284416},{"id":114810,"n":"Parmigiano Reg AOP Casa Azzurra Râpé -  200g","p":4.53,"u":"22,65 €/KG","img":"https://fd1-photos.leclercdrive.fr/image.ashx?id=2261957&use=l&cat=p&typeid=i","cat":314035},{"id":114865,"n":"Père Noel Smarties Orange - 85g","p":3.25,"u":"38,24 €/KG","img":"https://fd1-photos.leclercdrive.fr/image.ashx?id=1985742&use=l&cat=p&typeid=i","cat":284958},{"id":114890,"n":"Fromage Comté NRT AOP 15 mois 200g","p":4.44,"u":"22,20 €/KG","img":"https://fd1-photos.leclercdrive.fr/image.ashx?id=2272030&use=l&cat=p&typeid=i","cat":314034},{"id":114901,"n":"Plat bébé Blédina 12 mois  Artichaut dinde - 2x200g","p":2.59,"u":"6,48 €/KG","img":"https://fd1-photos.leclercdrive.fr/image.ashx?id=2975089&use=l&cat=p&typeid=i","cat":312237},{"id":114960,"n":"Wrap Le Chicken Daunat Poulet - 190g","p":2.16,"u":"11,37 €/KG","img":"https://fd1-photos.leclercdrive.fr/image.ashx?id=2243416&use=l&cat=p&typeid=i","cat":333658},{"id":115011,"n":"Lingettes bébé Mots d'enfants à l'eau - x60","p":1.66,"u":"0,03 €/P","img":"https://fd1-photos.leclercdrive.fr/image.ashx?id=3014293&use=l&cat=p&typeid=i","cat":284738},{"id":115013,"n":"Liquide vaisselle Uni Vert Ecologique citron - 750ml","p":1.59,"u":"2,12 €/L","img":"https://fd1-photos.leclercdrive.fr/image.ashx?id=2999517&use=l&cat=p&typeid=i","cat":284655},{"id":115016,"n":"Protège slip Chorys Ultra mini discret - x28","p":1.57,"u":"0,06 €/P","img":"https://fd1-photos.leclercdrive.fr/image.ashx?id=2003029&use=l&cat=p&typeid=i","cat":284625},{"id":115017,"n":"Protège slip Chorys Ultra mini long - x24","p":1.7,"u":"0,07 €/P","img":"https://fd1-photos.leclercdrive.fr/image.ashx?id=1962795&use=l&cat=p&typeid=i","cat":284628},{"id":115072,"n":"Girasoli Lustucru Selection  Cèpes Ricotta - 250g","p":2.58,"u":"10,32 €/KG","img":"https://fd1-photos.leclercdrive.fr/image.ashx?id=2974599&use=l&cat=p&typeid=i","cat":333682},{"id":115093,"n":"Mozzarella vache Casa Azzurra Râpée - 150g","p":2.16,"u":"14,40 €/KG","img":"https://fd1-photos.leclercdrive.fr/image.ashx?id=1757239&use=l&cat=p&typeid=i","cat":314035},{"id":115113,"n":"Tirlibibi Haribo Boîte bonbons - 750g","p":4.43,"u":"5,91 €/KG","img":"https://fd1-photos.leclercdrive.fr/image.ashx?id=2806922&use=l&cat=p&typeid=i","cat":304250},{"id":115114,"n":"Polka Haribo Sachet bonbons - 300g","p":1.38,"u":"4,60 €/KG","img":"https://fd1-photos.leclercdrive.fr/image.ashx?id=2982414&use=l&cat=p&typeid=i","cat":304250},{"id":115115,"n":"Les Schtroumpfs Haribo Sachet bonbons - 300g","p":1.45,"u":"4,83 €/KG","img":"https://fd1-photos.leclercdrive.fr/image.ashx?id=2788475&use=l&cat=p&typeid=i","cat":304250},{"id":115116,"n":"Chamallows Haribo Guimauves   - 300g","p":1.42,"u":"4,73 €/KG","img":"https://fd1-photos.leclercdrive.fr/image.ashx?id=2984937&use=l&cat=p&typeid=i","cat":304250},{"id":115123,"n":"Terrine chien Bio Boeuf - 300g","p":1.69,"u":"5,63 €/KG","img":"https://fd1-photos.leclercdrive.fr/image.ashx?id=2333805&use=l&cat=p&typeid=i","cat":284673},{"id":115124,"n":"Terrine chien Bio Poulet légume - 300g","p":1.62,"u":"5,40 €/KG","img":"https://fd1-photos.leclercdrive.fr/image.ashx?id=2333808&use=l&cat=p&typeid=i","cat":284673},{"id":115152,"n":"Eau florale Bio Naïa Rose bio - 200ml","p":3.95,"u":"19,75 €/L","img":"https://fd1-photos.leclercdrive.fr/image.ashx?id=2610253&use=l&cat=p&typeid=i","cat":325345},{"id":115156,"n":"Stick lèvres Bio Naïa Bio - 1 pièce","p":1.85,"img":"https://fd1-photos.leclercdrive.fr/image.ashx?id=2518837&use=l&cat=p&typeid=i","cat":285485},{"id":115158,"n":"Gelée bio Bio Naïa A l'aloe vera bio - 200ml","p":3.99,"u":"19,95 €/L","img":"https://fd1-photos.leclercdrive.fr/image.ashx?id=2436699&use=l&cat=p&typeid=i","cat":325350},{"id":115161,"n":"Infusion Bio La Tisanière Nuit Oranger - x20 Sachets","p":2.59,"u":"86,33 €/KG","img":"https://fd1-photos.leclercdrive.fr/image.ashx?id=2477061&use=l&cat=p&typeid=i","cat":293234},{"id":115163,"n":"Infusion Twinings Ayurveda gingembre miel et citron x20","p":2.59,"u":"80,94 €/KG","img":"https://fd1-photos.leclercdrive.fr/image.ashx?id=2893036&use=l&cat=p&typeid=i","cat":293234},{"id":115164,"n":"Infusion Twinings Ayurveda framboise et hibiscus x20","p":2.89,"u":"80,28 €/KG","img":"https://fd1-photos.leclercdrive.fr/image.ashx?id=2893039&use=l&cat=p&typeid=i","cat":293234},{"id":115165,"n":"Infusion Twinings Ayurveda poire miel et cannelle x20","p":2.69,"u":"74,72 €/KG","img":"https://fd1-photos.leclercdrive.fr/image.ashx?id=2893033&use=l&cat=p&typeid=i","cat":293234},{"id":115251,"n":"Déodorant compressé Ushuaïa Vanille - 100ml","p":3.06,"u":"30,60 €/L","img":"https://fd1-photos.leclercdrive.fr/image.ashx?id=2555715&use=l&cat=p&typeid=i","cat":284595},{"id":115274,"n":"Masque tissu Inell Coup d'éclat - 1 pièce","p":1.82,"img":"https://fd1-photos.leclercdrive.fr/image.ashx?id=2691691&use=l&cat=p&typeid=i","cat":325346},{"id":115276,"n":"Crèmes main Inell Anti-taches - 75ml","p":2.99,"u":"39,87 €/L","img":"https://fd1-photos.leclercdrive.fr/image.ashx?id=2498949&use=l&cat=p&typeid=i","cat":325354},{"id":115278,"n":"Gressins traditionnels Artesani 300g","p":2.15,"u":"7,17 €/KG","img":"https://fd1-photos.leclercdrive.fr/image.ashx?id=2475852&use=l&cat=p&typeid=i","cat":289010},{"id":115280,"n":"Gressins Florelli Au Sésame Artesani - 300g","p":2.15,"u":"7,17 €/KG","img":"https://fd1-photos.leclercdrive.fr/image.ashx?id=2475858&use=l&cat=p&typeid=i","cat":289010},{"id":115320,"n":"Capsules café Plantation Equilibré n°6 - x10 - 52g","p":2.19,"u":"42,12 €/KG","img":"https://fd1-photos.leclercdrive.fr/image.ashx?id=2891785&use=l&cat=p&typeid=i","cat":284749},{"id":115321,"n":"Capsules café Plantation Intense n°10 - x10 - 52g","p":2.19,"u":"42,12 €/KG","img":"https://fd1-photos.leclercdrive.fr/image.ashx?id=2908855&use=l&cat=p&typeid=i","cat":284749},{"id":115324,"n":"Capsules café Plantation Décaféiné n°5 -  x10 - 52g","p":2.39,"u":"45,96 €/KG","img":"https://fd1-photos.leclercdrive.fr/image.ashx?id=2918472&use=l&cat=p&typeid=i","cat":284749},{"id":115327,"n":"Café Soluble NESCAFÉ Spécial Filtre Décaféiné, 100g","p":5.47,"u":"54,70 €/KG","img":"https://fd1-photos.leclercdrive.fr/image.ashx?id=2864068&use=l&cat=p&typeid=i","cat":284843},{"id":115332,"n":"Capsules café Plantation Brésil n°7 - x10 - 52g","p":2.39,"u":"45,96 €/KG","img":"https://fd1-photos.leclercdrive.fr/image.ashx?id=2929879&use=l&cat=p&typeid=i","cat":284749},{"id":115345,"n":"Capsules café Plantation Café vanille n°6 - x10 - 52g","p":2.39,"u":"45,96 €/KG","img":"https://fd1-photos.leclercdrive.fr/image.ashx?id=2418128&use=l&cat=p&typeid=i","cat":284749},{"id":115348,"n":"Capsules café Plantation Noisette n°7 - x10 - 52g","p":2.39,"u":"45,96 €/KG","img":"https://fd1-photos.leclercdrive.fr/image.ashx?id=2908858&use=l&cat=p&typeid=i","cat":284749},{"id":115349,"n":"Capsules café Plantation Intense n°10 - x30 - 156g","p":5.19,"u":"33,27 €/KG","img":"https://fd1-photos.leclercdrive.fr/image.ashx?id=2865095&use=l&cat=p&typeid=i","cat":284749},{"id":115350,"n":"Capsules café Plantation Equilibré N°6 - x30 - 156g","p":5.19,"u":"33,27 €/KG","img":"https://fd1-photos.leclercdrive.fr/image.ashx?id=2852249&use=l&cat=p&typeid=i","cat":284749},{"id":115352,"n":"Patch purifiant Nivea Visage x6","p":4.5,"u":"0,75 €/P","img":"https://fd1-photos.leclercdrive.fr/image.ashx?id=2167416&use=l&cat=p&typeid=i","cat":325346},{"id":115359,"n":"Pancakes Nature Epi d'Or x18 - 360g","p":1.69,"u":"4,69 €/KG","img":"https://fd1-photos.leclercdrive.fr/image.ashx?id=2860763&use=l&cat=p&typeid=i","cat":284495},{"id":115363,"n":"Lait bébé en poudre Blédilait 1er âge 0-6 mois 900g","p":14.75,"u":"16,39 €/KG","img":"https://fd1-photos.leclercdrive.fr/image.ashx?id=2855052&use=l&cat=p&typeid=i","cat":284726},{"id":115364,"n":"Lait bébé en poudre Blédilait 2e âge 6-12 mois 900g","p":13.49,"u":"14,99 €/KG","img":"https://fd1-photos.leclercdrive.fr/image.ashx?id=2616853&use=l&cat=p&typeid=i","cat":284727},{"id":115376,"n":"Coffret Tokapi Sauce - 115g","p":1.97,"u":"17,13 €/KG","img":"https://fd1-photos.leclercdrive.fr/image.ashx?id=2898856&use=l&cat=p&typeid=i","cat":284449},{"id":115377,"n":"Cornichons Rustica Verre décoré - 100g","p":1.86,"u":"18,60 €/KG","img":"https://fd1-photos.leclercdrive.fr/image.ashx?id=3004648&use=l&cat=p&typeid=i","cat":284458},{"id":115409,"n":"Confit de canard Monfort Cuisses - 400g","p":5.99,"u":"14,98 €/KG","img":"https://fd1-photos.leclercdrive.fr/image.ashx?id=2324585&use=l&cat=p&typeid=i","cat":284339},{"id":115457,"n":"Frites de Patate Douce McCain 500g","p":4.44,"u":"8,88 €/KG","img":"https://fd1-photos.leclercdrive.fr/image.ashx?id=2840632&use=l&cat=p&typeid=i","cat":319791},{"id":115488,"n":"Bière blonde 1664 5,5° - 12x25cl","p":7.55,"u":"2,52 €/L","img":"https://fd1-photos.leclercdrive.fr/image.ashx?id=2215566&use=l&cat=p&typeid=i","cat":334873},{"id":115492,"n":"Bière blonde 1664 5,5° - 6x25cl","p":4.13,"u":"2,75 €/L","img":"https://fd1-photos.leclercdrive.fr/image.ashx?id=2215572&use=l&cat=p&typeid=i","cat":334873},{"id":115505,"n":"Fromage Fourme d'Ambert NRT  AOP - 250g","p":3.23,"u":"12,92 €/KG","img":"https://fd1-photos.leclercdrive.fr/image.ashx?id=2459397&use=l&cat=p&typeid=i","cat":314032},{"id":115526,"n":"Serviette incontinence Chorys Maxi nuit - x12","p":3.99,"u":"0,33 €/P","img":"https://fd1-photos.leclercdrive.fr/image.ashx?id=2586028&use=l&cat=p&typeid=i","cat":284628},{"id":115528,"n":"Alcool 90° Primoplast 100ml","p":2.19,"u":"21,90 €/L","img":"https://fd1-photos.leclercdrive.fr/image.ashx?id=2856570&use=l&cat=p&typeid=i","cat":284630},{"id":115529,"n":"Bloc WC Uni Vert Ball - 55g","p":1.99,"u":"36,18 €/KG","img":"https://fd1-photos.leclercdrive.fr/image.ashx?id=2568801&use=l&cat=p&typeid=i","cat":284662},{"id":115761,"n":"Tablette de chocolat Lindt Noir 100% Cacao - 50g","p":2.59,"u":"51,80 €/KG","img":"https://fd1-photos.leclercdrive.fr/image.ashx?id=2397773&use=l&cat=p&typeid=i","cat":284956},{"id":115762,"n":"Pur jus d'orange des amériques 100% jus pressé Plein fruit 1L","p":4.02,"pp":2.65,"u":"2,65 €/L","img":"https://fd1-photos.leclercdrive.fr/image.ashx?id=2928642&use=l&cat=p&typeid=i","cat":284521},{"id":115770,"n":"Lait bébé en poudre Gallia Calisma  2e âge 6-12 mois 700g","p":12.75,"u":"18,21 €/KG","img":"https://fd1-photos.leclercdrive.fr/image.ashx?id=2983051&use=l&cat=p&typeid=i","cat":284727},{"id":115771,"n":"Lait bébé en poudre Gallia Calisma 2e âge 6-12mois 2x600g","p":20.28,"u":"16,90 €/KG","img":"https://fd1-photos.leclercdrive.fr/image.ashx?id=2935750&use=l&cat=p&typeid=i","cat":284727},{"id":115772,"n":"Pâte à tartiner Bio Village Aux noisette bio - 600g","p":4.16,"u":"6,93 €/KG","img":"https://fd1-photos.leclercdrive.fr/image.ashx?id=2977201&use=l&cat=p&typeid=i","cat":284481},{"id":115773,"n":"Lait bébé en poudre Gallia Calisma 1er âge 0-6 mois 2x600g","p":23.42,"u":"19,52 €/KG","img":"https://fd1-photos.leclercdrive.fr/image.ashx?id=2953755&use=l&cat=p&typeid=i","cat":284726},{"id":115780,"n":"AOC Châteauneuf-du-Pape vin rouge Rives & Terrasses - 75cl","p":18.32,"u":"24,43 €/L","img":"https://fd1-photos.leclercdrive.fr/image.ashx?id=2802302&use=l&cat=p&typeid=i","cat":289556},{"id":115781,"n":"AOC Gigondas vin rouge Rives & Terrasses - 75cl","p":12.49,"u":"16,65 €/L","img":"https://fd1-photos.leclercdrive.fr/image.ashx?id=2750168&use=l&cat=p&typeid=i","cat":289556},{"id":115821,"n":"Confiture mirabelle Bonne Maman Intense - 335g","p":2.35,"u":"7,01 €/KG","img":"https://fd1-photos.leclercdrive.fr/image.ashx?id=2341026&use=l&cat=p&typeid=i","cat":284480},{"id":115850,"n":"Compote Charles & Alice Pommes Passion - 4x97g","p":1.57,"u":"4,05 €/KG","img":"https://fd1-photos.leclercdrive.fr/image.ashx?id=2757692&use=l&cat=p&typeid=i","cat":284416},{"id":115866,"n":"Sardine Les Mouettes d'Arvor Huile d'olive Basilic thym 115g","p":2.94,"u":"25,57 €/KG","img":"https://fd1-photos.leclercdrive.fr/image.ashx?id=1893523&use=l&cat=p&typeid=i","cat":305146},{"id":115905,"n":"Yaourt brassé Perle de Lait Coco - 8x125g","p":2.9,"u":"2,90 €/KG","img":"https://fd1-photos.leclercdrive.fr/image.ashx?id=2989204&use=l&cat=p&typeid=i","cat":314999},{"id":115910,"n":"Yaourt brassé Perle de Lait Vanille - 8x125g","p":3.28,"u":"3,28 €/KG","img":"https://fd1-photos.leclercdrive.fr/image.ashx?id=2990568&use=l&cat=p&typeid=i","cat":314999},{"id":115991,"n":"Squidgies Haribo Sachet bonbons - 200g","p":1.63,"u":"8,15 €/KG","img":"https://fd1-photos.leclercdrive.fr/image.ashx?id=2984934&use=l&cat=p&typeid=i","cat":304250},{"id":116002,"n":"Porto Cruz Blanc - 18%vol - 75cl","p":7.7,"u":"10,27 €/L","img":"https://fd1-photos.leclercdrive.fr/image.ashx?id=2535822&use=l&cat=p&typeid=i","cat":284913},{"id":116096,"n":"Shampooing douche Petit Manava Fraise cerise - 250ml","p":1.35,"u":"5,40 €/L","img":"https://fd1-photos.leclercdrive.fr/image.ashx?id=1763207&use=l&cat=p&typeid=i","cat":284606},{"id":116134,"n":"Foie gras canard entier mi cuit IGP Sud Ouest - Bocal 300g","p":25.9,"u":"86,33 €/KG","img":"https://fd1-photos.leclercdrive.fr/image.ashx?id=2659638&use=l&cat=p&typeid=i","cat":316008},{"id":116168,"n":"Adoucissant concentré Hyperdou Fraîcheur fleurie x60 - 1.5L","p":3.95,"u":"2,63 €/L","img":"https://fd1-photos.leclercdrive.fr/image.ashx?id=2602931&use=l&cat=p&typeid=i","cat":284650},{"id":116169,"n":"Adoucissant concentré Hyperdou Coucher soleil x60 - 1.5L","p":3.95,"u":"2,63 €/L","img":"https://fd1-photos.leclercdrive.fr/image.ashx?id=2602937&use=l&cat=p&typeid=i","cat":284650},{"id":116170,"n":"Adoucissant concentré Hyperdou Fraîcheur x75 - 1.95L","p":3.61,"u":"1,85 €/L","img":"https://fd1-photos.leclercdrive.fr/image.ashx?id=2992546&use=l&cat=p&typeid=i","cat":284650},{"id":116171,"n":"Adoucissant concentré Hyperdou Pur Caresse x75 - 1.95L","p":3.65,"u":"1,87 €/L","img":"https://fd1-photos.leclercdrive.fr/image.ashx?id=2614512&use=l&cat=p&typeid=i","cat":284650},{"id":116172,"n":"Lingettes bio Bionaïa Démaquillantes - x25","p":1.04,"u":"0,04 €/P","img":"https://fd1-photos.leclercdrive.fr/image.ashx?id=2952397&use=l&cat=p&typeid=i","cat":284603},{"id":116221,"n":"Crème de jour L'Oréal Paris  Revitalift Anti-âge - 50ml","p":14.03,"u":"280,60 €/L","img":"https://fd1-photos.leclercdrive.fr/image.ashx?id=2926581&use=l&cat=p&typeid=i","cat":325345},{"id":116224,"n":"Porto Tawny Cruz 18%vol - 75cl","p":7.43,"u":"9,91 €/L","img":"https://fd1-photos.leclercdrive.fr/image.ashx?id=2536373&use=l&cat=p&typeid=i","cat":284913},{"id":116236,"n":"Crème Cicalfate+ Avène Réparatrice protectrice - 100ml","p":12.15,"u":"121,50 €/L","img":"https://fd1-photos.leclercdrive.fr/image.ashx?id=2895843&use=l&cat=p&typeid=i","cat":290421},{"id":116239,"n":"Crème Cicalfate+ Avène Réparatrice protectrice - 40ml","p":7.6,"u":"190,00 €/L","img":"https://fd1-photos.leclercdrive.fr/image.ashx?id=2895229&use=l&cat=p&typeid=i","cat":290421},{"id":116254,"n":"Lait bébé en poudre Calisma Bio Gallia croissance 10 mois 800g","p":15.91,"u":"19,89 €/KG","img":"https://fd1-photos.leclercdrive.fr/image.ashx?id=2760325&use=l&cat=p&typeid=i","cat":290219},{"id":116321,"n":"Soupe liquide Liebig tomates  Et vermicelles - Brique 1L","p":2.09,"u":"2,09 €/L","img":"https://fd1-photos.leclercdrive.fr/image.ashx?id=2941481&use=l&cat=p&typeid=i","cat":284462},{"id":116339,"n":"Test de grossesse Mercurochrome 1 pièce","p":3.59,"img":"https://fd1-photos.leclercdrive.fr/image.ashx?id=2806958&use=l&cat=p&typeid=i","cat":324482},{"id":116387,"n":"Pâte à tartiner Poulain  Cacao noisette - 400g","p":2.89,"u":"7,23 €/KG","img":"https://fd1-photos.leclercdrive.fr/image.ashx?id=2806354&use=l&cat=p&typeid=i","cat":284481},{"id":116431,"n":"Parmentier de boeuf Charolais Fleury Michon - 300g","p":3.0,"u":"10,00 €/KG","img":"https://fd1-photos.leclercdrive.fr/image.ashx?id=2662346&use=l&cat=p&typeid=i","cat":333665},{"id":116432,"n":"Parmentier de saumon Fleury Michon - 300g","p":2.99,"u":"9,97 €/KG","img":"https://fd1-photos.leclercdrive.fr/image.ashx?id=2662349&use=l&cat=p&typeid=i","cat":333665},{"id":116436,"n":"Rougail saucisses Fleury Michon riz créole - 300g","p":2.69,"u":"8,97 €/KG","img":"https://fd1-photos.leclercdrive.fr/image.ashx?id=2680152&use=l&cat=p&typeid=i","cat":333665},{"id":116448,"n":"Huile lavante Dexyane Ducray 400ml","p":10.99,"u":"27,48 €/L","img":"https://fd1-photos.leclercdrive.fr/image.ashx?id=2338952&use=l&cat=p&typeid=i","cat":301591},{"id":116493,"n":"Soin Effaclar La Roche Posay Duo  SPF30 - 40ml","p":16.48,"u":"412,00 €/L","img":"https://fd1-photos.leclercdrive.fr/image.ashx?id=2087002&use=l&cat=p&typeid=i","cat":291166},{"id":116521,"n":"Lait hydratant Ictyane Ducray Corps - 400ml","p":17.19,"u":"42,98 €/L","img":"https://fd1-photos.leclercdrive.fr/image.ashx?id=2756284&use=l&cat=p&typeid=i","cat":290421},{"id":116523,"n":"Crème hydratante teintée Avène Hydrance BB Riche SPF30 - 40ml","p":16.49,"u":"412,25 €/L","img":"https://fd1-photos.leclercdrive.fr/image.ashx?id=2968271&use=l&cat=p&typeid=i","cat":291171},{"id":116528,"n":"Soin puissant Liftactiv Vichy Re-tenseur anti-rides yeux-15ml","p":19.9,"img":"https://fd1-photos.leclercdrive.fr/image.ashx?id=1975619&use=l&cat=p&typeid=i","cat":291172},{"id":116532,"n":"Soin concentré La Roche-Posay Hydraphase intense yeux - 15ml","p":13.74,"u":"916,00 €/L","img":"https://fd1-photos.leclercdrive.fr/image.ashx?id=2086975&use=l&cat=p&typeid=i","cat":291172},{"id":116552,"n":"Soin hydratant quotidien Vichy Minéral 89 - 50ml","p":20.99,"u":"419,80 €/L","img":"https://fd1-photos.leclercdrive.fr/image.ashx?id=1975625&use=l&cat=p&typeid=i","cat":291171},{"id":116553,"n":"Soin rénovation La Roche-Posay Effaclar K  Peaux grasses -40ml","p":15.99,"u":"399,75 €/L","img":"https://fd1-photos.leclercdrive.fr/image.ashx?id=2165140&use=l&cat=p&typeid=i","cat":291166},{"id":116557,"n":"Mouche bébé Prohinel  x2 embouts jetables","p":6.07,"img":"https://fd1-photos.leclercdrive.fr/image.ashx?id=2918817&use=l&cat=p&typeid=i","cat":289435},{"id":116561,"n":"Déodorant bille Vichy Anti-transpirant 48H - 2x50ml","p":14.4,"u":"144,00 €/L","img":"https://fd1-photos.leclercdrive.fr/image.ashx?id=2352795&use=l&cat=p&typeid=i","cat":301593},{"id":116569,"n":"Huile lavante Xémose Uriage Apaisante - 1L","p":15.24,"u":"15,24 €/L","img":"https://fd1-photos.leclercdrive.fr/image.ashx?id=2967283&use=l&cat=p&typeid=i","cat":301591},{"id":116583,"n":"Pâte a tartiner Bio Village Aux noisettes bio - 350g","p":2.45,"u":"7,00 €/KG","img":"https://fd1-photos.leclercdrive.fr/image.ashx?id=2977198&use=l&cat=p&typeid=i","cat":284481},{"id":116584,"n":"Confiture extra bio Bio Village Framboises - 370g","p":2.79,"u":"7,54 €/KG","img":"https://fd1-photos.leclercdrive.fr/image.ashx?id=2965635&use=l&cat=p&typeid=i","cat":284480},{"id":116715,"n":"Rillettes de saumon Groix et Nature - 100g","p":4.0,"u":"40,00 €/KG","img":"https://fd1-photos.leclercdrive.fr/image.ashx?id=1879726&use=l&cat=p&typeid=i","cat":285191},{"id":116736,"n":"Roulé au fromage muscade  Qualité Traiteur x2 - 240g","p":3.76,"u":"7,83 €/KG","img":"https://fd1-photos.leclercdrive.fr/image.ashx?id=2793560&use=l&cat=p&typeid=i","cat":333671},{"id":116751,"n":"Sojasun mandarine citron vert 4x100g","p":1.47,"u":"3,68 €/KG","img":"https://fd1-photos.leclercdrive.fr/image.ashx?id=2355683&use=l&cat=p&typeid=i","cat":316071},{"id":116837,"n":"Rummikub Lettres Dès 16 ans","p":28.9,"img":"https://fd1-photos.leclercdrive.fr/image.ashx?id=2293246&use=l&cat=p&typeid=i","cat":334378},{"id":116925,"n":"Compote Andros pomme poire x12+4 offerts - 1.6kg","p":3.75,"u":"2,34 €/KG","img":"https://fd1-photos.leclercdrive.fr/image.ashx?id=2769068&use=l&cat=p&typeid=i","cat":284416},{"id":116985,"n":"Parmesan Râpé Giovanni Ferrari  22 mois AOP - 60g","p":1.75,"u":"29,17 €/KG","img":"https://fd1-photos.leclercdrive.fr/image.ashx?id=3002297&use=l&cat=p&typeid=i","cat":314035},{"id":117070,"n":"Enzo Turbo Dès 2 ans","p":16.9,"u":"Dont 0,20 € d'éco-part.","img":"https://fd1-photos.leclercdrive.fr/image.ashx?id=1848805&use=l&cat=p&typeid=i","cat":334382},{"id":117132,"n":"Bouillon kub légumes Maggi -25% sel - 120g","p":1.43,"u":"11,92 €/KG","img":"https://fd1-photos.leclercdrive.fr/image.ashx?id=2758443&use=l&cat=p&typeid=i","cat":288379},{"id":117203,"n":"Pâtes Mafalde Garofalo 500g","p":1.86,"u":"3,72 €/KG","img":"https://fd1-photos.leclercdrive.fr/image.ashx?id=2884837&use=l&cat=p&typeid=i","cat":284427},{"id":117222,"n":"Lotion eau précieuse Pureté de la peau - 2x375ml","p":19.17,"u":"25,56 €/L","img":"https://fd1-photos.leclercdrive.fr/image.ashx?id=2057254&use=l&cat=p&typeid=i","cat":301587},{"id":117225,"n":"Sirop Moulin de Valdonne Grenadine - 70cl","p":3.06,"u":"4,37 €/L","img":"https://fd1-photos.leclercdrive.fr/image.ashx?id=2170610&use=l&cat=p&typeid=i","cat":295020},{"id":117235,"n":"Sirop Moulin de Valdonne Pêche abricot - 70cl","p":3.47,"u":"4,96 €/L","img":"https://fd1-photos.leclercdrive.fr/image.ashx?id=2170613&use=l&cat=p&typeid=i","cat":295020},{"id":117238,"n":"Shampooing bio Bio naïa Cheveux secs abimés - 250ml","p":1.8,"u":"7,20 €/L","img":"https://fd1-photos.leclercdrive.fr/image.ashx?id=2512481&use=l&cat=p&typeid=i","cat":284606},{"id":117239,"n":"Tablette de chocolat noir Lindt Eclat caramel - 70% - 100g","p":3.29,"u":"32,90 €/KG","img":"https://fd1-photos.leclercdrive.fr/image.ashx?id=2423358&use=l&cat=p&typeid=i","cat":284956},{"id":117244,"n":"Biscuit 3 graines Gerblé Bio  - 132g","p":1.89,"u":"14,32 €/KG","img":"https://fd1-photos.leclercdrive.fr/image.ashx?id=2664055&use=l&cat=p&typeid=i","cat":318651},{"id":117252,"n":"Mouliné Régal Soupe Légumes d'autrefois - 1L","p":1.65,"u":"1,65 €/L","img":"https://fd1-photos.leclercdrive.fr/image.ashx?id=2607590&use=l&cat=p&typeid=i","cat":284462},{"id":117275,"n":"AOP Confit d'oignons Roscoff Les 4 Saisons - 125g","p":2.18,"u":"17,44 €/KG","img":"https://fd1-photos.leclercdrive.fr/image.ashx?id=2960984&use=l&cat=p&typeid=i","cat":284458},{"id":117297,"n":"Haricots verts Notre Jardin Sans sel ajouté - 225g","p":0.88,"u":"3,91 €/KG","img":"https://fd1-photos.leclercdrive.fr/image.ashx?id=3002644&use=l&cat=p&typeid=i","cat":312606},{"id":117314,"n":"Plateau de Saison Italien Idéal Raclette - 150g","p":7.24,"u":"48,27 €/KG","img":"https://fd1-photos.leclercdrive.fr/image.ashx?id=2947219&use=l&cat=p&typeid=i","cat":316007},{"id":117330,"n":"Champignon Notre Jardin Emincé Sans sel ajouté - 230g","p":1.18,"u":"5,13 €/KG","img":"https://fd1-photos.leclercdrive.fr/image.ashx?id=1792507&use=l&cat=p&typeid=i","cat":312610},{"id":117379,"n":"Pois chiches Bio D'Aucy 340g","p":2.87,"u":"8,44 €/KG","img":"https://fd1-photos.leclercdrive.fr/image.ashx?id=2562193&use=l&cat=p&typeid=i","cat":312609},{"id":117394,"n":"Confit d'oignons Larnaudie 150g","p":2.35,"pp":1.55,"u":"10,33 €/KG","img":"https://fd1-photos.leclercdrive.fr/image.ashx?id=1861358&use=l&cat=p&typeid=i","cat":284458},{"id":117403,"n":"Poêlée de légumes Bonduelle La Parisienne - 750g","p":3.49,"u":"4,65 €/KG","img":"https://fd1-photos.leclercdrive.fr/image.ashx?id=2907908&use=l&cat=p&typeid=i","cat":319823},{"id":117404,"n":"La Poêlée Rustique Bonduelle 750g","p":3.29,"u":"4,39 €/KG","img":"https://fd1-photos.leclercdrive.fr/image.ashx?id=2910055&use=l&cat=p&typeid=i","cat":319823},{"id":117407,"n":"Poêlée à la paysanne Bonduelle 750g","p":3.19,"u":"4,25 €/KG","img":"https://fd1-photos.leclercdrive.fr/image.ashx?id=2907911&use=l&cat=p&typeid=i","cat":319823},{"id":117570,"n":"Galettes de riz Tables du monde Sachet - 100g","p":2.25,"u":"22,50 €/KG","img":"https://fd1-photos.leclercdrive.fr/image.ashx?id=2920223&use=l&cat=p&typeid=i","cat":288992},{"id":117668,"n":"Pizza Dolce Sodebo Margherita Tomate Marinées 400g","p":5.59,"u":"13,98 €/KG","img":"https://fd1-photos.leclercdrive.fr/image.ashx?id=2921642&use=l&cat=p&typeid=i","cat":333679},{"id":117705,"n":"Ras El Hanout Ducros Epices couscous - 38g","p":1.32,"u":"34,74 €/KG","img":"https://fd1-photos.leclercdrive.fr/image.ashx?id=2559490&use=l&cat=p&typeid=i","cat":298297},{"id":118113,"n":"Sauce soja Bio Village Bio - 150ml","p":1.99,"u":"13,27 €/L","img":"https://fd1-photos.leclercdrive.fr/image.ashx?id=2913772&use=l&cat=p&typeid=i","cat":288992},{"id":118116,"n":"Sauce soja sucrée Bio Village Bio - 150ml","p":1.99,"u":"13,27 €/L","img":"https://fd1-photos.leclercdrive.fr/image.ashx?id=2913775&use=l&cat=p&typeid=i","cat":288992},{"id":118194,"n":"Beurre Bocage  Demi-sel - 60%MG - 250g","p":2.3,"u":"9,20 €/KG","img":"https://fd1-photos.leclercdrive.fr/image.ashx?id=2578070&use=l&cat=p&typeid=i","cat":284379},{"id":118217,"n":"Mini coquilles Saint-Jacques  Tipiak x8 - 100g","p":3.75,"u":"37,50 €/KG","img":"https://fd1-photos.leclercdrive.fr/image.ashx?id=2484212&use=l&cat=p&typeid=i","cat":319775},{"id":118289,"n":"Canard confit Marie Ecrasé de pomme de terre 300g","p":3.26,"u":"10,87 €/KG","img":"https://fd1-photos.leclercdrive.fr/image.ashx?id=2799886&use=l&cat=p&typeid=i","cat":333665},{"id":118408,"n":"Lait bébé en poudre Galliagest 1er âge 0-6 mois 820g","p":19.55,"u":"23,84 €/KG","img":"https://fd1-photos.leclercdrive.fr/image.ashx?id=2983054&use=l&cat=p&typeid=i","cat":284726},{"id":118412,"n":"Lait bébé en poudre Galliagest 2 âge 6-12 mois 820g","p":18.39,"u":"22,43 €/KG","img":"https://fd1-photos.leclercdrive.fr/image.ashx?id=2771666&use=l&cat=p&typeid=i","cat":284727},{"id":118414,"n":"Lait bébé en poudre Blédilait 1er âge 0-6 mois 820g","p":15.29,"u":"18,65 €/KG","img":"https://fd1-photos.leclercdrive.fr/image.ashx?id=2500051&use=l&cat=p&typeid=i","cat":284726},{"id":118426,"n":"Lait bébé en poudre Blédilait 2e âge 6-12 mois 820g","p":14.75,"u":"17,99 €/KG","img":"https://fd1-photos.leclercdrive.fr/image.ashx?id=2500054&use=l&cat=p&typeid=i","cat":284727},{"id":118442,"n":"Bonbons Tic Tac Menthe extra fraîche x100 - 49g","p":1.6,"u":"32,65 €/KG","img":"https://fd1-photos.leclercdrive.fr/image.ashx?id=2737243&use=l&cat=p&typeid=i","cat":304256},{"id":118447,"n":"Soupe deshydratée Knorr Tomate mozzarella - 75cl","p":1.19,"u":"1,59 €/L","img":"https://fd1-photos.leclercdrive.fr/image.ashx?id=2788919&use=l&cat=p&typeid=i","cat":284463},{"id":118491,"n":"Gel lubrifiant Manix Fraise - 80ml","p":4.81,"img":"https://fd1-photos.leclercdrive.fr/image.ashx?id=2968334&use=l&cat=p&typeid=i","cat":285160},{"id":118492,"n":"Gel lubrifiant Manix Pure - 80ml","p":3.89,"u":"48,63 €/L","img":"https://fd1-photos.leclercdrive.fr/image.ashx?id=2886160&use=l&cat=p&typeid=i","cat":285160},{"id":118574,"n":"Saumon fumé de Norvège Petit Navire 10 tranches - 325g","p":10.7,"u":"32,92 €/KG","img":"https://fd1-photos.leclercdrive.fr/image.ashx?id=2159949&use=l&cat=p&typeid=i","cat":285188},{"id":118601,"n":"Sirop d'Erable Maple Joe Bio - 250g","p":5.45,"u":"21,80 €/KG","img":"https://fd1-photos.leclercdrive.fr/image.ashx?id=2101084&use=l&cat=p&typeid=i","cat":287643},{"id":118612,"n":"Crêpes fourrées  Whaou Chocolat au lait  - x8 - 256g","p":1.96,"u":"7,66 €/KG","img":"https://fd1-photos.leclercdrive.fr/image.ashx?id=2960171&use=l&cat=p&typeid=i","cat":284494},{"id":118850,"n":"AOC Buzet L'Excellence rouge BIB - 3L - 13,5%","p":14.22,"u":"4,74 €/L","img":"https://fd1-photos.leclercdrive.fr/image.ashx?id=2881341&use=l&cat=p&typeid=i","cat":289560},{"id":118851,"n":"AOP Buzet Vin rosé  L'Excellence - BIB 3L","p":14.53,"u":"4,84 €/L","img":"https://fd1-photos.leclercdrive.fr/image.ashx?id=1863366&use=l&cat=p&typeid=i","cat":289560},{"id":119002,"n":"Crème pêche de vigne Giffard 16%vol - 50cl","p":5.5,"pp":4.95,"u":"9,90 €/L","img":"https://fd1-photos.leclercdrive.fr/image.ashx?id=2219153&use=l&cat=p&typeid=i","cat":286032},{"id":119105,"n":"Nouille de riz Suzi Wan 160g","p":1.82,"u":"11,38 €/KG","img":"https://fd1-photos.leclercdrive.fr/image.ashx?id=3002180&use=l&cat=p&typeid=i","cat":288992},{"id":119123,"n":"Barre de céréales Nature Valley Crunchy multi variétés X5-210g","p":2.78,"u":"13,24 €/KG","img":"https://fd1-photos.leclercdrive.fr/image.ashx?id=2616270&use=l&cat=p&typeid=i","cat":285869},{"id":119136,"n":"Fromage de tête au jambon VPF L'Atelier Charcuterie - 170g","p":2.59,"u":"15,24 €/KG","img":"https://fd1-photos.leclercdrive.fr/image.ashx?id=2999556&use=l&cat=p&typeid=i","cat":316008},{"id":119262,"n":"Sauce bolognaise Panzani 100% Pur Bœuf - 400G","p":2.2,"u":"5,50 €/KG","img":"https://fd1-photos.leclercdrive.fr/image.ashx?id=2984754&use=l&cat=p&typeid=i","cat":287599},{"id":119264,"n":"Sauce Bolognaise Panzani 100% Pur Bœuf - 650G","p":3.42,"u":"5,26 €/KG","img":"https://fd1-photos.leclercdrive.fr/image.ashx?id=2977933&use=l&cat=p&typeid=i","cat":287599},{"id":119271,"n":"Haricots rouge Notre Jardin 3x125g","p":1.91,"u":"5,09 €/KG","img":"https://fd1-photos.leclercdrive.fr/image.ashx?id=2988111&use=l&cat=p&typeid=i","cat":312606},{"id":119273,"n":"Carottes Notre Jardin 3x130g","p":2.25,"u":"5,77 €/KG","img":"https://fd1-photos.leclercdrive.fr/image.ashx?id=3002629&use=l&cat=p&typeid=i","cat":312607},{"id":119275,"n":"Haricots blancs Notre Jardin 3x125g","p":1.99,"u":"5,31 €/KG","img":"https://fd1-photos.leclercdrive.fr/image.ashx?id=3002632&use=l&cat=p&typeid=i","cat":312606},{"id":119287,"n":"Protège lingerie bio Tadam Dermo-sensitif normal - x24","p":2.4,"img":"https://fd1-photos.leclercdrive.fr/image.ashx?id=2754764&use=l&cat=p&typeid=i","cat":284625},{"id":119503,"n":"AOC Bourgogne Chardonnay La Chablisienne - 75cl","p":7.9,"u":"10,53 €/L","img":"https://fd1-photos.leclercdrive.fr/image.ashx?id=2524745&use=l&cat=p&typeid=i","cat":289557},{"id":119561,"n":"Compotes Materne Coupelles Pomme Pruneau - 4x100g","p":1.57,"u":"3,93 €/KG","img":"https://fd1-photos.leclercdrive.fr/image.ashx?id=3010858&use=l&cat=p&typeid=i","cat":284508},{"id":119563,"n":"Compotes Materne Coupelles Pomme Pêche Abricot - 4x100g","p":1.69,"u":"4,23 €/KG","img":"https://fd1-photos.leclercdrive.fr/image.ashx?id=3010864&use=l&cat=p&typeid=i","cat":284508},{"id":119594,"n":"Endives jeunes pousses  Nos Régions ont du Talent x6","p":2.49,"u":"9,58 €/KG","img":"https://fd1-photos.leclercdrive.fr/image.ashx?id=2778099&use=l&cat=p&typeid=i","cat":284352},{"id":119632,"n":"AOP Cabernet d'Anjou rosé Charles de Villeneuve - 75cl","p":4.5,"u":"6,00 €/L","img":"https://fd1-photos.leclercdrive.fr/image.ashx?id=2859272&use=l&cat=p&typeid=i","cat":289558},{"id":119634,"n":"Gourmet Gold Régal de sauce  x12 - 85g","p":6.39,"u":"6,26 €/KG","img":"https://fd1-photos.leclercdrive.fr/image.ashx?id=2902364&use=l&cat=p&typeid=i","cat":285286},{"id":119709,"n":"Fromage Persillée Saint Agur  125g","p":2.4,"u":"19,20 €/KG","img":"https://fd1-photos.leclercdrive.fr/image.ashx?id=2981515&use=l&cat=p&typeid=i","cat":314032},{"id":119797,"n":"Comté fromage bloc Les Croisés 200g","p":2.85,"u":"14,25 €/KG","img":"https://fd1-photos.leclercdrive.fr/image.ashx?id=2856585&use=l&cat=p&typeid=i","cat":314034},{"id":119893,"n":"Skyr Nature Délisse 450g","p":1.89,"u":"4,20 €/KG","img":"https://fd1-photos.leclercdrive.fr/image.ashx?id=2992549&use=l&cat=p&typeid=i","cat":315000},{"id":119940,"n":"Mini candy play Copains Copines 180g","p":1.49,"u":"8,28 €/KG","img":"https://fd1-photos.leclercdrive.fr/image.ashx?id=2589861&use=l&cat=p&typeid=i","cat":304250},{"id":119941,"n":"Fromage à Tartiner Tartare Ail et Fines Herbes 10P - 160g","p":2.08,"u":"13,00 €/KG","img":"https://fd1-photos.leclercdrive.fr/image.ashx?id=2867410&use=l&cat=p&typeid=i","cat":314029},{"id":119943,"n":"Soupe 10 légumes Liebig A la crème - x2 - 60cl","p":2.06,"u":"3,43 €/L","img":"https://fd1-photos.leclercdrive.fr/image.ashx?id=2892139&use=l&cat=p&typeid=i","cat":284462},{"id":119954,"n":"Crevettes Delpierre ASC décortiquées - 100g","p":3.38,"u":"33,80 €/KG","img":"https://fd1-photos.leclercdrive.fr/image.ashx?id=2870530&use=l&cat=p&typeid=i","cat":284343},{"id":119957,"n":"Acras de morue Maison Briau A la créole ciboule piment 200g","p":2.58,"u":"12,90 €/KG","img":"https://fd1-photos.leclercdrive.fr/image.ashx?id=2959469&use=l&cat=p&typeid=i","cat":333673},{"id":119958,"n":"Filets de colin d'Alaska Meunière MSC x2 - 200g","p":2.49,"u":"12,45 €/KG","img":"https://fd1-photos.leclercdrive.fr/image.ashx?id=2652107&use=l&cat=p&typeid=i","cat":284344},{"id":119959,"n":"Filets de limande du Nord MSC L'Atelier Poissonnerie x4 400g","p":6.49,"u":"16,23 €/KG","img":"https://fd1-photos.leclercdrive.fr/image.ashx?id=2855292&use=l&cat=p&typeid=i","cat":284344},{"id":119960,"n":"Filets de colin pané d'Alaska MSC sans arrêtes x2 - 220g","p":2.99,"u":"13,59 €/KG","img":"https://fd1-photos.leclercdrive.fr/image.ashx?id=2652110&use=l&cat=p&typeid=i","cat":284344},{"id":119973,"n":"Pavé de saumon Bio L'Atelier Poissonnerie - 250g","p":9.44,"u":"37,76 €/KG","img":"https://fd1-photos.leclercdrive.fr/image.ashx?id=2340596&use=l&cat=p&typeid=i","cat":284342},{"id":120212,"n":"Nouilles soba Cup Nissin Classique - 90g","p":1.9,"u":"21,11 €/KG","img":"https://fd1-photos.leclercdrive.fr/image.ashx?id=2433512&use=l&cat=p&typeid=i","cat":288992},{"id":120224,"n":"Cristaux de soude Clair 500g","p":1.93,"u":"3,86 €/KG","img":"https://fd1-photos.leclercdrive.fr/image.ashx?id=2822144&use=l&cat=p&typeid=i","cat":325365},{"id":120225,"n":"Percarbonate de sodium Clair 500g","p":2.99,"u":"5,98 €/KG","img":"https://fd1-photos.leclercdrive.fr/image.ashx?id=2822141&use=l&cat=p&typeid=i","cat":325365},{"id":120261,"n":"Lessive liquide Epsil Anti-transfert - 40 lavages 2L","p":5.99,"u":"3,00 €/L","img":"https://fd1-photos.leclercdrive.fr/image.ashx?id=2838936&use=l&cat=p&typeid=i","cat":284640},{"id":120266,"n":"Galettes de riz Tanoshi Vietnam x10 - 100g","p":2.59,"u":"2,59 €/KG","img":"https://fd1-photos.leclercdrive.fr/image.ashx?id=2999982&use=l&cat=p&typeid=i","cat":288992},{"id":120283,"n":"Pata Pate de curry Patak's Tandoori - 170g","p":2.99,"u":"17,59 €/KG","img":"https://fd1-photos.leclercdrive.fr/image.ashx?id=2650759&use=l&cat=p&typeid=i","cat":289012},{"id":120295,"n":"Mascara Waterproof Maybelline  Cils Sensational Extra-noir","p":8.58,"img":"https://fd1-photos.leclercdrive.fr/image.ashx?id=2377781&use=l&cat=p&typeid=i","cat":287029},{"id":120331,"n":"Eau gazeuse minérale Salvetat Pauvre en sodium - 6x1,15L","p":3.04,"u":"0,44 €/L","img":"https://fd1-photos.leclercdrive.fr/image.ashx?id=2578693&use=l&cat=p&typeid=i","cat":284536},{"id":120335,"n":"Eau gazeuse aromatisée Salvetat citron - 1,15L","p":0.83,"u":"0,72 €/L","img":"https://fd1-photos.leclercdrive.fr/image.ashx?id=2279753&use=l&cat=p&typeid=i","cat":284536},{"id":120348,"n":"Purée 4 mois Bio Village Pomme pruneaux bio - 4x100g","p":1.69,"u":"4,23 €/KG","img":"https://fd1-photos.leclercdrive.fr/image.ashx?id=2704837&use=l&cat=p&typeid=i","cat":312387},{"id":120349,"n":"Purée 4 mois Bio Village Pomme Abricot bio - 4x100g","p":1.89,"u":"4,73 €/KG","img":"https://fd1-photos.leclercdrive.fr/image.ashx?id=2704690&use=l&cat=p&typeid=i","cat":312387},{"id":120350,"n":"Purée 4 mois Bio Village Pomme coing bio - 4x100g","p":1.79,"u":"4,48 €/KG","img":"https://fd1-photos.leclercdrive.fr/image.ashx?id=2704840&use=l&cat=p&typeid=i","cat":312387},{"id":120351,"n":"Purée 4 mois Bio Village Pomme myrtilles bio - 4x100g","p":1.99,"u":"4,98 €/KG","img":"https://fd1-photos.leclercdrive.fr/image.ashx?id=2704843&use=l&cat=p&typeid=i","cat":312387},{"id":120421,"n":"Crème de coco Real Thai 200ml","p":1.49,"u":"7,45 €/L","img":"https://fd1-photos.leclercdrive.fr/image.ashx?id=2857944&use=l&cat=p&typeid=i","cat":288992},{"id":120422,"n":"Lait de coco uht Real Thai 200ml","p":1.54,"u":"7,70 €/L","img":"https://fd1-photos.leclercdrive.fr/image.ashx?id=2872249&use=l&cat=p&typeid=i","cat":288992},{"id":120428,"n":"Serviette ecolo Uni Vert Normal - x14","p":1.79,"u":"0,13 €/P","img":"https://fd1-photos.leclercdrive.fr/image.ashx?id=2831589&use=l&cat=p&typeid=i","cat":284624},{"id":120429,"n":"Serviette écolo Uni vert Super+ - x12","p":1.55,"u":"0,13 €/P","img":"https://fd1-photos.leclercdrive.fr/image.ashx?id=2820445&use=l&cat=p&typeid=i","cat":284624},{"id":120449,"n":"Coussinet allaitement x60 Mots d'Enfants absorption normale","p":5.95,"img":"https://fd1-photos.leclercdrive.fr/image.ashx?id=2287571&use=l&cat=p&typeid=i","cat":289435},{"id":120485,"n":"Mascara Volume L'Oréal Paris Millions de Cils Extra Black","p":10.79,"pp":7.12,"img":"https://fd1-photos.leclercdrive.fr/image.ashx?id=2419170&use=l&cat=p&typeid=i","cat":287029},{"id":120488,"n":"Riz parfumé Comptoir du Grain Basmati -1kg","p":2.48,"u":"2,48 €/KG","img":"https://fd1-photos.leclercdrive.fr/image.ashx?id=2923399&use=l&cat=p&typeid=i","cat":284428},{"id":120505,"n":"Mascara Waterproof L'OréalParis Millions de Cils Noir","p":10.99,"u":"407,04 €/KG","img":"https://fd1-photos.leclercdrive.fr/image.ashx?id=2278076&use=l&cat=p&typeid=i","cat":287029},{"id":120512,"n":"Fond de Teint L'Oréal Paris Accord Parfait 4.N Beige","p":13.07,"img":"https://fd1-photos.leclercdrive.fr/image.ashx?id=2937352&use=l&cat=p&typeid=i","cat":287029},{"id":120517,"n":"Crayon khôl L'Oréal Paris Paradise 101 Midnight Black","p":5.4,"img":"https://fd1-photos.leclercdrive.fr/image.ashx?id=2340981&use=l&cat=p&typeid=i","cat":287029},{"id":120519,"n":"Correcteur anticerne Maybelline Instant Anti-Age 02 Beige Nu","p":8.08,"img":"https://fd1-photos.leclercdrive.fr/image.ashx?id=2423172&use=l&cat=p&typeid=i","cat":287029},{"id":120520,"n":"Mascara Maybelline  Cils Sensational Extra-noir","p":7.09,"img":"https://fd1-photos.leclercdrive.fr/image.ashx?id=2377784&use=l&cat=p&typeid=i","cat":287029},{"id":120587,"n":"Friandise pour chat Dentalife Saumon - 40g","p":1.43,"u":"35,75 €/KG","img":"https://fd1-photos.leclercdrive.fr/image.ashx?id=2468638&use=l&cat=p&typeid=i","cat":285285},{"id":120676,"n":"Shampooing Arbre Vert Peaux sensibles - 250ml","p":1.79,"u":"7,16 €/L","img":"https://fd1-photos.leclercdrive.fr/image.ashx?id=2175909&use=l&cat=p&typeid=i","cat":284606},{"id":120683,"n":"Petits pots bébé P'TITE RECETTE Bœuf bourguignon 12M+ - 2x200g","p":2.19,"u":"5,48 €/KG","img":"https://fd1-photos.leclercdrive.fr/image.ashx?id=2525714&use=l&cat=p&typeid=i","cat":312237},{"id":120688,"n":"Gel douche argan So Bio Etic Nutrition bio - 650ml","p":5.82,"u":"8,95 €/L","img":"https://fd1-photos.leclercdrive.fr/image.ashx?id=2891583&use=l&cat=p&typeid=i","cat":284594},{"id":120690,"n":"Shampoing Nateïs Cheveux fragiles - 250ml","p":1.27,"u":"5,08 €/L","img":"https://fd1-photos.leclercdrive.fr/image.ashx?id=2626838&use=l&cat=p&typeid=i","cat":284606},{"id":120692,"n":"Pur jus d'orange Bio Village Bio - 2L","p":4.75,"u":"2,38 €/L","img":"https://fd1-photos.leclercdrive.fr/image.ashx?id=2751922&use=l&cat=p&typeid=i","cat":284521},{"id":120694,"n":"Jus de pomme bio Bio Village 1L","p":1.29,"u":"1,29 €/L","img":"https://fd1-photos.leclercdrive.fr/image.ashx?id=2958783&use=l&cat=p&typeid=i","cat":284522},{"id":120715,"n":"IGP Pâte Garofalo  Rigatoni - 500g","p":1.69,"u":"3,38 €/KG","img":"https://fd1-photos.leclercdrive.fr/image.ashx?id=3011890&use=l&cat=p&typeid=i","cat":284427},{"id":120724,"n":"Pâtes Garofalo Farfalle - 500g","p":1.68,"u":"3,36 €/KG","img":"https://fd1-photos.leclercdrive.fr/image.ashx?id=2884849&use=l&cat=p&typeid=i","cat":284427},{"id":120727,"n":"Pâtes tagliatelle Garofalo 500g","p":1.99,"u":"3,98 €/KG","img":"https://fd1-photos.leclercdrive.fr/image.ashx?id=3005350&use=l&cat=p&typeid=i","cat":284427},{"id":120741,"n":"Jus d'orange Bio Village Bio A base de concentré - 1L","p":2.19,"u":"2,19 €/L","img":"https://fd1-photos.leclercdrive.fr/image.ashx?id=2958777&use=l&cat=p&typeid=i","cat":284521},{"id":120744,"n":"Barre de céréales Nature Valley Sweet & Salty cacahuète x5-150g","p":2.79,"u":"18,60 €/KG","img":"https://fd1-photos.leclercdrive.fr/image.ashx?id=2737711&use=l&cat=p&typeid=i","cat":285869},{"id":120822,"n":"Tablette de chocolat noir Lindt Croquant Noisette - 150g","p":4.25,"u":"28,33 €/KG","img":"https://fd1-photos.leclercdrive.fr/image.ashx?id=1877963&use=l&cat=p&typeid=i","cat":284956},{"id":120828,"n":"Poêle 24cm Easy Cook'n Clean Tous feux sauf induction","p":16.9,"img":"https://fd1-photos.leclercdrive.fr/image.ashx?id=2531856&use=l&cat=p&typeid=i","cat":298490},{"id":120829,"n":"Poêle 28cm Easy Cook'n Clean Tous feux sauf induction","p":19.9,"img":"https://fd1-photos.leclercdrive.fr/image.ashx?id=2531859&use=l&cat=p&typeid=i","cat":298490},{"id":120832,"n":"Casserole Easy Cook'n Clean 20cm Tous feux sauf induction","p":16.9,"img":"https://fd1-photos.leclercdrive.fr/image.ashx?id=2606921&use=l&cat=p&typeid=i","cat":298490},{"id":120841,"n":"Bonbons Lutti Max 2 Fizz Assortiment Piquant - 500g","p":4.43,"u":"8,86 €/KG","img":"https://fd1-photos.leclercdrive.fr/image.ashx?id=2964685&use=l&cat=p&typeid=i","cat":304250},{"id":120843,"n":"Chicorée Soluble Ricoré  Aux Céréales - 250g","p":4.39,"u":"17,56 €/KG","img":"https://fd1-photos.leclercdrive.fr/image.ashx?id=2979611&use=l&cat=p&typeid=i","cat":284843},{"id":120847,"n":"Bonbon colabizz Lutti Acidulé goût cola - 275g","p":1.85,"u":"6,73 €/KG","img":"https://fd1-photos.leclercdrive.fr/image.ashx?id=2551042&use=l&cat=p&typeid=i","cat":304250},{"id":120851,"n":"Réglisse Lutti O'Tablo Rafraichissante - 200g","p":1.19,"u":"5,95 €/KG","img":"https://fd1-photos.leclercdrive.fr/image.ashx?id=2817425&use=l&cat=p&typeid=i","cat":304250},{"id":120852,"n":"Bonbon arlequin Lutti Acidulé aux fruits - 320g","p":2.89,"u":"9,03 €/KG","img":"https://fd1-photos.leclercdrive.fr/image.ashx?id=2817431&use=l&cat=p&typeid=i","cat":304250},{"id":120853,"n":"Bonbons Lutti Scoubifizz Piquants Fruits - 180g","p":1.44,"u":"8,00 €/KG","img":"https://fd1-photos.leclercdrive.fr/image.ashx?id=2964837&use=l&cat=p&typeid=i","cat":304250},{"id":120855,"n":"Bonbons Lutti Filitubs xl Piquants - 180g","p":1.76,"u":"9,78 €/KG","img":"https://fd1-photos.leclercdrive.fr/image.ashx?id=2817440&use=l&cat=p&typeid=i","cat":304250},{"id":120856,"n":"Bonbon guimauve Lutti Koala - 185g","p":1.5,"u":"8,11 €/KG","img":"https://fd1-photos.leclercdrive.fr/image.ashx?id=2817443&use=l&cat=p&typeid=i","cat":304250},{"id":120864,"n":"Bonbons Lutti Flexifizz Piquants Fraise - 225g","p":1.39,"u":"6,18 €/KG","img":"https://fd1-photos.leclercdrive.fr/image.ashx?id=2806396&use=l&cat=p&typeid=i","cat":304250},{"id":120865,"n":"Poudre chocolatée NESQUIK Sticks  - 12x13.5g","p":2.64,"u":"16,30 €/KG","img":"https://fd1-photos.leclercdrive.fr/image.ashx?id=3005302&use=l&cat=p&typeid=i","cat":293235},{"id":120890,"n":"Chiffonnade de chorizo 80g","p":3.49,"u":"43,63 €/KG","img":"https://fd1-photos.leclercdrive.fr/image.ashx?id=2484389&use=l&cat=p&typeid=i","cat":316006},{"id":120891,"n":"Chiffonnade de Serrano 80g","p":3.9,"u":"48,75 €/KG","img":"https://fd1-photos.leclercdrive.fr/image.ashx?id=2484392&use=l&cat=p&typeid=i","cat":316007},{"id":120908,"n":"Crevettes entières, cuites ASC L'Atelier Poissonnerie - 500g","p":4.99,"u":"9,98 €/KG","img":"https://fd1-photos.leclercdrive.fr/image.ashx?id=2325326&use=l&cat=p&typeid=i","cat":327284},{"id":120940,"n":"Solution micellaire Bioderma ABCDerm H2O - 1L","p":10.99,"u":"10,99 €/L","img":"https://fd1-photos.leclercdrive.fr/image.ashx?id=2956514&use=l&cat=p&typeid=i","cat":290425},{"id":120945,"n":"IGP Pays d'oc gris rosé Miss Anais 12% vol - 75cl","p":5.8,"u":"7,73 €/L","img":"https://fd1-photos.leclercdrive.fr/image.ashx?id=2692146&use=l&cat=p&typeid=i","cat":289558},{"id":121157,"n":"Foie gras de canard Delpeyrat Entier - 270g","p":32.98,"u":"122,15 €/KG","img":"https://fd1-photos.leclercdrive.fr/image.ashx?id=2906082&use=l&cat=p&typeid=i","cat":316008},{"id":121236,"n":"Compotes Materne Coupelles BIO Pomme nature - 8x100g","p":3.37,"u":"4,21 €/KG","img":"https://fd1-photos.leclercdrive.fr/image.ashx?id=2748149&use=l&cat=p&typeid=i","cat":284508},{"id":121237,"n":"Compotes Pom'Potes Gourdes  5 Fruits Rouges - 4x90g","p":2.22,"u":"6,17 €/KG","img":"https://fd1-photos.leclercdrive.fr/image.ashx?id=3010885&use=l&cat=p&typeid=i","cat":284508},{"id":121265,"n":"Chocolat en poudre Poulain 1848 Boîte - 450g","p":4.29,"u":"9,53 €/KG","img":"https://fd1-photos.leclercdrive.fr/image.ashx?id=2867122&use=l&cat=p&typeid=i","cat":293235},{"id":121271,"n":"Miel l'Apiculteur crémeux  et onctueux - 1kg","p":11.8,"u":"11,80 €/KG","img":"https://fd1-photos.leclercdrive.fr/image.ashx?id=2838253&use=l&cat=p&typeid=i","cat":287643},{"id":121274,"n":"Compotes Pom'Potes Gourdes  Pomme Fraise - 4x90g","p":1.95,"u":"5,42 €/KG","img":"https://fd1-photos.leclercdrive.fr/image.ashx?id=3010897&use=l&cat=p&typeid=i","cat":284508},{"id":121276,"n":"Compotes Pom'Potes Gourdes BIO  Pomme Nature - 4x90g","p":2.11,"u":"5,86 €/KG","img":"https://fd1-photos.leclercdrive.fr/image.ashx?id=2949814&use=l&cat=p&typeid=i","cat":284508},{"id":121315,"n":"Haché Happy Family Charal 20x80g - 1,6kg","p":19.05,"u":"11,91 €/KG","img":"https://fd1-photos.leclercdrive.fr/image.ashx?id=2739776&use=l&cat=p&typeid=i","cat":319778},{"id":121356,"n":"Dentifrice Original Parodontax Complete protect - 75ml","p":4.23,"u":"56,40 €/L","img":"https://fd1-photos.leclercdrive.fr/image.ashx?id=2546749&use=l&cat=p&typeid=i","cat":284612},{"id":121358,"n":"Dentifrice Blancheur Parodontax Complete protect - 75ml","p":4.21,"u":"56,13 €/L","img":"https://fd1-photos.leclercdrive.fr/image.ashx?id=2896393&use=l&cat=p&typeid=i","cat":284612},{"id":121387,"n":"Lingettes Mots d'Enfants Toilettes bio - x60","p":2.17,"u":"0,04 €/P","img":"https://fd1-photos.leclercdrive.fr/image.ashx?id=2856579&use=l&cat=p&typeid=i","cat":284738},{"id":121388,"n":"Sacs poubelle 20L Elembal Poignées coulissantes - x20","p":2.05,"u":"0,10 €/P","img":"https://fd1-photos.leclercdrive.fr/image.ashx?id=2958753&use=l&cat=p&typeid=i","cat":285168},{"id":121392,"n":"Sauce tomate Lucien Georgelin Au piment D'espelette - 300g","p":2.8,"u":"9,33 €/KG","img":"https://fd1-photos.leclercdrive.fr/image.ashx?id=2015666&use=l&cat=p&typeid=i","cat":288384},{"id":121393,"n":"Sauce tomate Lucien Georgelin  au basilic - 300g","p":2.7,"u":"9,00 €/KG","img":"https://fd1-photos.leclercdrive.fr/image.ashx?id=2015669&use=l&cat=p&typeid=i","cat":288384},{"id":121446,"n":"Peaches Haribo  Sachet bonbons - 250g","p":1.92,"u":"7,68 €/KG","img":"https://fd1-photos.leclercdrive.fr/image.ashx?id=2984925&use=l&cat=p&typeid=i","cat":304250},{"id":121447,"n":"Flanbolo Haribo Sachet bonbons - 200g","p":1.8,"u":"9,00 €/KG","img":"https://fd1-photos.leclercdrive.fr/image.ashx?id=2806117&use=l&cat=p&typeid=i","cat":304250},{"id":121453,"n":"Ricola sans sucre citron vert Thé vert - 50g","p":1.59,"u":"31,80 €/KG","img":"https://fd1-photos.leclercdrive.fr/image.ashx?id=2382189&use=l&cat=p&typeid=i","cat":304256},{"id":121482,"n":"Bière Blanche Hermine 6x25cl","p":5.56,"u":"3,71 €/L","img":"https://fd1-photos.leclercdrive.fr/image.ashx?id=2107850&use=l&cat=p&typeid=i","cat":334878},{"id":121491,"n":"Bière Lancelot IPA bio 6x25cl","p":6.65,"u":"4,43 €/L","img":"https://fd1-photos.leclercdrive.fr/image.ashx?id=1878437&use=l&cat=p&typeid=i","cat":334872},{"id":121493,"n":"Gel nettoyant Syphon Javel canalisation - 1L","p":2.98,"u":"2,98 €/L","img":"https://fd1-photos.leclercdrive.fr/image.ashx?id=2917659&use=l&cat=p&typeid=i","cat":284908},{"id":121690,"n":"Cidre Brut Mam Goudig - 75cl","p":3.12,"u":"4,16 €/L","img":"https://fd1-photos.leclercdrive.fr/image.ashx?id=1879633&use=l&cat=p&typeid=i","cat":334880},{"id":121691,"n":"Cidre doux Mam Goudig - 75cl","p":3.08,"u":"4,11 €/L","img":"https://fd1-photos.leclercdrive.fr/image.ashx?id=1879636&use=l&cat=p&typeid=i","cat":334880},{"id":121707,"n":"Sauce bolognaise pur boeuf Panzani - 200g","p":1.63,"u":"8,15 €/KG","img":"https://fd1-photos.leclercdrive.fr/image.ashx?id=2880682&use=l&cat=p&typeid=i","cat":287599},{"id":121708,"n":"Céréales fourrées P'tit Déli Chocolat noisette - 650g","p":3.08,"u":"4,74 €/KG","img":"https://fd1-photos.leclercdrive.fr/image.ashx?id=2840740&use=l&cat=p&typeid=i","cat":309513},{"id":121777,"n":"Noix de cajou Tokapi Miel & sel - 125g","p":2.28,"u":"18,24 €/KG","img":"https://fd1-photos.leclercdrive.fr/image.ashx?id=2793899&use=l&cat=p&typeid=i","cat":284448},{"id":121799,"n":"Bière blonde Melen Britt - 6x25cl","p":5.06,"u":"3,37 €/L","img":"https://fd1-photos.leclercdrive.fr/image.ashx?id=2108732&use=l&cat=p&typeid=i","cat":334873},{"id":121800,"n":"Bière blonde Sant Erwann IPA - 6x25cl","p":6.24,"u":"4,16 €/L","img":"https://fd1-photos.leclercdrive.fr/image.ashx?id=2678083&use=l&cat=p&typeid=i","cat":334852},{"id":121803,"n":"Bière rousse Dremmwel bio 6x25cl","p":5.67,"u":"3,78 €/L","img":"https://fd1-photos.leclercdrive.fr/image.ashx?id=2678089&use=l&cat=p&typeid=i","cat":334852},{"id":121805,"n":"Bière blé noir Dremmwel bio 6x25cl","p":6.75,"u":"4,50 €/L","img":"https://fd1-photos.leclercdrive.fr/image.ashx?id=2870764&use=l&cat=p&typeid=i","cat":334852},{"id":121864,"n":"Thé Earl Grey Yaté x25- 45g","p":0.82,"u":"18,22 €/KG","img":"https://fd1-photos.leclercdrive.fr/image.ashx?id=2952400&use=l&cat=p&typeid=i","cat":293233},{"id":121992,"n":"Secret de mousse La laitière Chocolat Lait et Blanc - 4x59 g","p":1.54,"u":"6,53 €/KG","img":"https://fd1-photos.leclercdrive.fr/image.ashx?id=2729782&use=l&cat=p&typeid=i","cat":284417},{"id":122035,"n":"Vinaigre de ménage 14° Briochin Ecocert - 1L","p":3.29,"u":"3,29 €/L","img":"https://fd1-photos.leclercdrive.fr/image.ashx?id=3000734&use=l&cat=p&typeid=i","cat":325365},{"id":122040,"n":"Douche crème Le Petit Olivier Lait de karité - 750ml","p":4.07,"u":"5,43 €/L","img":"https://fd1-photos.leclercdrive.fr/image.ashx?id=2144851&use=l&cat=p&typeid=i","cat":284594},{"id":122094,"n":"Barre bio Bio village Chocolat coeur au lait - 125g","p":3.35,"u":"26,80 €/KG","img":"https://fd1-photos.leclercdrive.fr/image.ashx?id=2176095&use=l&cat=p&typeid=i","cat":284488},{"id":122221,"n":"Concentré Sodastream Pepsi - 440ml","p":5.99,"pp":4.99,"u":"11,34 €/L","img":"https://fd1-photos.leclercdrive.fr/image.ashx?id=2665532&use=l&cat=p&typeid=i","cat":295020},{"id":122222,"n":"Concentré Sodastream Pepsi Max- 440ml","p":5.99,"pp":4.99,"u":"11,34 €/L","img":"https://fd1-photos.leclercdrive.fr/image.ashx?id=2665535&use=l&cat=p&typeid=i","cat":295020},{"id":122223,"n":"Concentré Sodastream 7UP - 440ml","p":5.99,"pp":4.99,"u":"11,34 €/L","img":"https://fd1-photos.leclercdrive.fr/image.ashx?id=2814211&use=l&cat=p&typeid=i","cat":295020},{"id":122230,"n":"Jambon supérieur Bio Village Découenné 2 Tranches bio - 70g","p":2.58,"u":"36,86 €/KG","img":"https://fd1-photos.leclercdrive.fr/image.ashx?id=2275400&use=l&cat=p&typeid=i","cat":316009},{"id":122231,"n":"Jambon supérieur Bio Village découenné 4 Tranches bio - 140g","p":4.02,"u":"28,71 €/KG","img":"https://fd1-photos.leclercdrive.fr/image.ashx?id=2974876&use=l&cat=p&typeid=i","cat":316009},{"id":122254,"n":"Verrines St-Jacques carottes Pommes fondantes x4 - 160g","p":3.9,"pp":2.73,"u":"17,06 €/KG","img":"https://fd1-photos.leclercdrive.fr/image.ashx?id=2504728&use=l&cat=p&typeid=i","cat":327280},{"id":122344,"n":"Pots bébé soir bio Babybio Légumes riz - 8 mois - 2x200g","p":2.87,"u":"7,18 €/KG","img":"https://fd1-photos.leclercdrive.fr/image.ashx?id=2838314&use=l&cat=p&typeid=i","cat":312239},{"id":122346,"n":"Babybio Optima croissance 3 Bio 800g","p":16.15,"u":"20,19 €/KG","img":"https://fd1-photos.leclercdrive.fr/image.ashx?id=2944029&use=l&cat=p&typeid=i","cat":290219},{"id":122347,"n":"Lait Primea 2 Bio Babybio 800g","p":17.52,"u":"21,90 €/KG","img":"https://fd1-photos.leclercdrive.fr/image.ashx?id=2962824&use=l&cat=p&typeid=i","cat":284727},{"id":122348,"n":"Lait Primea 3 Bio Babybio 800g","p":14.53,"u":"18,16 €/KG","img":"https://fd1-photos.leclercdrive.fr/image.ashx?id=2944026&use=l&cat=p&typeid=i","cat":290219},{"id":122403,"n":"Patate douce bio Bio Village 500g","p":2.49,"u":"4,98 €/KG","img":"https://fd1-photos.leclercdrive.fr/image.ashx?id=2934805&use=l&cat=p&typeid=i","cat":284352},{"id":122419,"n":"Skyr Siggi's  Nature 0% MG - 2x140g","p":1.91,"u":"6,82 €/KG","img":"https://fd1-photos.leclercdrive.fr/image.ashx?id=2372412&use=l&cat=p&typeid=i","cat":315000},{"id":122420,"n":"Skyr Siggi's  Vanille - 2x140g","p":2.0,"u":"7,14 €/KG","img":"https://fd1-photos.leclercdrive.fr/image.ashx?id=2646119&use=l&cat=p&typeid=i","cat":315000},{"id":122433,"n":"Allumettes Bio Village bio Fumées - 2x60g","p":1.59,"u":"13,25 €/KG","img":"https://fd1-photos.leclercdrive.fr/image.ashx?id=3004130&use=l&cat=p&typeid=i","cat":316011},{"id":122434,"n":"Allumettes nature Bio Village bio 2x60g","p":2.15,"u":"17,92 €/KG","img":"https://fd1-photos.leclercdrive.fr/image.ashx?id=2999637&use=l&cat=p&typeid=i","cat":316011},{"id":122435,"n":"Lardons supérieurs Bio Village bio Fumés - 2x60g","p":1.75,"u":"14,58 €/KG","img":"https://fd1-photos.leclercdrive.fr/image.ashx?id=2761983&use=l&cat=p&typeid=i","cat":316011},{"id":122528,"n":"Skyr Siggi's  Framboise - 2x140g","p":2.07,"u":"7,39 €/KG","img":"https://fd1-photos.leclercdrive.fr/image.ashx?id=2692095&use=l&cat=p&typeid=i","cat":315000},{"id":122529,"n":"Skyr Siggi's  Myrtille - 2x140g","p":1.91,"u":"6,82 €/KG","img":"https://fd1-photos.leclercdrive.fr/image.ashx?id=2692098&use=l&cat=p&typeid=i","cat":315000},{"id":122553,"n":"Compote bio Bio Village Bocal pomme vanille - 625g","p":2.02,"u":"3,23 €/KG","img":"https://fd1-photos.leclercdrive.fr/image.ashx?id=1948045&use=l&cat=p&typeid=i","cat":284508},{"id":122719,"n":"Miel de fleurs Lune de miel Flacon doseur liquide - 1kg","p":8.35,"u":"8,35 €/KG","img":"https://fd1-photos.leclercdrive.fr/image.ashx?id=2984874&use=l&cat=p&typeid=i","cat":287643},{"id":122790,"n":"Chips Tuiles Pringles Hot Spicy - 175g","p":1.71,"u":"9,77 €/KG","img":"https://fd1-photos.leclercdrive.fr/image.ashx?id=2902295&use=l&cat=p&typeid=i","cat":287899},{"id":122792,"n":"Chips Tuiles Pringles Crème et Oignon - 175g","p":1.7,"u":"9,71 €/KG","img":"https://fd1-photos.leclercdrive.fr/image.ashx?id=2902292&use=l&cat=p&typeid=i","cat":287899},{"id":122810,"n":"Kakis Panier du Primeur Barquette 1kg","p":2.99,"u":"2,99 €/KG","img":"https://fd1-photos.leclercdrive.fr/image.ashx?id=2402798&use=l&cat=p&typeid=i","cat":284356},{"id":122825,"n":"Sauce au poivre Rustica 245g","p":1.19,"u":"4,86 €/KG","img":"https://fd1-photos.leclercdrive.fr/image.ashx?id=2558829&use=l&cat=p&typeid=i","cat":318431},{"id":122895,"n":"Chips Tuiles Pringles Original - 175g","p":1.68,"u":"9,60 €/KG","img":"https://fd1-photos.leclercdrive.fr/image.ashx?id=2902298&use=l&cat=p&typeid=i","cat":287899},{"id":122899,"n":"Rasoirs jetables Gillette Blue 3 - x8","p":8.78,"u":"1,10 €/P","img":"https://fd1-photos.leclercdrive.fr/image.ashx?id=2901139&use=l&cat=p&typeid=i","cat":284616},{"id":122928,"n":"Sauce apéritif Old El Paso Mexicanita medium - 335g","p":2.99,"u":"8,93 €/KG","img":"https://fd1-photos.leclercdrive.fr/image.ashx?id=2737609&use=l&cat=p&typeid=i","cat":288993},{"id":122930,"n":"Tortillas Old El Paso sans gluten x6 - 216g","p":2.99,"u":"13,84 €/KG","img":"https://fd1-photos.leclercdrive.fr/image.ashx?id=2737666&use=l&cat=p&typeid=i","cat":288993},{"id":122973,"n":"Jambon de Paris Tradilège Découenné - 2 tranches - 80g","p":1.2,"u":"15,00 €/KG","img":"https://fd1-photos.leclercdrive.fr/image.ashx?id=2994384&use=l&cat=p&typeid=i","cat":316009},{"id":123029,"n":"Poisson pané Colin Findus Extra croustillant - x2 250g","p":2.75,"u":"11,00 €/KG","img":"https://fd1-photos.leclercdrive.fr/image.ashx?id=3014548&use=l&cat=p&typeid=i","cat":319788},{"id":123062,"n":"Jambon de Paris Tradilège A l'étouffé - 160g","p":1.69,"u":"10,56 €/KG","img":"https://fd1-photos.leclercdrive.fr/image.ashx?id=2951143&use=l&cat=p&typeid=i","cat":316009},{"id":123063,"n":"Jambon de Paris Tradilège Découenné dégraissé x6 - 240g","p":2.39,"u":"9,96 €/KG","img":"https://fd1-photos.leclercdrive.fr/image.ashx?id=2951146&use=l&cat=p&typeid=i","cat":316009},{"id":123065,"n":"Jambon de Paris Tradilège À l'étouffée x8 - 320g","p":3.13,"u":"9,78 €/KG","img":"https://fd1-photos.leclercdrive.fr/image.ashx?id=2994387&use=l&cat=p&typeid=i","cat":316009},{"id":123067,"n":"Jambon de Paris Tradilège Découenné dégraissé x10 - 400g","p":3.86,"u":"9,65 €/KG","img":"https://fd1-photos.leclercdrive.fr/image.ashx?id=2930787&use=l&cat=p&typeid=i","cat":316009},{"id":123070,"n":"Jambon de Paris Tradilège -25% de sel - 4 tranches - 140g","p":2.05,"u":"14,64 €/KG","img":"https://fd1-photos.leclercdrive.fr/image.ashx?id=2991527&use=l&cat=p&typeid=i","cat":316009},{"id":123071,"n":"Jambon de Paris Tradilège -25% de sel - 6 tranches - 210g","p":2.49,"u":"11,86 €/KG","img":"https://fd1-photos.leclercdrive.fr/image.ashx?id=2994390&use=l&cat=p&typeid=i","cat":316009},{"id":123073,"n":"Jambon supérieur Tradilège Découenné - 2 tranches - 80g","p":1.25,"u":"15,63 €/KG","img":"https://fd1-photos.leclercdrive.fr/image.ashx?id=2943689&use=l&cat=p&typeid=i","cat":316009},{"id":123074,"n":"Jambon supérieur Tradilège Découenné dégraissé x4 - 160g","p":2.2,"u":"13,75 €/KG","img":"https://fd1-photos.leclercdrive.fr/image.ashx?id=2984194&use=l&cat=p&typeid=i","cat":316009},{"id":123076,"n":"Jambon supérieur Tradilège Découenné dégraissé x6 - 240g","p":3.25,"u":"13,54 €/KG","img":"https://fd1-photos.leclercdrive.fr/image.ashx?id=2974879&use=l&cat=p&typeid=i","cat":316009},{"id":123103,"n":"Jambon supérieur Tradilège Sans couenne x8 - 320g","p":4.29,"u":"13,41 €/KG","img":"https://fd1-photos.leclercdrive.fr/image.ashx?id=2943692&use=l&cat=p&typeid=i","cat":316009},{"id":123105,"n":"Jambon supérieur Tradilège Avec couenne 4 tranches - 160g","p":2.06,"u":"12,88 €/KG","img":"https://fd1-photos.leclercdrive.fr/image.ashx?id=2925756&use=l&cat=p&typeid=i","cat":316009},{"id":123106,"n":"Jambon supérieur Tradilège Avec couenne 6 tranches - 240g","p":3.08,"u":"12,83 €/KG","img":"https://fd1-photos.leclercdrive.fr/image.ashx?id=2970593&use=l&cat=p&typeid=i","cat":316009},{"id":123108,"n":"Jambon supérieur Tradilège Label rouge découenné x4 - 160g","p":2.59,"u":"16,19 €/KG","img":"https://fd1-photos.leclercdrive.fr/image.ashx?id=2943698&use=l&cat=p&typeid=i","cat":316009},{"id":123110,"n":"Jambon supérieur Tradilège Avec couenne -2 tranches - 80g","p":1.39,"u":"17,38 €/KG","img":"https://fd1-photos.leclercdrive.fr/image.ashx?id=2943695&use=l&cat=p&typeid=i","cat":316009},{"id":123133,"n":"Chiffonnade de Speck 80g","p":3.99,"u":"49,88 €/KG","img":"https://fd1-photos.leclercdrive.fr/image.ashx?id=2484383&use=l&cat=p&typeid=i","cat":316007},{"id":123136,"n":"Chiffonnade de Coppa 80g","p":4.39,"u":"54,88 €/KG","img":"https://fd1-photos.leclercdrive.fr/image.ashx?id=2917906&use=l&cat=p&typeid=i","cat":316007},{"id":123169,"n":"Feuilleté provençal  Qualité Traiteur x2 - 200g","p":3.94,"u":"19,70 €/KG","img":"https://fd1-photos.leclercdrive.fr/image.ashx?id=2793563&use=l&cat=p&typeid=i","cat":333671},{"id":123171,"n":"Feuilleté chèvre miel Qualité Traiteur x2 - 200g","p":4.49,"u":"22,45 €/KG","img":"https://fd1-photos.leclercdrive.fr/image.ashx?id=1893014&use=l&cat=p&typeid=i","cat":333671},{"id":123247,"n":"Pulpe de tomates Le Cabanon - 3x400g","p":3.51,"u":"2,93 €/KG","img":"https://fd1-photos.leclercdrive.fr/image.ashx?id=2645525&use=l&cat=p&typeid=i","cat":288384},{"id":123249,"n":"Thé blanc bio Clipper Framboise - 34g","p":2.19,"u":"64,41 €/KG","img":"https://fd1-photos.leclercdrive.fr/image.ashx?id=2906757&use=l&cat=p&typeid=i","cat":293233},{"id":123254,"n":"Rhum Blanc agricole Dillon  Martinique - 70cl","p":11.91,"u":"17,01 €/L","img":"https://fd1-photos.leclercdrive.fr/image.ashx?id=2650949&use=l&cat=p&typeid=i","cat":284550},{"id":123257,"n":"Capsules café Plantation Lungo forte n°7 - x16 - 105g","p":3.35,"u":"31,90 €/KG","img":"https://fd1-photos.leclercdrive.fr/image.ashx?id=2649744&use=l&cat=p&typeid=i","cat":293239},{"id":123360,"n":"Pétales Tables du Monde A la crevette ASC - 50g","p":0.65,"u":"13,00 €/KG","img":"https://fd1-photos.leclercdrive.fr/image.ashx?id=2920220&use=l&cat=p&typeid=i","cat":288992},{"id":123368,"n":"Brume d'eau Mot d'enfant 200ml","p":1.99,"u":"9,95 €/L","img":"https://fd1-photos.leclercdrive.fr/image.ashx?id=3015123&use=l&cat=p&typeid=i","cat":284741},{"id":123369,"n":"Crème hydratante visage & corps 75 Ml","p":1.39,"u":"18,53 €/L","img":"https://fd1-photos.leclercdrive.fr/image.ashx?id=1890346&use=l&cat=p&typeid=i","cat":325345},{"id":123371,"n":"Déboucheur Syphon Spécial cheveux - 1L","p":2.35,"u":"2,35 €/L","img":"https://fd1-photos.leclercdrive.fr/image.ashx?id=2202473&use=l&cat=p&typeid=i","cat":284908},{"id":123375,"n":"Gel Toilette Intime Neutre Intima Natural 200ml","p":3.13,"u":"15,65 €/L","img":"https://fd1-photos.leclercdrive.fr/image.ashx?id=2959865&use=l&cat=p&typeid=i","cat":284627},{"id":123393,"n":"Bière sans alcool Tourtel Twist Agrume 0,0° - 6x27,5cl","p":3.99,"u":"2,42 €/L","img":"https://fd1-photos.leclercdrive.fr/image.ashx?id=2730736&use=l&cat=p&typeid=i","cat":334877},{"id":123397,"n":"Bière sans alcool Tourtel Twist Framboise 0,0° - 6x27,5cl","p":4.09,"u":"2,48 €/L","img":"https://fd1-photos.leclercdrive.fr/image.ashx?id=2886705&use=l&cat=p&typeid=i","cat":334877},{"id":123407,"n":"Bière sans alcool Tourtel Twist Citron 0,0° - 6x27,5cl","p":3.85,"u":"2,33 €/L","img":"https://fd1-photos.leclercdrive.fr/image.ashx?id=2886702&use=l&cat=p&typeid=i","cat":334877},{"id":123411,"n":"Saucisses lentilles Stéphan - 420g","p":1.19,"u":"2,83 €/KG","img":"https://fd1-photos.leclercdrive.fr/image.ashx?id=2757036&use=l&cat=p&typeid=i","cat":284441},{"id":123416,"n":"Soda Coca-Cola Original Bouteille - Pack 6x1,75L","p":14.2,"u":"1,35 €/L","img":"https://fd1-photos.leclercdrive.fr/image.ashx?id=2878333&use=l&cat=p&typeid=i","cat":284530},{"id":123422,"n":"Soda Coca-Cola Sans Sucres Bouteille - 1,75L","p":1.72,"u":"0,98 €/L","img":"https://fd1-photos.leclercdrive.fr/image.ashx?id=2971748&use=l&cat=p&typeid=i","cat":284530},{"id":123432,"n":"Crème lavante L'arbre Vert Recharge - Amande douche -300ml","p":1.77,"u":"5,90 €/L","img":"https://fd1-photos.leclercdrive.fr/image.ashx?id=2886115&use=l&cat=p&typeid=i","cat":284597},{"id":123434,"n":"Soda Schweppes Indian Tonic Zero - 6x33cl","p":3.65,"u":"1,84 €/L","img":"https://fd1-photos.leclercdrive.fr/image.ashx?id=2852420&use=l&cat=p&typeid=i","cat":284531},{"id":123436,"n":"Boisson fruit shoot Teisseire Tropical - 6x20cl","p":2.66,"u":"2,22 €/L","img":"https://fd1-photos.leclercdrive.fr/image.ashx?id=2858204&use=l&cat=p&typeid=i","cat":295018},{"id":123437,"n":"Boisson Fruit shoot Teisseire Multivamine - 6x20cl","p":2.65,"u":"2,21 €/L","img":"https://fd1-photos.leclercdrive.fr/image.ashx?id=2858201&use=l&cat=p&typeid=i","cat":295018},{"id":123441,"n":"Mascara Maybelline  Colossal Go volume extrême Noir","p":7.39,"u":"321,30 €/L","img":"https://fd1-photos.leclercdrive.fr/image.ashx?id=2344162&use=l&cat=p&typeid=i","cat":287029},{"id":123443,"n":"Pâtes Spaghetti Plat Panzani 3 Minutes - 500G","p":1.24,"u":"2,48 €/KG","img":"https://fd1-photos.leclercdrive.fr/image.ashx?id=2896114&use=l&cat=p&typeid=i","cat":284427},{"id":123448,"n":"Biscuits cacao Kinder Cards Au lait et au cacao 2x5 - 128g","p":3.57,"u":"13,95 €/KG","img":"https://fd1-photos.leclercdrive.fr/image.ashx?id=2672608&use=l&cat=p&typeid=i","cat":284488},{"id":123458,"n":"AOP Muscadet blanc Domaine Salmon- 75cl","p":5.6,"u":"7,47 €/L","img":"https://fd1-photos.leclercdrive.fr/image.ashx?id=1928491&use=l&cat=p&typeid=i","cat":289557},{"id":123459,"n":"AOP Tavel rosé Château Castelfont - 75cl","p":7.9,"u":"10,53 €/L","img":"https://fd1-photos.leclercdrive.fr/image.ashx?id=1961687&use=l&cat=p&typeid=i","cat":289558},{"id":123461,"n":"Barre Chocolatée KINDER Country  Céréales chocolat x4 - 94g","p":1.89,"u":"20,11 €/KG","img":"https://fd1-photos.leclercdrive.fr/image.ashx?id=2672605&use=l&cat=p&typeid=i","cat":284498},{"id":123462,"n":"AOP Lubéron rosé Eléphant rose - 75cl","p":5.3,"u":"7,07 €/L","img":"https://fd1-photos.leclercdrive.fr/image.ashx?id=2906352&use=l&cat=p&typeid=i","cat":289558},{"id":123468,"n":"AOP Chinon rouge Domaine Suard BIB 3L","p":21.9,"u":"7,30 €/L","img":"https://fd1-photos.leclercdrive.fr/image.ashx?id=1910769&use=l&cat=p&typeid=i","cat":289560},{"id":123478,"n":"AOP Côtes du Rhône rouge La Chapelle Pied Vaurias -75cl","p":3.8,"u":"5,07 €/L","img":"https://fd1-photos.leclercdrive.fr/image.ashx?id=1948772&use=l&cat=p&typeid=i","cat":289556},{"id":123486,"n":"Pâtes Coquillage Panzani Créatives - 500G","p":1.3,"u":"2,60 €/KG","img":"https://fd1-photos.leclercdrive.fr/image.ashx?id=2902939&use=l&cat=p&typeid=i","cat":284427},{"id":123491,"n":"Crêpe fourrée Whaou Chocolat - x8 - 256g","p":2.09,"u":"8,16 €/KG","img":"https://fd1-photos.leclercdrive.fr/image.ashx?id=2962863&use=l&cat=p&typeid=i","cat":284494},{"id":123492,"n":"Crêpes Whaou! Chocolat x15 - 480g","p":3.66,"u":"7,63 €/KG","img":"https://fd1-photos.leclercdrive.fr/image.ashx?id=2986449&use=l&cat=p&typeid=i","cat":284494},{"id":123503,"n":"Yaourt fjord fromage blanc Nature - 4x125g","p":2.07,"u":"4,14 €/KG","img":"https://fd1-photos.leclercdrive.fr/image.ashx?id=2956993&use=l&cat=p&typeid=i","cat":284409},{"id":123504,"n":"Yaourt fjord fromage blanc Nature - 8x125g","p":3.38,"u":"3,38 €/KG","img":"https://fd1-photos.leclercdrive.fr/image.ashx?id=2653222&use=l&cat=p&typeid=i","cat":284409},{"id":123523,"n":"Tubes Copains Copines Arc-en-ciel - 200g","p":1.13,"u":"5,65 €/KG","img":"https://fd1-photos.leclercdrive.fr/image.ashx?id=2934739&use=l&cat=p&typeid=i","cat":304250},{"id":123528,"n":"Soucoupes Copains Copines Acides - 39g","p":0.99,"u":"25,38 €/KG","img":"https://fd1-photos.leclercdrive.fr/image.ashx?id=2934751&use=l&cat=p&typeid=i","cat":304250},{"id":123530,"n":"Marshmallows Copains Copines Enrobés chocolat - 160g","p":1.69,"u":"10,56 €/KG","img":"https://fd1-photos.leclercdrive.fr/image.ashx?id=2934754&use=l&cat=p&typeid=i","cat":304250},{"id":123536,"n":"Eau gazeuse aromatisée Salvetat citron vert - 1,15L","p":0.81,"u":"0,70 €/L","img":"https://fd1-photos.leclercdrive.fr/image.ashx?id=2259475&use=l&cat=p&typeid=i","cat":284536},{"id":123540,"n":"Eau minérale naturelle Volvic 6x50cl","p":2.1,"u":"0,70 €/L","img":"https://fd1-photos.leclercdrive.fr/image.ashx?id=2730247&use=l&cat=p&typeid=i","cat":284535},{"id":123541,"n":"Eau minérale naturelle Evian  12x33cl","p":4.2,"u":"1,06 €/L","img":"https://fd1-photos.leclercdrive.fr/image.ashx?id=2973556&use=l&cat=p&typeid=i","cat":284535},{"id":123542,"n":"Eau minérale naturelle Evian  6x50cl","p":2.36,"u":"0,79 €/L","img":"https://fd1-photos.leclercdrive.fr/image.ashx?id=2969022&use=l&cat=p&typeid=i","cat":284535},{"id":123545,"n":"Quiche lorraine Marie Pur beurre - 400g","p":3.33,"u":"8,33 €/KG","img":"https://fd1-photos.leclercdrive.fr/image.ashx?id=2318546&use=l&cat=p&typeid=i","cat":333680},{"id":123546,"n":"Tarte noix St-Jacques Marie Pur beurre - 350g","p":3.38,"u":"9,66 €/KG","img":"https://fd1-photos.leclercdrive.fr/image.ashx?id=2318555&use=l&cat=p&typeid=i","cat":333680},{"id":123547,"n":"Tarte poireaux Marie Pur beurre - 400g","p":3.12,"u":"7,80 €/KG","img":"https://fd1-photos.leclercdrive.fr/image.ashx?id=2318549&use=l&cat=p&typeid=i","cat":333680},{"id":123550,"n":"Yaourt aux fruits brassés Velouté fruix Danone - 16x125g","p":4.36,"u":"2,18 €/KG","img":"https://fd1-photos.leclercdrive.fr/image.ashx?id=2912923&use=l&cat=p&typeid=i","cat":284410},{"id":123551,"n":"Yaourt aux fruits brassés Velouté fruix Danone - 12x125g","p":3.79,"u":"2,53 €/KG","img":"https://fd1-photos.leclercdrive.fr/image.ashx?id=2912929&use=l&cat=p&typeid=i","cat":284410},{"id":123552,"n":"Yaourt fruits rouges brassés Velouté fruix Danone - 8x125g","p":2.69,"u":"2,69 €/KG","img":"https://fd1-photos.leclercdrive.fr/image.ashx?id=2912932&use=l&cat=p&typeid=i","cat":284410},{"id":123553,"n":"Yaourt aux fruits velouté fruix Danone brassé fraise - 4x125g","p":1.85,"u":"3,70 €/KG","img":"https://fd1-photos.leclercdrive.fr/image.ashx?id=2911855&use=l&cat=p&typeid=i","cat":284410},{"id":123554,"n":"Yaourt aux fruits velouté fruix Danone brassé framboise -4x125g","p":1.83,"u":"3,66 €/KG","img":"https://fd1-photos.leclercdrive.fr/image.ashx?id=2911858&use=l&cat=p&typeid=i","cat":284410},{"id":123555,"n":"Yaourt fruits jaunes brassés Velouté fruix Danone - 8x125g","p":2.69,"u":"2,69 €/KG","img":"https://fd1-photos.leclercdrive.fr/image.ashx?id=2912926&use=l&cat=p&typeid=i","cat":284410},{"id":123603,"n":"Kit Distributeur Savon Mains Dettol Citron 250ml","p":7.21,"u":"28,84 €/L","img":"https://fd1-photos.leclercdrive.fr/image.ashx?id=2975134&use=l&cat=p&typeid=i","cat":284597},{"id":123606,"n":"Lessive liquide blanc Epsil 25 lavages - 1.25L","p":2.54,"u":"2,03 €/L","img":"https://fd1-photos.leclercdrive.fr/image.ashx?id=2838933&use=l&cat=p&typeid=i","cat":284640},{"id":123695,"n":"Lait Primea 1 Bio BabyBio 800g","p":17.53,"u":"21,91 €/KG","img":"https://fd1-photos.leclercdrive.fr/image.ashx?id=2911327&use=l&cat=p&typeid=i","cat":284726},{"id":123710,"n":"Tomato Ketchup Zéro Heinz sans sucre ni sel - 425g","p":2.52,"u":"5,93 €/KG","img":"https://fd1-photos.leclercdrive.fr/image.ashx?id=2927723&use=l&cat=p&typeid=i","cat":284455},{"id":123717,"n":"Maqueraux Petit Navire Le Grillé - 110g","p":2.31,"u":"21,00 €/KG","img":"https://fd1-photos.leclercdrive.fr/image.ashx?id=2989066&use=l&cat=p&typeid=i","cat":303868},{"id":123841,"n":"Sardines sans arêtes au citron Connétable - 140g","p":2.49,"u":"17,79 €/KG","img":"https://fd1-photos.leclercdrive.fr/image.ashx?id=2677333&use=l&cat=p&typeid=i","cat":305146},{"id":123864,"n":"Crème Pieds Anti-Crevasses Talons 24h - 60 ml","p":3.93,"u":"65,50 €/L","img":"https://fd1-photos.leclercdrive.fr/image.ashx?id=2980878&use=l&cat=p&typeid=i","cat":325354},{"id":123883,"n":"Thon Alba Connetable Naturel Label Rouge - 112g","p":2.97,"u":"26,52 €/KG","img":"https://fd1-photos.leclercdrive.fr/image.ashx?id=2674128&use=l&cat=p&typeid=i","cat":303867},{"id":123960,"n":"Bière sans alcool Desperados Virgin - Agrumes 3x33cl","p":3.79,"u":"3,83 €/L","img":"https://fd1-photos.leclercdrive.fr/image.ashx?id=2977966&use=l&cat=p&typeid=i","cat":334877},{"id":124052,"n":"Nouilles de riz Table du monde 250g","p":1.99,"u":"7,96 €/KG","img":"https://fd1-photos.leclercdrive.fr/image.ashx?id=2679780&use=l&cat=p&typeid=i","cat":288992},{"id":124226,"n":"AOP Bordeaux rosé Château Labatut Rosé - 75cl","p":4.6,"u":"6,13 €/L","img":"https://fd1-photos.leclercdrive.fr/image.ashx?id=2921283&use=l&cat=p&typeid=i","cat":289558},{"id":124262,"n":"Le Champignon Émincé Épais Bonduelle Sans Sulfite 230g","p":1.59,"u":"6,91 €/KG","img":"https://fd1-photos.leclercdrive.fr/image.ashx?id=2915724&use=l&cat=p&typeid=i","cat":312610},{"id":124373,"n":"Pains petits 10p","p":1.5,"u":"0,15 €/P","img":"https://fd1-photos.leclercdrive.fr/image.ashx?id=2062762&use=l&cat=p&typeid=i","cat":284359},{"id":124374,"n":"Eau aromatisée Volvic bio Pamplemousse romarin - 75cl","p":1.52,"u":"2,03 €/L","img":"https://fd1-photos.leclercdrive.fr/image.ashx?id=2462514&use=l&cat=p&typeid=i","cat":284537},{"id":124375,"n":"Eau infusée Bio Volvic Concombre menthe - 75cl","p":1.44,"u":"1,92 €/L","img":"https://fd1-photos.leclercdrive.fr/image.ashx?id=2462517&use=l&cat=p&typeid=i","cat":284537},{"id":124466,"n":"AOC Crémant d'Alsace brut Bio Rebmann - 75cl","p":6.88,"u":"9,17 €/L","img":"https://fd1-photos.leclercdrive.fr/image.ashx?id=2931944&use=l&cat=p&typeid=i","cat":284545},{"id":124467,"n":"AOC Vin blanc Monbazillac Bio Terrasses d'Autan - 75cl","p":7.99,"u":"10,65 €/L","img":"https://fd1-photos.leclercdrive.fr/image.ashx?id=2775119&use=l&cat=p&typeid=i","cat":289557},{"id":124469,"n":"Vin d'Espagne rouge Merlot Bio Adrien Champaud - BIB 3L","p":7.88,"u":"2,63 €/L","img":"https://fd1-photos.leclercdrive.fr/image.ashx?id=2960565&use=l&cat=p&typeid=i","cat":289556},{"id":124478,"n":"IGP Méditérranée rosé Les Calandières - 75cl","p":3.6,"u":"4,80 €/L","img":"https://fd1-photos.leclercdrive.fr/image.ashx?id=2996608&use=l&cat=p&typeid=i","cat":289558},{"id":124496,"n":"Crème glacée Ben & Jerry's Choco Fudge Brownie - 408g","p":3.68,"u":"9,02 €/KG","img":"https://fd1-photos.leclercdrive.fr/image.ashx?id=2738050&use=l&cat=p&typeid=i","cat":284725},{"id":124498,"n":"Glace en Pot BEN & JERRY'S Cookie Dough - 465ml","p":3.67,"u":"9,04 €/KG","img":"https://fd1-photos.leclercdrive.fr/image.ashx?id=2738056&use=l&cat=p&typeid=i","cat":284725},{"id":124499,"n":"Glace en Pot BEN & JERRY'S Vanilla Pecan Blondie - 465ml","p":4.1,"u":"9,90 €/KG","img":"https://fd1-photos.leclercdrive.fr/image.ashx?id=2832548&use=l&cat=p&typeid=i","cat":284725},{"id":124500,"n":"Crème glacée Ben & Jerry's Peanut butter - 425g","p":3.67,"u":"8,64 €/KG","img":"https://fd1-photos.leclercdrive.fr/image.ashx?id=3001524&use=l&cat=p&typeid=i","cat":284725},{"id":124533,"n":"Confiture extra bio Bio Village Rhubarbe - 370g","p":2.59,"u":"7,00 €/KG","img":"https://fd1-photos.leclercdrive.fr/image.ashx?id=2482514&use=l&cat=p&typeid=i","cat":284480},{"id":124584,"n":"Brosse à dents Inava Parodontie - 1 pièce","p":4.49,"img":"https://fd1-photos.leclercdrive.fr/image.ashx?id=2377715&use=l&cat=p&typeid=i","cat":290417},{"id":124594,"n":"Capsules Nescafé Dolce Gusto Espresso - x16","p":4.53,"u":"51,48 €/KG","img":"https://fd1-photos.leclercdrive.fr/image.ashx?id=2952025&use=l&cat=p&typeid=i","cat":293239},{"id":124595,"n":"Nutella Biscuit pâte à tartiner Cacao Noisettes - 166g","p":1.9,"u":"11,45 €/KG","img":"https://fd1-photos.leclercdrive.fr/image.ashx?id=2922200&use=l&cat=p&typeid=i","cat":284488},{"id":124670,"n":"Pain de mie complet Jacquet Maxi - Sans sucre ajouté - 550g","p":1.6,"u":"2,91 €/KG","img":"https://fd1-photos.leclercdrive.fr/image.ashx?id=2935708&use=l&cat=p&typeid=i","cat":284477},{"id":124692,"n":"Galette blé noir La Crêpe de Brocéliande -4x200g","p":3.14,"u":"15,70 €/KG","img":"https://fd1-photos.leclercdrive.fr/image.ashx?id=1902857&use=l&cat=p&typeid=i","cat":333672},{"id":124693,"n":"Galette de blé noir La Crêpe de Brocéliande -6x300g","p":3.3,"u":"11,00 €/KG","img":"https://fd1-photos.leclercdrive.fr/image.ashx?id=1908649&use=l&cat=p&typeid=i","cat":333672},{"id":124696,"n":"Accras de morue MSC Table du Monde - 200g","p":2.29,"u":"11,45 €/KG","img":"https://fd1-photos.leclercdrive.fr/image.ashx?id=2841169&use=l&cat=p&typeid=i","cat":333673},{"id":124723,"n":"Champignon Bonduelle Emincé - 3x115g","p":2.67,"u":"7,74 €/KG","img":"https://fd1-photos.leclercdrive.fr/image.ashx?id=2913121&use=l&cat=p&typeid=i","cat":312610},{"id":124743,"n":"Gratte éponge Spontex anti bactérien - x2","p":1.57,"u":"0,79 €/P","img":"https://fd1-photos.leclercdrive.fr/image.ashx?id=2973081&use=l&cat=p&typeid=i","cat":284667},{"id":124757,"n":"Lait Après-soleil Nivea Sun Hydratant Aloé Vera - 200ml","p":6.96,"u":"34,80 €/L","img":"https://fd1-photos.leclercdrive.fr/image.ashx?id=2165863&use=l&cat=p&typeid=i","cat":325355},{"id":124762,"n":"Biscuit Milka Chocolat pause - 3x260g","p":4.41,"pp":3.09,"u":"3,96 €/KG","img":"https://fd1-photos.leclercdrive.fr/image.ashx?id=2680377&use=l&cat=p&typeid=i","cat":284488},{"id":124764,"n":"Biscuit Moooo Milka Au chocolat - 3x200g","p":4.41,"pp":3.09,"u":"5,15 €/KG","img":"https://fd1-photos.leclercdrive.fr/image.ashx?id=2192578&use=l&cat=p&typeid=i","cat":284488},{"id":124787,"n":"Shampooing sec Batiste Volume - 200ml","p":4.0,"u":"20,00 €/L","img":"https://fd1-photos.leclercdrive.fr/image.ashx?id=2557979&use=l&cat=p&typeid=i","cat":289143},{"id":124791,"n":"Serviette Nana Maxi goodnight - x12","p":1.89,"u":"0,16 €/P","img":"https://fd1-photos.leclercdrive.fr/image.ashx?id=2806402&use=l&cat=p&typeid=i","cat":284624},{"id":124803,"n":"AOP Languedoc rouge Bio Tritons - 75cl","p":7.5,"u":"10,00 €/L","img":"https://fd1-photos.leclercdrive.fr/image.ashx?id=2764275&use=l&cat=p&typeid=i","cat":289556},{"id":124901,"n":"Pâte à tartiner Nutella 630g","p":4.79,"u":"7,60 €/KG","img":"https://fd1-photos.leclercdrive.fr/image.ashx?id=2968841&use=l&cat=p&typeid=i","cat":284481},{"id":124905,"n":"Sacs poubelle coulissants Eco+ 30 l - x20","p":1.23,"u":"0,06 €/P","img":"https://fd1-photos.leclercdrive.fr/image.ashx?id=2756989&use=l&cat=p&typeid=i","cat":285168},{"id":124908,"n":"Crème coiffante Carré Homme Cheveux & Barbe - 75ml","p":3.79,"u":"50,53 €/L","img":"https://fd1-photos.leclercdrive.fr/image.ashx?id=2635691&use=l&cat=p&typeid=i","cat":284609},{"id":124921,"n":"Croquettes petit chien Ultima  Nature Sans céréales - 1,1kg","p":5.69,"u":"5,17 €/KG","img":"https://fd1-photos.leclercdrive.fr/image.ashx?id=2572745&use=l&cat=p&typeid=i","cat":294526},{"id":124923,"n":"Croquettes chat stérilisé  Ultima Nature bœuf – 1,1kg","p":6.95,"u":"6,32 €/KG","img":"https://fd1-photos.leclercdrive.fr/image.ashx?id=2629884&use=l&cat=p&typeid=i","cat":284680},{"id":124926,"n":"Sacs poubelle container Elembal 120L - x10","p":3.99,"u":"0,40 €/P","img":"https://fd1-photos.leclercdrive.fr/image.ashx?id=2898272&use=l&cat=p&typeid=i","cat":285168},{"id":124927,"n":"Sacs gravats Elembal 50L - X5","p":4.24,"u":"0,02 €/L","img":"https://fd1-photos.leclercdrive.fr/image.ashx?id=2958750&use=l&cat=p&typeid=i","cat":285168},{"id":124928,"n":"Sacs poubelle Elembal 240L - x10","p":4.56,"u":"0,46 €/P","img":"https://fd1-photos.leclercdrive.fr/image.ashx?id=2898275&use=l&cat=p&typeid=i","cat":285168},{"id":124930,"n":"Sacs poubelle Elembal Coulissants spécial tri 50L-x10","p":2.19,"u":"0,22 €/P","img":"https://fd1-photos.leclercdrive.fr/image.ashx?id=2958756&use=l&cat=p&typeid=i","cat":285168},{"id":124931,"n":"Coton maxi ovale Bio Bionaia x60","p":2.16,"u":"0,04 €/P","img":"https://fd1-photos.leclercdrive.fr/image.ashx?id=2658584&use=l&cat=p&typeid=i","cat":284636},{"id":124959,"n":"Shampooing sec Nateïs Pomme - 150ml","p":2.16,"u":"14,40 €/L","img":"https://fd1-photos.leclercdrive.fr/image.ashx?id=2843602&use=l&cat=p&typeid=i","cat":289143},{"id":124961,"n":"Shampoing sec Nateis 150ml","p":1.87,"u":"12,47 €/L","img":"https://fd1-photos.leclercdrive.fr/image.ashx?id=2751919&use=l&cat=p&typeid=i","cat":289143},{"id":124962,"n":"Sacs poubelle Elembal Salle de bain 5L - x40","p":1.26,"u":"0,03 €/P","img":"https://fd1-photos.leclercdrive.fr/image.ashx?id=2793284&use=l&cat=p&typeid=i","cat":285168},{"id":125227,"n":"Mini cookies P'tit Déli 160g","p":1.49,"u":"9,31 €/KG","img":"https://fd1-photos.leclercdrive.fr/image.ashx?id=2932426&use=l&cat=p&typeid=i","cat":325066},{"id":125235,"n":"Tartelette framboise P'tit Déli 150g","p":1.3,"u":"8,67 €/KG","img":"https://fd1-photos.leclercdrive.fr/image.ashx?id=2683922&use=l&cat=p&typeid=i","cat":284489},{"id":125238,"n":"Cookies P'tit Déli Chocolat noisette - 200g","p":1.69,"u":"8,45 €/KG","img":"https://fd1-photos.leclercdrive.fr/image.ashx?id=1943253&use=l&cat=p&typeid=i","cat":325066},{"id":125241,"n":"Amandes Bio Village Bio - 100g","p":2.09,"u":"20,90 €/KG","img":"https://fd1-photos.leclercdrive.fr/image.ashx?id=2664596&use=l&cat=p&typeid=i","cat":284448},{"id":125328,"n":"Ketchup Rustica Nature - 560g","p":1.25,"u":"2,23 €/KG","img":"https://fd1-photos.leclercdrive.fr/image.ashx?id=2954385&use=l&cat=p&typeid=i","cat":284455},{"id":125383,"n":"Comté fromage râpé Les Croisés 130g","p":1.95,"u":"15,00 €/KG","img":"https://fd1-photos.leclercdrive.fr/image.ashx?id=2897820&use=l&cat=p&typeid=i","cat":314035},{"id":125389,"n":"Dégraissant cuisine Sanytol 500ml","p":2.26,"u":"4,52 €/L","img":"https://fd1-photos.leclercdrive.fr/image.ashx?id=2899356&use=l&cat=p&typeid=i","cat":325357},{"id":125480,"n":"AOP Blaye Côtes de Bordeaux Ch. Petit Boyer Les Lions- 75cl","p":5.25,"u":"7,00 €/L","img":"https://fd1-photos.leclercdrive.fr/image.ashx?id=2561826&use=l&cat=p&typeid=i","cat":289556},{"id":125531,"n":"Choco 100% cacao Lindt Orange Amande - 50g","p":2.62,"u":"52,40 €/KG","img":"https://fd1-photos.leclercdrive.fr/image.ashx?id=2310797&use=l&cat=p&typeid=i","cat":284956},{"id":125549,"n":"AOP Sancerre rouge René Carroi - 75cl","p":13.3,"u":"17,73 €/L","img":"https://fd1-photos.leclercdrive.fr/image.ashx?id=2640025&use=l&cat=p&typeid=i","cat":289556},{"id":125634,"n":"Fromage AOP Petit pont l'évêque Isigny - Sainte mère - 220g","p":3.32,"u":"15,09 €/KG","img":"https://fd1-photos.leclercdrive.fr/image.ashx?id=2291174&use=l&cat=p&typeid=i","cat":329558},{"id":125656,"n":"AOP Alsace Pinot Noir rouge Wolfberger - 75cl","p":7.98,"u":"10,64 €/L","img":"https://fd1-photos.leclercdrive.fr/image.ashx?id=2403800&use=l&cat=p&typeid=i","cat":289556},{"id":125723,"n":"Céréales fourées P'tit Déli Tout chocolat - 650g","p":2.89,"u":"4,45 €/KG","img":"https://fd1-photos.leclercdrive.fr/image.ashx?id=2878603&use=l&cat=p&typeid=i","cat":309513},{"id":125744,"n":"Carré blé aubergine poivron bio Céréal Bio - 200g","p":2.48,"u":"12,40 €/KG","img":"https://fd1-photos.leclercdrive.fr/image.ashx?id=2327854&use=l&cat=p&typeid=i","cat":284953},{"id":125748,"n":"Coeur burger texas bbq bio Céréal Bio - 160g","p":2.59,"u":"16,19 €/KG","img":"https://fd1-photos.leclercdrive.fr/image.ashx?id=2575120&use=l&cat=p&typeid=i","cat":284953},{"id":125749,"n":"Coeur burger original bio Céréal Bio - 160g","p":2.59,"u":"16,19 €/KG","img":"https://fd1-photos.leclercdrive.fr/image.ashx?id=2575123&use=l&cat=p&typeid=i","cat":284953},{"id":125778,"n":"Infusion detox Jardin Bio Fruitée cassis bio - 20g","p":2.03,"u":"101,50 €/KG","img":"https://fd1-photos.leclercdrive.fr/image.ashx?id=2792597&use=l&cat=p&typeid=i","cat":293234},{"id":125839,"n":"AOP Côtes de Bourg rouge Château Galau -  75cl","p":6.25,"u":"8,33 €/L","img":"https://fd1-photos.leclercdrive.fr/image.ashx?id=2093613&use=l&cat=p&typeid=i","cat":289556},{"id":125858,"n":"AOP Muscadet Sèvre et Maine sur Lie blanc La Fruitière Bio 75cl","p":7.9,"u":"10,53 €/L","img":"https://fd1-photos.leclercdrive.fr/image.ashx?id=2988575&use=l&cat=p&typeid=i","cat":289557},{"id":125864,"n":"Cacahuètes Benenuts-Twinuts Mexicaine - 150g","p":1.16,"u":"7,73 €/KG","img":"https://fd1-photos.leclercdrive.fr/image.ashx?id=2952550&use=l&cat=p&typeid=i","cat":284448},{"id":125866,"n":"Rillettes maquereau au poivre Groix & Nature - 100g","p":4.0,"u":"40,00 €/KG","img":"https://fd1-photos.leclercdrive.fr/image.ashx?id=1907944&use=l&cat=p&typeid=i","cat":305147},{"id":125870,"n":"Cacahuètes grillées Benenuts Non salées - 200g","p":1.97,"u":"9,85 €/KG","img":"https://fd1-photos.leclercdrive.fr/image.ashx?id=2431821&use=l&cat=p&typeid=i","cat":284448},{"id":125875,"n":"Le Chevrot cendré  Sèvre et Belle - 200g","p":5.58,"u":"27,90 €/KG","img":"https://fd1-photos.leclercdrive.fr/image.ashx?id=1987971&use=l&cat=p&typeid=i","cat":314031},{"id":125914,"n":"Fromages frais Pat'patrouille Yoplait goûts fruits - 12x50g","p":1.63,"u":"2,72 €/KG","img":"https://fd1-photos.leclercdrive.fr/image.ashx?id=2733685&use=l&cat=p&typeid=i","cat":284414},{"id":125958,"n":"Chips Bret's Saveur vinaigre - 125g","p":1.19,"u":"9,52 €/KG","img":"https://fd1-photos.leclercdrive.fr/image.ashx?id=1925081&use=l&cat=p&typeid=i","cat":284447},{"id":125966,"n":"Chips Tyrrell's Sel et poivre - 150g","p":2.19,"u":"14,60 €/KG","img":"https://fd1-photos.leclercdrive.fr/image.ashx?id=2884777&use=l&cat=p&typeid=i","cat":284447},{"id":126085,"n":"Tête Roulée avec Langue x5 - 190g","p":3.49,"u":"18,37 €/KG","img":"https://fd1-photos.leclercdrive.fr/image.ashx?id=1908673&use=l&cat=p&typeid=i","cat":316008},{"id":126096,"n":"Rôti de porc cuit x4 - 180g","p":3.36,"u":"18,67 €/KG","img":"https://fd1-photos.leclercdrive.fr/image.ashx?id=1908670&use=l&cat=p&typeid=i","cat":284331},{"id":126098,"n":"Jambonneau supérieur x3 - 180g","p":3.78,"u":"7,00 €/KG","img":"https://fd1-photos.leclercdrive.fr/image.ashx?id=1908676&use=l&cat=p&typeid=i","cat":284331},{"id":126114,"n":"Arachide coque grillée Maître Prunille - 500g","p":3.87,"u":"7,74 €/KG","img":"https://fd1-photos.leclercdrive.fr/image.ashx?id=2660056&use=l&cat=p&typeid=i","cat":284357},{"id":126124,"n":"Tartinable Hénaff Poulet méridional - 90g","p":2.03,"u":"22,56 €/KG","img":"https://fd1-photos.leclercdrive.fr/image.ashx?id=2584193&use=l&cat=p&typeid=i","cat":305149},{"id":126125,"n":"Tartinable Hénaff Poulet tajine - 90g","p":2.14,"u":"23,78 €/KG","img":"https://fd1-photos.leclercdrive.fr/image.ashx?id=2636356&use=l&cat=p&typeid=i","cat":305149},{"id":126126,"n":"Tartinable Hénaff Poulet tandoori - 90g","p":1.83,"u":"20,33 €/KG","img":"https://fd1-photos.leclercdrive.fr/image.ashx?id=3000237&use=l&cat=p&typeid=i","cat":305149},{"id":126127,"n":"Tartinable au porc Hénaff Tex Mex - 90g","p":2.1,"u":"23,33 €/KG","img":"https://fd1-photos.leclercdrive.fr/image.ashx?id=2630544&use=l&cat=p&typeid=i","cat":305149},{"id":126139,"n":"Chips  Sel de mer Tyrell's Saveur vinaigre - 150g","p":2.19,"u":"14,60 €/KG","img":"https://fd1-photos.leclercdrive.fr/image.ashx?id=2941865&use=l&cat=p&typeid=i","cat":284447},{"id":126140,"n":"Chips Tyrells Piment doux et poivron - 150g","p":2.19,"u":"14,60 €/KG","img":"https://fd1-photos.leclercdrive.fr/image.ashx?id=2225657&use=l&cat=p&typeid=i","cat":284447},{"id":126163,"n":"Galette St michel Au bon chocolat - 121g","p":1.23,"u":"10,17 €/KG","img":"https://fd1-photos.leclercdrive.fr/image.ashx?id=2949955&use=l&cat=p&typeid=i","cat":284487},{"id":126187,"n":"Biscuits Lotus Biscoff Fourré Crème saveur chocolat 150g","p":1.78,"u":"11,87 €/KG","img":"https://fd1-photos.leclercdrive.fr/image.ashx?id=2859818&use=l&cat=p&typeid=i","cat":284487},{"id":126189,"n":"Biscuits Lotus Biscoff Fourré  Crème saveur vanille - 150g","p":1.55,"u":"10,33 €/KG","img":"https://fd1-photos.leclercdrive.fr/image.ashx?id=2685315&use=l&cat=p&typeid=i","cat":284487},{"id":126207,"n":"Galette St Michel 520g","p":3.32,"u":"6,38 €/KG","img":"https://fd1-photos.leclercdrive.fr/image.ashx?id=2936221&use=l&cat=p&typeid=i","cat":284487},{"id":126314,"n":"Crème dépilatoire Pure Veet Corps Peaux sensibles 200ml","p":4.19,"u":"20,95 €/L","img":"https://fd1-photos.leclercdrive.fr/image.ashx?id=2965692&use=l&cat=p&typeid=i","cat":325351},{"id":126316,"n":"Cire Chaude au Sucre Pure Veet 100% d'Origine Naturelle 250ml","p":4.31,"u":"17,24 €/L","img":"https://fd1-photos.leclercdrive.fr/image.ashx?id=2990430&use=l&cat=p&typeid=i","cat":325351},{"id":126396,"n":"Bière sans alcool Kronenbourg Pur Malt 0,4° - 12x25cl","p":5.07,"u":"1,69 €/L","img":"https://fd1-photos.leclercdrive.fr/image.ashx?id=2992756&use=l&cat=p&typeid=i","cat":334877},{"id":126421,"n":"Biscuits Figolu LU Figue - 192g","p":1.42,"u":"7,40 €/KG","img":"https://fd1-photos.leclercdrive.fr/image.ashx?id=2967950&use=l&cat=p&typeid=i","cat":284489},{"id":126424,"n":"Biscuits Sprits sablés Delacre Chocolat au lait - 200g","p":1.64,"u":"8,20 €/KG","img":"https://fd1-photos.leclercdrive.fr/image.ashx?id=2855873&use=l&cat=p&typeid=i","cat":284488},{"id":126430,"n":"Dosettes café Senseo Milka x8","p":3.03,"u":"27,05 €/KG","img":"https://fd1-photos.leclercdrive.fr/image.ashx?id=2127012&use=l&cat=p&typeid=i","cat":293238},{"id":126436,"n":"Amandes Benenuts-Plaisir Brut Non salées - 145g","p":3.85,"u":"26,55 €/KG","img":"https://fd1-photos.leclercdrive.fr/image.ashx?id=3014470&use=l&cat=p&typeid=i","cat":284448},{"id":126478,"n":"Morceaux Thon PETIT NAVIRE 160g Nature Démarche Responsable","p":1.87,"u":"16,70 €/KG","img":"https://fd1-photos.leclercdrive.fr/image.ashx?id=2549453&use=l&cat=p&typeid=i","cat":303867},{"id":126480,"n":"Sauce tomates et parmesan Mutti - 400g","p":2.24,"u":"5,60 €/KG","img":"https://fd1-photos.leclercdrive.fr/image.ashx?id=2855430&use=l&cat=p&typeid=i","cat":288384},{"id":126503,"n":"Durex Gel Lubrifiant Intime  Perfect Gliss Silicone 50ml","p":5.51,"u":"110,20 €/L","img":"https://fd1-photos.leclercdrive.fr/image.ashx?id=2996497&use=l&cat=p&typeid=i","cat":285160},{"id":126519,"n":"Bloc WC Bref Color Activ+  Marine toilettes - 50g x1","p":1.65,"u":"330,00 €/KG","img":"https://fd1-photos.leclercdrive.fr/image.ashx?id=2890112&use=l&cat=p&typeid=i","cat":284662},{"id":126540,"n":"Citron jaune Eco+  Filet 500g","p":0.99,"u":"1,98 €/KG","img":"https://fd1-photos.leclercdrive.fr/image.ashx?id=2619807&use=l&cat=p&typeid=i","cat":284356},{"id":126549,"n":"Pomelo Chinois 1p","p":2.74,"img":"https://fd1-photos.leclercdrive.fr/image.ashx?id=1628325&use=l&cat=p&typeid=i","cat":284356},{"id":126562,"n":"Noix de cajou Plaisir Brut Non salées - 145g","p":3.84,"u":"29,54 €/KG","img":"https://fd1-photos.leclercdrive.fr/image.ashx?id=2622552&use=l&cat=p&typeid=i","cat":284448},{"id":126570,"n":"Soda Sprite Original  Bouteille  - 1.25L","p":1.33,"u":"1,06 €/L","img":"https://fd1-photos.leclercdrive.fr/image.ashx?id=2796989&use=l&cat=p&typeid=i","cat":284531},{"id":126571,"n":"Gaufres de Liège Lotus 315g","p":1.89,"u":"6,00 €/KG","img":"https://fd1-photos.leclercdrive.fr/image.ashx?id=2694995&use=l&cat=p&typeid=i","cat":294777},{"id":126578,"n":"Poires Eco+ Barquette 1kg","p":2.49,"u":"2,49 €/KG","img":"https://fd1-photos.leclercdrive.fr/image.ashx?id=2909374&use=l&cat=p&typeid=i","cat":284356},{"id":126579,"n":"Pommes Bicolores Eco+ Sachet 2kg","p":2.99,"u":"1,50 €/KG","img":"https://fd1-photos.leclercdrive.fr/image.ashx?id=2537872&use=l&cat=p&typeid=i","cat":284356},{"id":126586,"n":"Tomate cerise Eco+ Barquette 250g","p":0.99,"u":"3,96 €/KG","img":"https://fd1-photos.leclercdrive.fr/image.ashx?id=2968067&use=l&cat=p&typeid=i","cat":284352},{"id":126590,"n":"Ail Eco+ Filet 250g","p":1.99,"u":"7,96 €/KG","img":"https://fd1-photos.leclercdrive.fr/image.ashx?id=2919586&use=l&cat=p&typeid=i","cat":284352},{"id":126591,"n":"Echalotes Eco+ Filet 500g","p":1.19,"u":"2,38 €/KG","img":"https://fd1-photos.leclercdrive.fr/image.ashx?id=2777946&use=l&cat=p&typeid=i","cat":284352},{"id":126601,"n":"Biscuits à thé Delacre Tea Time Boîte Assortiment - 300g","p":4.18,"u":"13,93 €/KG","img":"https://fd1-photos.leclercdrive.fr/image.ashx?id=2867972&use=l&cat=p&typeid=i","cat":284490},{"id":126613,"n":"Kiwis Panier du Primeur Mûrs à point x6","p":3.99,"u":"0,67 €/P","img":"https://fd1-photos.leclercdrive.fr/image.ashx?id=2955050&use=l&cat=p&typeid=i","cat":284356},{"id":126622,"n":"Mascara paradise primer white 01 White nu - x1","p":10.65,"img":"https://fd1-photos.leclercdrive.fr/image.ashx?id=2833738&use=l&cat=p&typeid=i","cat":287029},{"id":126643,"n":"Gaufres de liège Lotus Chocolat - 363g","p":2.99,"u":"8,24 €/KG","img":"https://fd1-photos.leclercdrive.fr/image.ashx?id=2859824&use=l&cat=p&typeid=i","cat":294777},{"id":126646,"n":"Gaufres de liège Lotus Chocolat au lait - 363g","p":2.95,"u":"8,13 €/KG","img":"https://fd1-photos.leclercdrive.fr/image.ashx?id=2859827&use=l&cat=p&typeid=i","cat":294777},{"id":126654,"n":"Fromage de Chèvre Saint Loup  Bûche Affinée - 180g","p":2.18,"u":"12,11 €/KG","img":"https://fd1-photos.leclercdrive.fr/image.ashx?id=2763322&use=l&cat=p&typeid=i","cat":314031},{"id":126765,"n":"Mascara Maybelline New York Big Shot Daring Black nu - x1","p":7.49,"img":"https://fd1-photos.leclercdrive.fr/image.ashx?id=2344165&use=l&cat=p&typeid=i","cat":287029},{"id":126814,"n":"Filet de poulet Le Gaulois Non OGM Cuisson express 280g","p":4.46,"u":"15,93 €/KG","img":"https://fd1-photos.leclercdrive.fr/image.ashx?id=2304716&use=l&cat=p&typeid=i","cat":284336},{"id":126816,"n":"Escalope de poulet Le Gaulois 240g","p":4.27,"u":"17,79 €/KG","img":"https://fd1-photos.leclercdrive.fr/image.ashx?id=2304713&use=l&cat=p&typeid=i","cat":284336},{"id":126817,"n":"Filet de poulet extra tendre Le Gaulois - 300g","p":4.82,"u":"16,07 €/KG","img":"https://fd1-photos.leclercdrive.fr/image.ashx?id=2304707&use=l&cat=p&typeid=i","cat":284336},{"id":126836,"n":"Éponge Bébé Ultra-Douce Tigex - 1pièce","p":2.6,"img":"https://fd1-photos.leclercdrive.fr/image.ashx?id=2689841&use=l&cat=p&typeid=i","cat":289435},{"id":126918,"n":"Kaki 1p","p":1.49,"img":"https://fd1-photos.leclercdrive.fr/image.ashx?id=1628367&use=l&cat=p&typeid=i","cat":284356},{"id":126960,"n":"Cheeseburgers Côté Croc x6 - 780g","p":6.28,"u":"8,05 €/KG","img":"https://fd1-photos.leclercdrive.fr/image.ashx?id=2077373&use=l&cat=p&typeid=i","cat":319822},{"id":126974,"n":"Café moulu bio Bio Village Mexique - 250g","p":4.95,"u":"19,80 €/KG","img":"https://fd1-photos.leclercdrive.fr/image.ashx?id=2468882&use=l&cat=p&typeid=i","cat":284750},{"id":126984,"n":"Concombre 1p","p":2.29,"img":"https://fd1-photos.leclercdrive.fr/image.ashx?id=1631895&use=l&cat=p&typeid=i","cat":284352},{"id":126987,"n":"Avocats Eco+ Filet x3","p":1.99,"u":"0,66 €/P","img":"https://fd1-photos.leclercdrive.fr/image.ashx?id=2373009&use=l&cat=p&typeid=i","cat":284352},{"id":126990,"n":"Carottes Eco+ Sachet de 2kg","p":1.89,"u":"0,95 €/KG","img":"https://fd1-photos.leclercdrive.fr/image.ashx?id=2922376&use=l&cat=p&typeid=i","cat":284352},{"id":126994,"n":"Céleri rave 1p","p":1.99,"img":"https://fd1-photos.leclercdrive.fr/image.ashx?id=1631904&use=l&cat=p&typeid=i","cat":284352},{"id":126996,"n":"Radis rose botte x1","p":1.39,"img":"https://fd1-photos.leclercdrive.fr/image.ashx?id=1100182&use=l&cat=p&typeid=i","cat":284352},{"id":127017,"n":"Butternut 1p","p":1.99,"img":"https://fd1-photos.leclercdrive.fr/image.ashx?id=1631577&use=l&cat=p&typeid=i","cat":284352},{"id":127021,"n":"Chou blanc 1p","p":1.69,"img":"https://fd1-photos.leclercdrive.fr/image.ashx?id=560849&use=l&cat=p&typeid=i","cat":284352},{"id":127026,"n":"Chou frisé 1p","p":1.99,"img":"https://fd1-photos.leclercdrive.fr/image.ashx?id=560851&use=l&cat=p&typeid=i","cat":284352},{"id":127073,"n":"Bière Dremmwel IPA bio 6% - 6x25cl","p":6.85,"u":"4,57 €/L","img":"https://fd1-photos.leclercdrive.fr/image.ashx?id=2678098&use=l&cat=p&typeid=i","cat":334873},{"id":127077,"n":"Bière blonde Drammhud Cuivrée - Coreff - 12x25cl","p":11.73,"u":"3,91 €/L","img":"https://fd1-photos.leclercdrive.fr/image.ashx?id=1913748&use=l&cat=p&typeid=i","cat":334872},{"id":127230,"n":"Bière blonde Duchesse Anne Triple hops - 6x25cl","p":6.84,"u":"4,56 €/L","img":"https://fd1-photos.leclercdrive.fr/image.ashx?id=1913751&use=l&cat=p&typeid=i","cat":334872},{"id":127232,"n":"Bière Morgane Nuit rousse bio - 6x25cl","p":5.65,"u":"3,77 €/L","img":"https://fd1-photos.leclercdrive.fr/image.ashx?id=1946441&use=l&cat=p&typeid=i","cat":334878},{"id":127233,"n":"Bière Morgane Nuit blanche bio - 6x25cl","p":5.82,"u":"3,88 €/L","img":"https://fd1-photos.leclercdrive.fr/image.ashx?id=2009645&use=l&cat=p&typeid=i","cat":334878},{"id":127263,"n":"Cidre La Mordue original 4x27,5cl - 6% vol.","p":3.98,"u":"14,47 €/L","img":"https://fd1-photos.leclercdrive.fr/image.ashx?id=2625136&use=l&cat=p&typeid=i","cat":334880},{"id":127323,"n":"Shampoing nourrissant Fructis Hair Food banane - 350ml","p":4.55,"u":"13,00 €/L","img":"https://fd1-photos.leclercdrive.fr/image.ashx?id=2830597&use=l&cat=p&typeid=i","cat":284606},{"id":127327,"n":"Saucissons natures Galibier Mini bûchettes - 120g","p":3.99,"u":"33,25 €/KG","img":"https://fd1-photos.leclercdrive.fr/image.ashx?id=2902028&use=l&cat=p&typeid=i","cat":316006},{"id":127329,"n":"Saucisson au Comté Galibier Mini bûchettes - 120g","p":3.99,"u":"33,25 €/KG","img":"https://fd1-photos.leclercdrive.fr/image.ashx?id=2902031&use=l&cat=p&typeid=i","cat":316006},{"id":127386,"n":"Gel douche Cottage lait cerise noire et pistache - 250ml","p":1.67,"u":"6,68 €/L","img":"https://fd1-photos.leclercdrive.fr/image.ashx?id=1914546&use=l&cat=p&typeid=i","cat":284594},{"id":127389,"n":"Cire divine rituel douceur Nair huile argan et onagre - 400g","p":6.8,"u":"17,00 €/KG","img":"https://fd1-photos.leclercdrive.fr/image.ashx?id=2904790&use=l&cat=p&typeid=i","cat":325351},{"id":127396,"n":"Soin de jour Diadermine Lift+ Lissage Immédiat - 50 ml","p":6.84,"u":"136,80 €/L","img":"https://fd1-photos.leclercdrive.fr/image.ashx?id=2551111&use=l&cat=p&typeid=i","cat":325345},{"id":127401,"n":"Préservatifs Orgasm'Intense Perlés et Nervurés Durex x10","p":7.39,"u":"0,74 €/P","img":"https://fd1-photos.leclercdrive.fr/image.ashx?id=2962023&use=l&cat=p&typeid=i","cat":284631},{"id":127430,"n":"Céréales fourrées P'tit Déli Chocolat au lait - 450g","p":2.58,"u":"5,73 €/KG","img":"https://fd1-photos.leclercdrive.fr/image.ashx?id=2824713&use=l&cat=p&typeid=i","cat":309513},{"id":127475,"n":"Lait bébé en poudre Blédilait croissance 1-3 ans 900g","p":10.55,"u":"11,72 €/KG","img":"https://fd1-photos.leclercdrive.fr/image.ashx?id=2848587&use=l&cat=p&typeid=i","cat":290219},{"id":127590,"n":"Ruban adhésif Magic™ Scotch® Recharges - x3","p":4.56,"img":"https://fd1-photos.leclercdrive.fr/image.ashx?id=2559932&use=l&cat=p&typeid=i","cat":334133},{"id":128316,"n":"Stylos bille Bic x4","p":2.24,"img":"https://fd1-photos.leclercdrive.fr/image.ashx?id=2718817&use=l&cat=p&typeid=i","cat":284696},{"id":128826,"n":"Boisson a base de vin Don Simon Sangria blanche 1,5L","p":2.57,"u":"1,71 €/L","img":"https://fd1-photos.leclercdrive.fr/image.ashx?id=1918577&use=l&cat=p&typeid=i","cat":304569},{"id":128838,"n":"IGP Pays d'oc Jean Claude Mas Aurore 12% vol - Vin rosé 75cl","p":4.13,"u":"5,51 €/L","img":"https://fd1-photos.leclercdrive.fr/image.ashx?id=1917042&use=l&cat=p&typeid=i","cat":289558},{"id":128887,"n":"Soda Coca-Cola Verre - 6x250ml","p":5.79,"u":"3,86 €/L","img":"https://fd1-photos.leclercdrive.fr/image.ashx?id=2444465&use=l&cat=p&typeid=i","cat":284530},{"id":128900,"n":"Saucissons noisettes Galibier Mini bûchettes - 120g","p":3.99,"u":"33,25 €/KG","img":"https://fd1-photos.leclercdrive.fr/image.ashx?id=2900908&use=l&cat=p&typeid=i","cat":316006},{"id":128976,"n":"Sucre poudre Daddy 750g","p":1.65,"u":"2,20 €/KG","img":"https://fd1-photos.leclercdrive.fr/image.ashx?id=2944699&use=l&cat=p&typeid=i","cat":284502},{"id":129002,"n":"Crème douche Atoderm Bioderma Ultra-nourissante - 1L","p":11.5,"u":"11,50 €/L","img":"https://fd1-photos.leclercdrive.fr/image.ashx?id=2981205&use=l&cat=p&typeid=i","cat":301591},{"id":129003,"n":"Lait infantile 1er âge Babybio  Optima 1 Bio - 800g","p":17.05,"u":"21,31 €/KG","img":"https://fd1-photos.leclercdrive.fr/image.ashx?id=2988433&use=l&cat=p&typeid=i","cat":284726},{"id":129009,"n":"Lait de croissance Babybio Bio En poudre caprea 3 - 800g","p":24.71,"u":"30,89 €/KG","img":"https://fd1-photos.leclercdrive.fr/image.ashx?id=2733343&use=l&cat=p&typeid=i","cat":290219},{"id":129019,"n":"Chocolat Pâtissier Nestlé Dessert : Noir Bio - 170g","p":3.94,"u":"23,18 €/KG","img":"https://fd1-photos.leclercdrive.fr/image.ashx?id=2961245&use=l&cat=p&typeid=i","cat":285562},{"id":129040,"n":"Flakes sarrasin bio  Terres et Céréales - 200g","p":2.39,"u":"11,95 €/KG","img":"https://fd1-photos.leclercdrive.fr/image.ashx?id=2471880&use=l&cat=p&typeid=i","cat":309512},{"id":129048,"n":"Flocons 5 céréales bio  Terres et Céréales - 500g","p":1.79,"u":"3,58 €/KG","img":"https://fd1-photos.leclercdrive.fr/image.ashx?id=2432532&use=l&cat=p&typeid=i","cat":309512},{"id":129049,"n":"Haricots coco bio Jardin Bio Cuisinés - 680g","p":3.27,"u":"4,81 €/KG","img":"https://fd1-photos.leclercdrive.fr/image.ashx?id=2811200&use=l&cat=p&typeid=i","cat":312606},{"id":129050,"n":"Flocons avoine France bio  Terres et Céréales - 1kg","p":3.89,"u":"3,89 €/KG","img":"https://fd1-photos.leclercdrive.fr/image.ashx?id=2467832&use=l&cat=p&typeid=i","cat":309512},{"id":129059,"n":"Epinards Jardin Bio Bio - 630g","p":3.62,"u":"5,75 €/KG","img":"https://fd1-photos.leclercdrive.fr/image.ashx?id=2918928&use=l&cat=p&typeid=i","cat":312612},{"id":129092,"n":"Sauce Tomate Panzani Bio - 400g","p":2.39,"u":"5,98 €/KG","img":"https://fd1-photos.leclercdrive.fr/image.ashx?id=2918559&use=l&cat=p&typeid=i","cat":287599},{"id":129123,"n":"Gel Lubrifiant Perfect Gliss Durex Longue Durée 100ml","p":7.29,"u":"72,90 €/L","img":"https://fd1-photos.leclercdrive.fr/image.ashx?id=2960693&use=l&cat=p&typeid=i","cat":285160},{"id":129162,"n":"Boisson énergisante Monster Mango Loco - 50cl","p":1.49,"u":"2,98 €/L","img":"https://fd1-photos.leclercdrive.fr/image.ashx?id=2433443&use=l&cat=p&typeid=i","cat":284533},{"id":129179,"n":"Thé myrtille framboise Twinings x20 - 30g","p":2.85,"u":"95,00 €/KG","img":"https://fd1-photos.leclercdrive.fr/image.ashx?id=2893048&use=l&cat=p&typeid=i","cat":293233},{"id":129180,"n":"Thé saveur Twinings Vanille miel - x20 - 30g","p":2.76,"u":"92,00 €/KG","img":"https://fd1-photos.leclercdrive.fr/image.ashx?id=2922119&use=l&cat=p&typeid=i","cat":293233},{"id":129189,"n":"Biscuit Lotus Biscoff  Original 375g (3x125g)","p":2.05,"u":"5,47 €/KG","img":"https://fd1-photos.leclercdrive.fr/image.ashx?id=2740271&use=l&cat=p&typeid=i","cat":284487},{"id":129329,"n":"Pâte à tartiner Gavottes Cacao noisettes - 350g","p":3.85,"u":"11,00 €/KG","img":"https://fd1-photos.leclercdrive.fr/image.ashx?id=2030387&use=l&cat=p&typeid=i","cat":284481},{"id":129366,"n":"Fine galette Gavottes Citron & Grains de pavot - 120g","p":2.25,"u":"18,75 €/KG","img":"https://fd1-photos.leclercdrive.fr/image.ashx?id=2102020&use=l&cat=p&typeid=i","cat":284487},{"id":129388,"n":"Carottes rapées Tout feu tout frais - 180g","p":2.3,"u":"12,78 €/KG","img":"https://fd1-photos.leclercdrive.fr/image.ashx?id=2800462&use=l&cat=p&typeid=i","cat":333657},{"id":129389,"n":"Salade du pêcheur Tout feu tout frais - 200g","p":3.87,"u":"19,35 €/KG","img":"https://fd1-photos.leclercdrive.fr/image.ashx?id=2800465&use=l&cat=p&typeid=i","cat":333657},{"id":129390,"n":"Piémontaise sans jambon Tout feu tout frais - 200g","p":3.06,"u":"15,30 €/KG","img":"https://fd1-photos.leclercdrive.fr/image.ashx?id=2650075&use=l&cat=p&typeid=i","cat":333657},{"id":129391,"n":"Taboulé Tout feu tout frais  A l'orientale - 200g","p":2.89,"u":"14,45 €/KG","img":"https://fd1-photos.leclercdrive.fr/image.ashx?id=2650072&use=l&cat=p&typeid=i","cat":333657},{"id":129392,"n":"Macédoine de légumes Tout feu tout frais - 200g","p":2.51,"u":"12,55 €/KG","img":"https://fd1-photos.leclercdrive.fr/image.ashx?id=2650078&use=l&cat=p&typeid=i","cat":333657},{"id":129396,"n":"Tablette Chocolat Lait Nestlé  L'atelier Raisins Amandes 170g","p":3.41,"u":"20,06 €/KG","img":"https://fd1-photos.leclercdrive.fr/image.ashx?id=2663048&use=l&cat=p&typeid=i","cat":284497},{"id":129399,"n":"Tablette Chocolat Noir Nestlé L'Atelier Noisettes 170g","p":3.73,"u":"21,94 €/KG","img":"https://fd1-photos.leclercdrive.fr/image.ashx?id=2663063&use=l&cat=p&typeid=i","cat":284956},{"id":129451,"n":"Thon miettes Petit Navire Tomate Herbes de Provence 160g","p":2.03,"u":"12,69 €/KG","img":"https://fd1-photos.leclercdrive.fr/image.ashx?id=2523909&use=l&cat=p&typeid=i","cat":303867},{"id":129537,"n":"Rillettes de merlu Groix&Nature Au chorizo - 100g","p":4.0,"u":"40,00 €/KG","img":"https://fd1-photos.leclercdrive.fr/image.ashx?id=1945270&use=l&cat=p&typeid=i","cat":305147},{"id":129538,"n":"Rillettes dorade petits légumes Groix et nature - 100g","p":4.0,"u":"40,00 €/KG","img":"https://fd1-photos.leclercdrive.fr/image.ashx?id=1920496&use=l&cat=p&typeid=i","cat":305147},{"id":129560,"n":"Filets cabillaud MSC 800g","p":11.98,"u":"14,98 €/KG","img":"https://fd1-photos.leclercdrive.fr/image.ashx?id=1983986&use=l&cat=p&typeid=i","cat":319786},{"id":129618,"n":"Bière blonde Melen Britt 6%vol - 75cl","p":3.1,"u":"4,13 €/L","img":"https://fd1-photos.leclercdrive.fr/image.ashx?id=2030561&use=l&cat=p&typeid=i","cat":334872},{"id":129619,"n":"Bière Cervoise des ancêtres 33cl","p":2.04,"u":"6,18 €/L","img":"https://fd1-photos.leclercdrive.fr/image.ashx?id=2021241&use=l&cat=p&typeid=i","cat":334872},{"id":129672,"n":"Lessive main gel express Génie 200ml +10% offert","p":1.52,"u":"6,91 €/L","img":"https://fd1-photos.leclercdrive.fr/image.ashx?id=2424395&use=l&cat=p&typeid=i","cat":284643},{"id":129682,"n":"Confiture Les 4 Saisons Mûre framboise cranberry - 400g","p":4.53,"u":"11,33 €/KG","img":"https://fd1-photos.leclercdrive.fr/image.ashx?id=2895289&use=l&cat=p&typeid=i","cat":284480},{"id":129748,"n":"Cidre bio Kerisac Doux - 4x25cl","p":4.03,"u":"4,03 €/L","img":"https://fd1-photos.leclercdrive.fr/image.ashx?id=2524528&use=l&cat=p&typeid=i","cat":334880},{"id":129802,"n":"Café dosettes Tassimo Columbus Lungo x14","p":5.63,"u":"62,56 €/KG","img":"https://fd1-photos.leclercdrive.fr/image.ashx?id=2154833&use=l&cat=p&typeid=i","cat":293240},{"id":129807,"n":"Biscuits Biarritz Delacre Noix de coco et Chocolat - 175g","p":3.21,"u":"18,34 €/KG","img":"https://fd1-photos.leclercdrive.fr/image.ashx?id=2867963&use=l&cat=p&typeid=i","cat":284490},{"id":129809,"n":"Bonbons Carambar Sucettes Caramel - 156g","p":1.99,"u":"12,76 €/KG","img":"https://fd1-photos.leclercdrive.fr/image.ashx?id=2580804&use=l&cat=p&typeid=i","cat":304252},{"id":129820,"n":"AOP Bordeaux Médoc rouge Chateau Tour Prignac - 75cl","p":8.04,"u":"10,72 €/L","img":"https://fd1-photos.leclercdrive.fr/image.ashx?id=2432001&use=l&cat=p&typeid=i","cat":289556},{"id":129864,"n":"Crème glacée Ben and Jerry's  Half Baked - 406g","p":3.77,"u":"9,29 €/KG","img":"https://fd1-photos.leclercdrive.fr/image.ashx?id=3011941&use=l&cat=p&typeid=i","cat":284725},{"id":129880,"n":"IGP Vaucluse vin rouge Le Triporteur - 75cl","p":4.14,"u":"5,52 €/L","img":"https://fd1-photos.leclercdrive.fr/image.ashx?id=1926762&use=l&cat=p&typeid=i","cat":289556},{"id":129933,"n":"Beignets Pasquier Pomme x6 - 270g","p":1.95,"u":"7,22 €/KG","img":"https://fd1-photos.leclercdrive.fr/image.ashx?id=2986371&use=l&cat=p&typeid=i","cat":284495},{"id":129934,"n":"Beignets Pasquier Chocolat noisette - x6 - 270g","p":1.74,"u":"6,44 €/KG","img":"https://fd1-photos.leclercdrive.fr/image.ashx?id=2986374&use=l&cat=p&typeid=i","cat":284495},{"id":129979,"n":"Emmental râpé Éleveurs Bretagne 29%MG - 3x70g","p":2.09,"u":"9,95 €/KG","img":"https://fd1-photos.leclercdrive.fr/image.ashx?id=1945156&use=l&cat=p&typeid=i","cat":314035},{"id":129983,"n":"Crème fraîche Le Gall Fleurette - 50cl","p":3.46,"u":"6,92 €/L","img":"https://fd1-photos.leclercdrive.fr/image.ashx?id=2381012&use=l&cat=p&typeid=i","cat":284381},{"id":129990,"n":"Yaourt au lait entier Malo Saveur framboise - 4x125g","p":1.67,"u":"3,34 €/KG","img":"https://fd1-photos.leclercdrive.fr/image.ashx?id=2908615&use=l&cat=p&typeid=i","cat":286006},{"id":129991,"n":"Yaourt au lait entier Malo Citron - 4x125g","p":1.77,"u":"3,54 €/KG","img":"https://fd1-photos.leclercdrive.fr/image.ashx?id=2908618&use=l&cat=p&typeid=i","cat":286006},{"id":130090,"n":"Palets de Pont-Aven Etui - x6 - 100g","p":2.22,"u":"22,20 €/KG","img":"https://fd1-photos.leclercdrive.fr/image.ashx?id=2996557&use=l&cat=p&typeid=i","cat":284487},{"id":130102,"n":"Rillettes thon Groix et nature A l'indienne - 100g","p":4.0,"u":"40,00 €/KG","img":"https://fd1-photos.leclercdrive.fr/image.ashx?id=2306057&use=l&cat=p&typeid=i","cat":285191},{"id":130103,"n":"Rillettes Truite Groix & nature 100g","p":4.0,"u":"40,00 €/KG","img":"https://fd1-photos.leclercdrive.fr/image.ashx?id=1927917&use=l&cat=p&typeid=i","cat":285191},{"id":130115,"n":"Piémontaise Bonduelle Jambon Tomate fraîche -Barquette 320g","p":1.91,"u":"5,97 €/KG","img":"https://fd1-photos.leclercdrive.fr/image.ashx?id=2904700&use=l&cat=p&typeid=i","cat":333657},{"id":130120,"n":"Frites Crousti'Bistro Findus micro-ondes 2x130g","p":3.43,"u":"13,19 €/KG","img":"https://fd1-photos.leclercdrive.fr/image.ashx?id=2648268&use=l&cat=p&typeid=i","cat":319791},{"id":130121,"n":"Frite Crousti'Bistro Crinkle  Findus 2x130g","p":3.28,"u":"12,62 €/KG","img":"https://fd1-photos.leclercdrive.fr/image.ashx?id=2653762&use=l&cat=p&typeid=i","cat":319791},{"id":130334,"n":"Lessive liquide bébé Epsil 25 lavages - 1.25L","p":3.88,"u":"3,10 €/L","img":"https://fd1-photos.leclercdrive.fr/image.ashx?id=2838939&use=l&cat=p&typeid=i","cat":284640},{"id":130338,"n":"Eau gazeuse San Pellegrino Clémentine - 6x33cl","p":3.84,"u":"1,94 €/L","img":"https://fd1-photos.leclercdrive.fr/image.ashx?id=2997286&use=l&cat=p&typeid=i","cat":284536},{"id":130347,"n":"Bâtonnets Trium Caramel Beurre Salé x4 - 288g","p":2.93,"u":"10,17 €/KG","img":"https://fd1-photos.leclercdrive.fr/image.ashx?id=2920788&use=l&cat=p&typeid=i","cat":284265},{"id":130348,"n":"Bâtonnets Trium chocolat au  Lait biscuit cacaoté x4- 290g","p":2.99,"u":"10,31 €/KG","img":"https://fd1-photos.leclercdrive.fr/image.ashx?id=2791341&use=l&cat=p&typeid=i","cat":284265},{"id":130457,"n":"Portes-mines jetables Esquisse Jaune, vert, bleu - x3","p":0.85,"img":"https://fd1-photos.leclercdrive.fr/image.ashx?id=2943304&use=l&cat=p&typeid=i","cat":284696},{"id":130461,"n":"Bière blonde sans alcool 1664 0,0° - 6x25cl","p":3.69,"u":"2,46 €/L","img":"https://fd1-photos.leclercdrive.fr/image.ashx?id=2120656&use=l&cat=p&typeid=i","cat":334877},{"id":130507,"n":"Sauce apéritif Old El Paso Salsa épicée - 312g","p":3.25,"u":"10,42 €/KG","img":"https://fd1-photos.leclercdrive.fr/image.ashx?id=2737606&use=l&cat=p&typeid=i","cat":288993},{"id":130629,"n":"Dés de Mimolette et Gouda Petit Marché - 120g","p":2.33,"u":"19,42 €/KG","img":"https://fd1-photos.leclercdrive.fr/image.ashx?id=2189372&use=l&cat=p&typeid=i","cat":314027},{"id":130666,"n":"Blanc de poulet Fleury Michon -25% de sel x8 - 240g","p":3.89,"u":"16,21 €/KG","img":"https://fd1-photos.leclercdrive.fr/image.ashx?id=2886849&use=l&cat=p&typeid=i","cat":316010},{"id":130667,"n":"Rôti de porc Fleury Michon Sans nitrite - x4 - 160g","p":2.75,"u":"17,19 €/KG","img":"https://fd1-photos.leclercdrive.fr/image.ashx?id=2320977&use=l&cat=p&typeid=i","cat":316009},{"id":130672,"n":"Andouille de Vire Amand Terroir 12 tranches - 100g","p":2.72,"u":"27,20 €/KG","img":"https://fd1-photos.leclercdrive.fr/image.ashx?id=1939552&use=l&cat=p&typeid=i","cat":316012},{"id":130676,"n":"Lomo Cave à Jambon 80g","p":3.66,"u":"45,75 €/KG","img":"https://fd1-photos.leclercdrive.fr/image.ashx?id=2879095&use=l&cat=p&typeid=i","cat":316007},{"id":130744,"n":"Nouilles aux oeufs Suzi Wan 250g","p":1.59,"u":"6,36 €/KG","img":"https://fd1-photos.leclercdrive.fr/image.ashx?id=2892928&use=l&cat=p&typeid=i","cat":288992},{"id":130750,"n":"Boite ménagère basilic Ducros 29g","p":1.45,"u":"50,00 €/KG","img":"https://fd1-photos.leclercdrive.fr/image.ashx?id=2486587&use=l&cat=p&typeid=i","cat":298297},{"id":130752,"n":"Maquereau Petit Navire 175g Vin blanc et aromates - 175g","p":2.0,"u":"11,43 €/KG","img":"https://fd1-photos.leclercdrive.fr/image.ashx?id=2989063&use=l&cat=p&typeid=i","cat":303868},{"id":130755,"n":"Maquereau Moutarde PETIT NAVIRE Moutarde sans arome ajouté 169g","p":1.89,"u":"11,18 €/KG","img":"https://fd1-photos.leclercdrive.fr/image.ashx?id=2989060&use=l&cat=p&typeid=i","cat":303868},{"id":130776,"n":"Confiture  Bonne Maman Fraise framboise intenses 335g","p":2.09,"u":"6,24 €/KG","img":"https://fd1-photos.leclercdrive.fr/image.ashx?id=2396378&use=l&cat=p&typeid=i","cat":284480},{"id":130777,"n":"Arrangé Héritage Charrette Le Vanille 40% vol - 70cl","p":22.14,"u":"31,63 €/L","img":"https://fd1-photos.leclercdrive.fr/image.ashx?id=2306225&use=l&cat=p&typeid=i","cat":284551},{"id":130784,"n":"Crème colorante Eugène Color N°15","p":3.99,"img":"https://fd1-photos.leclercdrive.fr/image.ashx?id=2476455&use=l&cat=p&typeid=i","cat":288899},{"id":130789,"n":"Préparation Gâteau alsa Moelleux Nature - 435g","p":2.19,"u":"5,03 €/KG","img":"https://fd1-photos.leclercdrive.fr/image.ashx?id=2996431&use=l&cat=p&typeid=i","cat":284505},{"id":130790,"n":"Préparation Gâteau alsa Moelleux Chocolat - 435g","p":2.19,"u":"5,03 €/KG","img":"https://fd1-photos.leclercdrive.fr/image.ashx?id=2996434&use=l&cat=p&typeid=i","cat":284505},{"id":130797,"n":"Miel de Fleurs Crémeux 500g","p":4.41,"u":"8,82 €/KG","img":"https://fd1-photos.leclercdrive.fr/image.ashx?id=2984871&use=l&cat=p&typeid=i","cat":287643},{"id":130804,"n":"Préparation Gâteau alsa Fondant au Chocolat - 435g","p":2.49,"u":"7,78 €/KG","img":"https://fd1-photos.leclercdrive.fr/image.ashx?id=2996437&use=l&cat=p&typeid=i","cat":284505},{"id":130810,"n":"Brosse à dents Signal Eclat souple - 1 pièce","p":2.2,"img":"https://fd1-photos.leclercdrive.fr/image.ashx?id=2769822&use=l&cat=p&typeid=i","cat":284614},{"id":130812,"n":"Brosse à Dents Signal Ultra Access Medium x1","p":2.38,"img":"https://fd1-photos.leclercdrive.fr/image.ashx?id=3009263&use=l&cat=p&typeid=i","cat":284614},{"id":130816,"n":"Dentifrice Zendium Protection complète - 75ml","p":2.41,"img":"https://fd1-photos.leclercdrive.fr/image.ashx?id=2927711&use=l&cat=p&typeid=i","cat":284612},{"id":130857,"n":"Truite fumée de france Ovive 100g","p":3.36,"u":"33,60 €/KG","img":"https://fd1-photos.leclercdrive.fr/image.ashx?id=2902061&use=l&cat=p&typeid=i","cat":285188},{"id":130884,"n":"Coquilles St Jacques Maréval A la bretonne - 440g","p":9.83,"pp":6.49,"u":"14,75 €/KG","img":"https://fd1-photos.leclercdrive.fr/image.ashx?id=2649127&use=l&cat=p&typeid=i","cat":319787},{"id":130917,"n":"Lait en poudre Guigoz 1er âge - 0-6 mois - 800g","p":17.88,"u":"22,35 €/KG","img":"https://fd1-photos.leclercdrive.fr/image.ashx?id=2891313&use=l&cat=p&typeid=i","cat":284726},{"id":130931,"n":"Dés emmental Petit Marché 120g","p":2.43,"u":"20,25 €/KG","img":"https://fd1-photos.leclercdrive.fr/image.ashx?id=2324483&use=l&cat=p&typeid=i","cat":314027},{"id":130935,"n":"Dés fromage Petit Marché Chèvre - 120g","p":3.15,"u":"26,25 €/KG","img":"https://fd1-photos.leclercdrive.fr/image.ashx?id=2195332&use=l&cat=p&typeid=i","cat":314027},{"id":130937,"n":"Dés Fromage Méditerranéen Petit Marché 120g","p":2.75,"u":"22,92 €/KG","img":"https://fd1-photos.leclercdrive.fr/image.ashx?id=2263733&use=l&cat=p&typeid=i","cat":314027},{"id":130939,"n":"Dés Cheddar Petit Marché - 120g","p":2.53,"u":"21,08 €/KG","img":"https://fd1-photos.leclercdrive.fr/image.ashx?id=2303612&use=l&cat=p&typeid=i","cat":314027},{"id":131011,"n":"Glenmorangie Lasanta 12ans Whisky Ecossais 43° - 70cl","p":38.45,"u":"54,93 €/L","img":"https://fd1-photos.leclercdrive.fr/image.ashx?id=2393332&use=l&cat=p&typeid=i","cat":284547},{"id":131015,"n":"Compotes Materne Coupelles Pomme - 4x100g","p":1.52,"u":"3,80 €/KG","img":"https://fd1-photos.leclercdrive.fr/image.ashx?id=3010855&use=l&cat=p&typeid=i","cat":284508},{"id":131188,"n":"Compotes Materne Coupelles Pomme Coing - 4x100g","p":1.79,"u":"4,48 €/KG","img":"https://fd1-photos.leclercdrive.fr/image.ashx?id=3010861&use=l&cat=p&typeid=i","cat":284508},{"id":131192,"n":"Croquettes chien Ultima Nature  Poulet - 3kg","p":10.19,"u":"3,40 €/KG","img":"https://fd1-photos.leclercdrive.fr/image.ashx?id=2593167&use=l&cat=p&typeid=i","cat":284672},{"id":131232,"n":"AOP Champagne Brut Nature Cazanove - 75 cl","p":23.95,"pp":19.16,"u":"25,55 €/L","img":"https://fd1-photos.leclercdrive.fr/image.ashx?id=2567681&use=l&cat=p&typeid=i","cat":284542},{"id":131382,"n":"Lait croissance GUIGOZ RELAIS  dès 12 mois - 800g","p":13.68,"u":"17,10 €/KG","img":"https://fd1-photos.leclercdrive.fr/image.ashx?id=2895029&use=l&cat=p&typeid=i","cat":290219},{"id":131384,"n":"Café Soluble Nescafé Cappuccino Praline - 279g","p":4.58,"u":"16,42 €/KG","img":"https://fd1-photos.leclercdrive.fr/image.ashx?id=2985567&use=l&cat=p&typeid=i","cat":284843},{"id":131388,"n":"Capsules Starbucks by Nespresso  Colombia Int 7 - x10","p":3.35,"u":"58,77 €/KG","img":"https://fd1-photos.leclercdrive.fr/image.ashx?id=2868152&use=l&cat=p&typeid=i","cat":284749},{"id":131390,"n":"Capsules Starbucks by Nespresso  House Blend Int 8 - x10","p":3.35,"u":"58,77 €/KG","img":"https://fd1-photos.leclercdrive.fr/image.ashx?id=2868143&use=l&cat=p&typeid=i","cat":284749},{"id":131399,"n":"Café Capsules NESPRESSO int 7 Starbucks Pike Place Roast x10","p":3.35,"u":"63,21 €/KG","img":"https://fd1-photos.leclercdrive.fr/image.ashx?id=2945775&use=l&cat=p&typeid=i","cat":284749},{"id":131424,"n":"Capsules Starbucks by Nespresso  Blonde Espresso Int 6 - x10","p":3.35,"u":"63,21 €/KG","img":"https://fd1-photos.leclercdrive.fr/image.ashx?id=2868146&use=l&cat=p&typeid=i","cat":284749},{"id":131426,"n":"Capsules Starbucks by Nespresso  Espresso Roast Int 11 - x10","p":3.35,"u":"58,77 €/KG","img":"https://fd1-photos.leclercdrive.fr/image.ashx?id=2868149&use=l&cat=p&typeid=i","cat":284749},{"id":131431,"n":"Café Capsules by DOLCE GUSTO Starbucks Caramel Macchiato 2x6","p":4.39,"u":"34,57 €/KG","img":"https://fd1-photos.leclercdrive.fr/image.ashx?id=2966785&use=l&cat=p&typeid=i","cat":293239},{"id":131438,"n":"AOP Rhône Ventoux rouge Fourmi Rouge 75cl","p":5.3,"u":"7,07 €/L","img":"https://fd1-photos.leclercdrive.fr/image.ashx?id=2335415&use=l&cat=p&typeid=i","cat":289556},{"id":131556,"n":"Café moulu Coïc Pérou Bio - 250g","p":5.29,"u":"21,16 €/KG","img":"https://fd1-photos.leclercdrive.fr/image.ashx?id=2505172&use=l&cat=p&typeid=i","cat":284750},{"id":131625,"n":"Thé glacé Fuze Tea  Menthe Citron vert - 1,25L","p":1.59,"u":"1,27 €/L","img":"https://fd1-photos.leclercdrive.fr/image.ashx?id=2940402&use=l&cat=p&typeid=i","cat":295019},{"id":131680,"n":"Yaourt framboise Ker Ronan Au lait entier - 4x125g","p":2.25,"u":"4,50 €/KG","img":"https://fd1-photos.leclercdrive.fr/image.ashx?id=1989534&use=l&cat=p&typeid=i","cat":286006},{"id":131692,"n":"Croquettes chien Exelians Adulte - 3kg","p":12.3,"u":"4,10 €/KG","img":"https://fd1-photos.leclercdrive.fr/image.ashx?id=1947850&use=l&cat=p&typeid=i","cat":284672},{"id":131694,"n":"Croquette chiot Exelians 3kg","p":13.3,"u":"4,43 €/KG","img":"https://fd1-photos.leclercdrive.fr/image.ashx?id=1947844&use=l&cat=p&typeid=i","cat":294526},{"id":131695,"n":"Croquettes chien mini Exelians 3kg","p":12.3,"u":"4,10 €/KG","img":"https://fd1-photos.leclercdrive.fr/image.ashx?id=1947841&use=l&cat=p&typeid=i","cat":294526},{"id":131696,"n":"Croquettes chien Exelians Senior - 3kg","p":12.3,"u":"4,10 €/KG","img":"https://fd1-photos.leclercdrive.fr/image.ashx?id=1947838&use=l&cat=p&typeid=i","cat":284672},{"id":131697,"n":"Croquettes chat Exelians Stérilisé - poisson - 2kg","p":10.15,"u":"5,08 €/KG","img":"https://fd1-photos.leclercdrive.fr/image.ashx?id=1947832&use=l&cat=p&typeid=i","cat":284680},{"id":131699,"n":"Croquettes chat Exelians Stérilisé - dinde - 2kg","p":10.15,"u":"5,08 €/KG","img":"https://fd1-photos.leclercdrive.fr/image.ashx?id=1947829&use=l&cat=p&typeid=i","cat":284680},{"id":131786,"n":"Café Dolce Gusto Plantation Décaféiné N°5 - x16 - 106g","p":3.39,"u":"31,98 €/KG","img":"https://fd1-photos.leclercdrive.fr/image.ashx?id=2649741&use=l&cat=p&typeid=i","cat":293239},{"id":131794,"n":"Betteraves rouges 3x130g","p":1.79,"u":"4,59 €/KG","img":"https://fd1-photos.leclercdrive.fr/image.ashx?id=2537848&use=l&cat=p&typeid=i","cat":312611},{"id":131802,"n":"Boules céréales miel P'tit Déli 400g","p":2.33,"u":"5,83 €/KG","img":"https://fd1-photos.leclercdrive.fr/image.ashx?id=2183110&use=l&cat=p&typeid=i","cat":309513},{"id":131806,"n":"Céréales fourrées P'tit Déli Chocolat au lait - 450g","p":2.45,"u":"5,44 €/KG","img":"https://fd1-photos.leclercdrive.fr/image.ashx?id=2835211&use=l&cat=p&typeid=i","cat":309513},{"id":131822,"n":"Delicioso format familial x10 - 350g","p":2.52,"u":"7,20 €/KG","img":"https://fd1-photos.leclercdrive.fr/image.ashx?id=2416547&use=l&cat=p&typeid=i","cat":284495},{"id":131829,"n":"Noix de Muscade Ducros 18g","p":2.29,"u":"127,22 €/KG","img":"https://fd1-photos.leclercdrive.fr/image.ashx?id=2559466&use=l&cat=p&typeid=i","cat":298297},{"id":131833,"n":"Olives vertes réduite en sel Dénoyautées - 160g","p":1.69,"u":"10,56 €/KG","img":"https://fd1-photos.leclercdrive.fr/image.ashx?id=1942587&use=l&cat=p&typeid=i","cat":284458},{"id":131837,"n":"Petit pain grillé Bio Village Bio - 225g","p":1.35,"u":"6,00 €/KG","img":"https://fd1-photos.leclercdrive.fr/image.ashx?id=2595125&use=l&cat=p&typeid=i","cat":284479},{"id":131939,"n":"Brosse à dents classique Signal","p":2.42,"img":"https://fd1-photos.leclercdrive.fr/image.ashx?id=2082690&use=l&cat=p&typeid=i","cat":284614},{"id":131940,"n":"Bouillon liquide de volaille Maggi - 400ml","p":1.8,"u":"4,50 €/L","img":"https://fd1-photos.leclercdrive.fr/image.ashx?id=2496752&use=l&cat=p&typeid=i","cat":288379},{"id":132088,"n":"Sauce Barilla Tomates Cuisinées - 400g","p":1.62,"u":"4,05 €/KG","img":"https://fd1-photos.leclercdrive.fr/image.ashx?id=2832527&use=l&cat=p&typeid=i","cat":287599},{"id":132109,"n":"Batonnets de glace Nuii Mangue d'Inde et Noix de Coco  x4","p":4.27,"u":"14,93 €/KG","img":"https://fd1-photos.leclercdrive.fr/image.ashx?id=2506825&use=l&cat=p&typeid=i","cat":284265},{"id":132145,"n":"Langues de chat Karelea x36 - 100g","p":2.45,"u":"24,50 €/KG","img":"https://fd1-photos.leclercdrive.fr/image.ashx?id=2887902&use=l&cat=p&typeid=i","cat":318651},{"id":132154,"n":"Bâtonnets Trium Trois chocolats x4 - 282g","p":3.29,"u":"11,54 €/KG","img":"https://fd1-photos.leclercdrive.fr/image.ashx?id=2920800&use=l&cat=p&typeid=i","cat":284265},{"id":132165,"n":"Sorbet Eskiss Citron jaune - 650g","p":2.49,"u":"3,83 €/KG","img":"https://fd1-photos.leclercdrive.fr/image.ashx?id=2982664&use=l&cat=p&typeid=i","cat":284263},{"id":132177,"n":"Petits pots bébé P'TITE RECETTE Curry de Poisson 12M+ - 2x200g","p":2.19,"u":"5,48 €/KG","img":"https://fd1-photos.leclercdrive.fr/image.ashx?id=2527118&use=l&cat=p&typeid=i","cat":312237},{"id":132180,"n":"Petits pots bébé P'TITE RECETTE Tajine de poulet 12M+ - 2x200g","p":2.16,"u":"5,40 €/KG","img":"https://fd1-photos.leclercdrive.fr/image.ashx?id=2525720&use=l&cat=p&typeid=i","cat":312237},{"id":132234,"n":"Flocons d'avoine Grainea 500g","p":0.84,"u":"1,68 €/KG","img":"https://fd1-photos.leclercdrive.fr/image.ashx?id=2919655&use=l&cat=p&typeid=i","cat":309512},{"id":132243,"n":"Lessive liquide couleur Epsil 25 lavages - 1.25L","p":2.54,"u":"2,03 €/L","img":"https://fd1-photos.leclercdrive.fr/image.ashx?id=2933449&use=l&cat=p&typeid=i","cat":284640},{"id":132285,"n":"Feta grecque AOP Les Croisés - Tranche - 150g","p":1.84,"u":"12,27 €/KG","img":"https://fd1-photos.leclercdrive.fr/image.ashx?id=2688312&use=l&cat=p&typeid=i","cat":314026},{"id":132289,"n":"Café moulu L'Or Décaféiné 100% Arabica - 250g","p":4.75,"u":"19,00 €/KG","img":"https://fd1-photos.leclercdrive.fr/image.ashx?id=1947006&use=l&cat=p&typeid=i","cat":284750},{"id":132290,"n":"Huile d'Olive Carapelli Extra Vierge Classico - 75cl","p":10.63,"u":"14,17 €/L","img":"https://fd1-photos.leclercdrive.fr/image.ashx?id=2737480&use=l&cat=p&typeid=i","cat":284453},{"id":132334,"n":"Tortilla Pockets Old El Paso x8 - 223g","p":3.29,"u":"14,75 €/KG","img":"https://fd1-photos.leclercdrive.fr/image.ashx?id=2737675&use=l&cat=p&typeid=i","cat":288993},{"id":132341,"n":"Couscous Fin Ferrero - 500G","p":1.47,"u":"2,94 €/KG","img":"https://fd1-photos.leclercdrive.fr/image.ashx?id=3008239&use=l&cat=p&typeid=i","cat":284429},{"id":132348,"n":"Delir' Pik Haribo Sachet bonbons acidulés - 275g","p":1.85,"u":"6,73 €/KG","img":"https://fd1-photos.leclercdrive.fr/image.ashx?id=2984904&use=l&cat=p&typeid=i","cat":304250},{"id":132368,"n":"Repas bébé Blédichef 15 mois Pâtes sauce tomate jambon -250g","p":1.86,"u":"7,44 €/KG","img":"https://fd1-photos.leclercdrive.fr/image.ashx?id=2643743&use=l&cat=p&typeid=i","cat":312238},{"id":132369,"n":"Repas bébé Blédichef 24 mois  Pâtes légumes cabillaud - 250g","p":1.79,"u":"7,16 €/KG","img":"https://fd1-photos.leclercdrive.fr/image.ashx?id=2644725&use=l&cat=p&typeid=i","cat":312238},{"id":132372,"n":"Gâteaux moelleux LU Nature - 140g","p":1.66,"u":"11,86 €/KG","img":"https://fd1-photos.leclercdrive.fr/image.ashx?id=2669418&use=l&cat=p&typeid=i","cat":284495},{"id":132392,"n":"Gratte éponge Spontex Longue durée - x3","p":1.89,"u":"0,63 €/P","img":"https://fd1-photos.leclercdrive.fr/image.ashx?id=2973072&use=l&cat=p&typeid=i","cat":284667},{"id":132393,"n":"Lait croissance Guigoz Optipro En poudre - dès 18 mois - 900g","p":10.53,"u":"11,70 €/KG","img":"https://fd1-photos.leclercdrive.fr/image.ashx?id=2517589&use=l&cat=p&typeid=i","cat":290219},{"id":132486,"n":"Eau micellaire 100ml","p":1.49,"u":"14,90 €/L","img":"https://fd1-photos.leclercdrive.fr/image.ashx?id=1947543&use=l&cat=p&typeid=i","cat":284603},{"id":132487,"n":"Gel déboucheur Syphon Javel soude - 1L","p":1.36,"u":"1,36 €/L","img":"https://fd1-photos.leclercdrive.fr/image.ashx?id=2202476&use=l&cat=p&typeid=i","cat":284908},{"id":132556,"n":"Tablette de chocolat Alter Eco Noir, Gingembre, Bio - 100g","p":2.49,"u":"24,90 €/KG","img":"https://fd1-photos.leclercdrive.fr/image.ashx?id=2921891&use=l&cat=p&typeid=i","cat":284956},{"id":132581,"n":"Céréales soufflé P'tit Déli Au chocolat - 400g","p":2.37,"u":"5,93 €/KG","img":"https://fd1-photos.leclercdrive.fr/image.ashx?id=2811875&use=l&cat=p&typeid=i","cat":309513},{"id":132585,"n":"Skyr Yoplait  Nature 0%Mg - 4x100g","p":1.85,"u":"4,63 €/KG","img":"https://fd1-photos.leclercdrive.fr/image.ashx?id=2884435&use=l&cat=p&typeid=i","cat":315000},{"id":132600,"n":"Compotes Pom'Potes Gourdes Recette Bangkok - 4x90g","p":2.28,"u":"6,33 €/KG","img":"https://fd1-photos.leclercdrive.fr/image.ashx?id=2990427&use=l&cat=p&typeid=i","cat":284508},{"id":132601,"n":"Fan of Pik Haribo  Sachet bonbons acidulés - 200g","p":1.81,"u":"9,05 €/KG","img":"https://fd1-photos.leclercdrive.fr/image.ashx?id=2789766&use=l&cat=p&typeid=i","cat":304250},{"id":132602,"n":"Bandz Pik Haribo Sachet bonbons acidulés - 200g","p":1.64,"u":"8,20 €/KG","img":"https://fd1-photos.leclercdrive.fr/image.ashx?id=2982417&use=l&cat=p&typeid=i","cat":304250},{"id":132621,"n":"Tablette de chocolat noir Lindt doux 85% - 100g","p":2.75,"u":"27,50 €/KG","img":"https://fd1-photos.leclercdrive.fr/image.ashx?id=2423777&use=l&cat=p&typeid=i","cat":284956},{"id":132629,"n":"Pétales de blé P'tit Déli Au chocolat - 400g","p":2.17,"u":"5,43 €/KG","img":"https://fd1-photos.leclercdrive.fr/image.ashx?id=2765846&use=l&cat=p&typeid=i","cat":309513},{"id":132631,"n":"Sorbet Eskiss Poire - 650g","p":2.12,"u":"3,26 €/KG","img":"https://fd1-photos.leclercdrive.fr/image.ashx?id=2983826&use=l&cat=p&typeid=i","cat":284263},{"id":132640,"n":"Batonnets Trium Citron meringue - x4 - 280g","p":2.84,"u":"10,14 €/KG","img":"https://fd1-photos.leclercdrive.fr/image.ashx?id=2911702&use=l&cat=p&typeid=i","cat":284265},{"id":132644,"n":"Huile Cadum Bébé  Huile Merveilleuse - 100ml","p":2.94,"u":"29,40 €/L","img":"https://fd1-photos.leclercdrive.fr/image.ashx?id=2518352&use=l&cat=p&typeid=i","cat":284741},{"id":132677,"n":"IGP Pays d'Oc Vin blanc Tête en l'air Chardonnay-75cl","p":5.2,"u":"6,93 €/L","img":"https://fd1-photos.leclercdrive.fr/image.ashx?id=2429470&use=l&cat=p&typeid=i","cat":289557},{"id":132776,"n":"Café en grains Lobodis Bolivie Bio - 1kg","p":23.99,"u":"23,99 €/KG","img":"https://fd1-photos.leclercdrive.fr/image.ashx?id=2638883&use=l&cat=p&typeid=i","cat":293237},{"id":132778,"n":"Café en grains Lobodis Guatemala - 1kg","p":23.99,"u":"23,99 €/KG","img":"https://fd1-photos.leclercdrive.fr/image.ashx?id=2658893&use=l&cat=p&typeid=i","cat":293237},{"id":132779,"n":"Café en grains Lobodis Pérou - 1kg","p":23.49,"u":"23,49 €/KG","img":"https://fd1-photos.leclercdrive.fr/image.ashx?id=2638880&use=l&cat=p&typeid=i","cat":293237},{"id":132789,"n":"Mayonnaise Bénédicta Signature - 255g","p":2.04,"u":"9,07 €/KG","img":"https://fd1-photos.leclercdrive.fr/image.ashx?id=2548216&use=l&cat=p&typeid=i","cat":298295},{"id":132795,"n":"Désinfectant Sanytol 150ml","p":3.72,"u":"24,80 €/L","img":"https://fd1-photos.leclercdrive.fr/image.ashx?id=2785412&use=l&cat=p&typeid=i","cat":285201},{"id":132808,"n":"Skyr Yoplait  Lit Fruits Rouges 0%Mg - 4x100g","p":2.18,"u":"5,45 €/KG","img":"https://fd1-photos.leclercdrive.fr/image.ashx?id=2884438&use=l&cat=p&typeid=i","cat":315000},{"id":132811,"n":"Skyr Yoplait  Sur Lit Myrtilles 0%MG - 4x100G","p":2.12,"u":"5,30 €/KG","img":"https://fd1-photos.leclercdrive.fr/image.ashx?id=2884441&use=l&cat=p&typeid=i","cat":315000},{"id":132812,"n":"Bière blonde Grimbergen Sans alcool 0,0° - 6x25cl","p":4.89,"u":"3,26 €/L","img":"https://fd1-photos.leclercdrive.fr/image.ashx?id=2334515&use=l&cat=p&typeid=i","cat":334877},{"id":132815,"n":"Skyr Yoplait  Sur Lit Citron 0%MG - 4x100g","p":1.91,"u":"4,78 €/KG","img":"https://fd1-photos.leclercdrive.fr/image.ashx?id=2317780&use=l&cat=p&typeid=i","cat":315000},{"id":132889,"n":"Vin rouge Tutiac Côtes de Bourg - 75cl","p":5.49,"pp":3.62,"u":"4,83 €/L","img":"https://fd1-photos.leclercdrive.fr/image.ashx?id=3000156&use=l&cat=p&typeid=i","cat":289556},{"id":132901,"n":"AOP Jurançon blanc moelleux Tradition Royale - 75cl","p":6.25,"u":"8,33 €/L","img":"https://fd1-photos.leclercdrive.fr/image.ashx?id=2996872&use=l&cat=p&typeid=i","cat":289557},{"id":132902,"n":"AOP Sud-Ouest Jurançon  Tradition royale - 75 cl","p":5.65,"u":"7,53 €/L","img":"https://fd1-photos.leclercdrive.fr/image.ashx?id=2996875&use=l&cat=p&typeid=i","cat":289557},{"id":132905,"n":"Confiture Bonne Maman Myrtille/Cassis - 335g","p":2.53,"u":"7,55 €/KG","img":"https://fd1-photos.leclercdrive.fr/image.ashx?id=2508222&use=l&cat=p&typeid=i","cat":284480},{"id":132906,"n":"Confiture - Bonne Maman Fraise des bois - 335g","p":3.14,"u":"9,37 €/KG","img":"https://fd1-photos.leclercdrive.fr/image.ashx?id=2341005&use=l&cat=p&typeid=i","cat":284480},{"id":132919,"n":"AOP Saint-Bris blanc 75 cl","p":8.16,"u":"10,88 €/L","img":"https://fd1-photos.leclercdrive.fr/image.ashx?id=2210497&use=l&cat=p&typeid=i","cat":289557},{"id":132924,"n":"Crème mains Le Petit Olivier Karité - 75ml","p":2.72,"u":"36,27 €/L","img":"https://fd1-photos.leclercdrive.fr/image.ashx?id=1951721&use=l&cat=p&typeid=i","cat":325354},{"id":133039,"n":"Lessive liquide noir Epsil 25 Lavages - 1.25L","p":2.54,"u":"2,03 €/L","img":"https://fd1-photos.leclercdrive.fr/image.ashx?id=2958759&use=l&cat=p&typeid=i","cat":284640},{"id":133044,"n":"Lessive laine & soie Epsil 25 lavages - 1.25L","p":2.54,"u":"2,03 €/L","img":"https://fd1-photos.leclercdrive.fr/image.ashx?id=2842319&use=l&cat=p&typeid=i","cat":284640},{"id":133071,"n":"Contour yeux bio So Bio Etic Précieux Argan -15ml","p":11.36,"u":"757,33 €/L","img":"https://fd1-photos.leclercdrive.fr/image.ashx?id=2644244&use=l&cat=p&typeid=i","cat":325345},{"id":133115,"n":"Sauce Mayomix Heinz Mix mayonnaise & ketchup - 425g","p":2.61,"u":"6,14 €/KG","img":"https://fd1-photos.leclercdrive.fr/image.ashx?id=2926936&use=l&cat=p&typeid=i","cat":318431},{"id":133121,"n":"Poisson Pané Colin Alaska Findus Céréales graines - 250g","p":2.63,"u":"10,52 €/KG","img":"https://fd1-photos.leclercdrive.fr/image.ashx?id=3008764&use=l&cat=p&typeid=i","cat":319788},{"id":133173,"n":"IGP Pays d'Oc blanc Ormes De Cambras Sauvignon 12% 75cl","p":2.9,"u":"3,87 €/L","img":"https://fd1-photos.leclercdrive.fr/image.ashx?id=2105155&use=l&cat=p&typeid=i","cat":289557},{"id":133179,"n":"Yaourt protéiné Hipro Vanille 0%mg - 2x160g","p":2.02,"u":"6,31 €/KG","img":"https://fd1-photos.leclercdrive.fr/image.ashx?id=2807414&use=l&cat=p&typeid=i","cat":315000},{"id":133188,"n":"Douche crème bio So Bio Etic Surgras à l'huile de coco-650ml","p":5.85,"u":"9,00 €/L","img":"https://fd1-photos.leclercdrive.fr/image.ashx?id=2891580&use=l&cat=p&typeid=i","cat":284594},{"id":133236,"n":"Shampooing Anasphase Ducray complément anti chute - 400ml","p":13.49,"u":"33,73 €/L","img":"https://fd1-photos.leclercdrive.fr/image.ashx?id=2960861&use=l&cat=p&typeid=i","cat":290400},{"id":133254,"n":"Mini beignet pomme Délices des 7 vallées - 8x25g","p":3.36,"u":"16,80 €/KG","img":"https://fd1-photos.leclercdrive.fr/image.ashx?id=2735755&use=l&cat=p&typeid=i","cat":284984},{"id":133256,"n":"Mini beignet caramel Délices des 7 vallées - 8x25g","p":3.36,"u":"16,80 €/KG","img":"https://fd1-photos.leclercdrive.fr/image.ashx?id=2023458&use=l&cat=p&typeid=i","cat":284984},{"id":133379,"n":"Pain surgras Cold Cream Avène 2x100 g","p":8.79,"u":"43,95 €/KG","img":"https://fd1-photos.leclercdrive.fr/image.ashx?id=1982497&use=l&cat=p&typeid=i","cat":301591},{"id":133387,"n":"Pain surgras A-Derma 2x100g","p":8.99,"u":"44,95 €/KG","img":"https://fd1-photos.leclercdrive.fr/image.ashx?id=2008793&use=l&cat=p&typeid=i","cat":301591},{"id":133426,"n":"Capsules Nescafé Dolce Gusto Marrakech Tea - x16","p":4.49,"u":"54,10 €/KG","img":"https://fd1-photos.leclercdrive.fr/image.ashx?id=2467510&use=l&cat=p&typeid=i","cat":293239},{"id":133448,"n":"Crème émolliente Ictyane Ducray Nutritive visage/corps -2x200ml","p":14.9,"u":"37,25 €/L","img":"https://fd1-photos.leclercdrive.fr/image.ashx?id=2056819&use=l&cat=p&typeid=i","cat":290421},{"id":133455,"n":"Dentifrice Elgydium blancheur - 2x75ml","p":8.29,"u":"55,27 €/L","img":"https://fd1-photos.leclercdrive.fr/image.ashx?id=1982509&use=l&cat=p&typeid=i","cat":290419},{"id":133464,"n":"Shampooing Bio So Bio Etic Hibiscus Acide laurique - 250ml","p":3.73,"u":"14,92 €/L","img":"https://fd1-photos.leclercdrive.fr/image.ashx?id=2784959&use=l&cat=p&typeid=i","cat":284606},{"id":133501,"n":"Shampooing Klorane petit junior Démêlant pêche - 500ml","p":10.17,"u":"20,34 €/L","img":"https://fd1-photos.leclercdrive.fr/image.ashx?id=2373534&use=l&cat=p&typeid=i","cat":290400},{"id":133512,"n":"Brossettes interdentaires Inava mono compact 1.2mm oranges- x6","p":3.9,"u":"0,65 €/P","img":"https://fd1-photos.leclercdrive.fr/image.ashx?id=1982521&use=l&cat=p&typeid=i","cat":301595},{"id":133743,"n":"IGP Côtes de Gascogne Vin blanc Réserves de Colombard - 75cl","p":4.95,"u":"6,60 €/L","img":"https://fd1-photos.leclercdrive.fr/image.ashx?id=2887119&use=l&cat=p&typeid=i","cat":289557},{"id":133748,"n":"Soda Coca-Cola - SANS SUCRES Bouteille - 6x25cl","p":5.25,"u":"3,50 €/L","img":"https://fd1-photos.leclercdrive.fr/image.ashx?id=2312308&use=l&cat=p&typeid=i","cat":284530},{"id":133758,"n":"AOC Rhum vieux Clément 41.4%vol Martinique, agricole - 70cl","p":31.93,"u":"45,61 €/L","img":"https://fd1-photos.leclercdrive.fr/image.ashx?id=1957360&use=l&cat=p&typeid=i","cat":284550},{"id":133768,"n":"Poêle Easy Cook'n Clean Tefal Ø32cm - 1 pièce","p":22.9,"img":"https://fd1-photos.leclercdrive.fr/image.ashx?id=2531862&use=l&cat=p&typeid=i","cat":298490},{"id":133887,"n":"Bois d'allumage Négoce Bois Filet 15L","p":3.5,"u":"0,23 €/L","img":"https://fd1-photos.leclercdrive.fr/image.ashx?id=2089283&use=l&cat=p&typeid=i","cat":300577},{"id":133891,"n":"Pâte de Wasabi S&B 43g","p":2.26,"u":"52,56 €/KG","img":"https://fd1-photos.leclercdrive.fr/image.ashx?id=2537231&use=l&cat=p&typeid=i","cat":288992},{"id":134038,"n":"Margarine demi-sel St-Hubert Sans huile palme 51%mg - 500g","p":5.19,"u":"10,38 €/KG","img":"https://fd1-photos.leclercdrive.fr/image.ashx?id=2734120&use=l&cat=p&typeid=i","cat":315229},{"id":134056,"n":"Rougail saucisses et son riz 300g","p":3.05,"u":"10,17 €/KG","img":"https://fd1-photos.leclercdrive.fr/image.ashx?id=3008461&use=l&cat=p&typeid=i","cat":284953},{"id":134096,"n":"AOP Côte du Rhône Vin rouge Château de Tresques - 75cl","p":4.8,"u":"6,40 €/L","img":"https://fd1-photos.leclercdrive.fr/image.ashx?id=1965032&use=l&cat=p&typeid=i","cat":289556},{"id":134107,"n":"AOP Fronton Vin rouge Comte de Négret - 75cl","p":4.85,"u":"6,47 €/L","img":"https://fd1-photos.leclercdrive.fr/image.ashx?id=2351838&use=l&cat=p&typeid=i","cat":289556},{"id":134117,"n":"Foie gras de canard entier  Maison Montfort - 320g","p":26.95,"u":"84,22 €/KG","img":"https://fd1-photos.leclercdrive.fr/image.ashx?id=2730997&use=l&cat=p&typeid=i","cat":316008},{"id":134124,"n":"Velouté PurSoup' Liebig Poireaux pomme de terre - 1L","p":2.07,"u":"2,07 €/L","img":"https://fd1-photos.leclercdrive.fr/image.ashx?id=2864324&use=l&cat=p&typeid=i","cat":284462},{"id":134130,"n":"Mélange paella Ducros 20g","p":1.42,"u":"71,00 €/KG","img":"https://fd1-photos.leclercdrive.fr/image.ashx?id=2490500&use=l&cat=p&typeid=i","cat":298297},{"id":134131,"n":"Soupe liquide brique Liebig  Velouté de Tomates - 1L","p":2.02,"u":"2,02 €/L","img":"https://fd1-photos.leclercdrive.fr/image.ashx?id=2759439&use=l&cat=p&typeid=i","cat":284462},{"id":134144,"n":"Don Papa Masskara Base de rhum 40% vol 70cl","p":29.99,"u":"42,84 €/L","img":"https://fd1-photos.leclercdrive.fr/image.ashx?id=2858255&use=l&cat=p&typeid=i","cat":284551},{"id":134146,"n":"Biscuits Nustikao Fourrés pâte à tartiner - 200g","p":1.67,"u":"8,35 €/KG","img":"https://fd1-photos.leclercdrive.fr/image.ashx?id=2473999&use=l&cat=p&typeid=i","cat":284488},{"id":134147,"n":"Purée fruit bébé Pomme Myrtille 4/6 mois Blédina - 4x100g","p":2.46,"u":"6,15 €/KG","img":"https://fd1-photos.leclercdrive.fr/image.ashx?id=2983057&use=l&cat=p&typeid=i","cat":312388},{"id":134150,"n":"Lait céréales Blédidej 6 mois Céréales - 4x250ml","p":3.49,"u":"3,49 €/L","img":"https://fd1-photos.leclercdrive.fr/image.ashx?id=2921067&use=l&cat=p&typeid=i","cat":312226},{"id":134152,"n":"Biscuits Kinder Happy Hippo Au lait et au cacao - 103,5g","p":1.52,"u":"14,62 €/KG","img":"https://fd1-photos.leclercdrive.fr/image.ashx?id=2454499&use=l&cat=p&typeid=i","cat":284488},{"id":134165,"n":"Yaourt à la Grecque Délisse Stracciatella - 4x150g","p":2.39,"u":"3,98 €/KG","img":"https://fd1-photos.leclercdrive.fr/image.ashx?id=2753487&use=l&cat=p&typeid=i","cat":314999},{"id":134171,"n":"Nissin soba sachet chili 111g","p":1.44,"u":"12,97 €/KG","img":"https://fd1-photos.leclercdrive.fr/image.ashx?id=2433518&use=l&cat=p&typeid=i","cat":288992},{"id":134172,"n":"Nissin soba sachet teriyaki 110g","p":1.79,"u":"16,27 €/KG","img":"https://fd1-photos.leclercdrive.fr/image.ashx?id=2433521&use=l&cat=p&typeid=i","cat":288992},{"id":134178,"n":"Sauce Sriracha Chilli Hot 215ml","p":2.84,"u":"13,21 €/L","img":"https://fd1-photos.leclercdrive.fr/image.ashx?id=2834062&use=l&cat=p&typeid=i","cat":288992},{"id":134184,"n":"Nissin Soba sachet classique 109g","p":1.56,"u":"14,31 €/KG","img":"https://fd1-photos.leclercdrive.fr/image.ashx?id=2647630&use=l&cat=p&typeid=i","cat":288992},{"id":134218,"n":"Lardons fumés Tradilège Sans nitrite - 2x75g","p":1.57,"u":"10,47 €/KG","img":"https://fd1-photos.leclercdrive.fr/image.ashx?id=2965828&use=l&cat=p&typeid=i","cat":316011},{"id":134220,"n":"Allumettes nature Tradilège Sans nitrite - 2x75g","p":1.64,"u":"10,93 €/KG","img":"https://fd1-photos.leclercdrive.fr/image.ashx?id=2970486&use=l&cat=p&typeid=i","cat":316011},{"id":134223,"n":"Allumettes fumées Tradilège Sans nitrite - 2x75g","p":1.63,"u":"10,87 €/KG","img":"https://fd1-photos.leclercdrive.fr/image.ashx?id=2965825&use=l&cat=p&typeid=i","cat":316011},{"id":134257,"n":"Corn Flakes Grainéa Nature - 500g","p":2.08,"u":"4,16 €/KG","img":"https://fd1-photos.leclercdrive.fr/image.ashx?id=2939088&use=l&cat=p&typeid=i","cat":309513},{"id":134316,"n":"Goûters P'tit Déli Croc' Goût Vanille - 300g","p":1.08,"u":"3,27 €/KG","img":"https://fd1-photos.leclercdrive.fr/image.ashx?id=2391895&use=l&cat=p&typeid=i","cat":284489},{"id":134317,"n":"Biscuit Croc Break P'tit Déli Goût Chocolat - 300g","p":1.15,"u":"3,83 €/KG","img":"https://fd1-photos.leclercdrive.fr/image.ashx?id=2708895&use=l&cat=p&typeid=i","cat":284488},{"id":134318,"n":"Biscuits P'tit déli Pirates Chocolat - 2x300g","p":2.17,"u":"3,62 €/KG","img":"https://fd1-photos.leclercdrive.fr/image.ashx?id=2539460&use=l&cat=p&typeid=i","cat":284488},{"id":134319,"n":"Biscuit Croc Break P'tit Déli Goût Tout Chocolat - 300g","p":1.17,"u":"3,90 €/KG","img":"https://fd1-photos.leclercdrive.fr/image.ashx?id=2708898&use=l&cat=p&typeid=i","cat":284488},{"id":134331,"n":"Muesli croustillant Grainéa Chocolat noir - 500g","p":2.29,"u":"4,58 €/KG","img":"https://fd1-photos.leclercdrive.fr/image.ashx?id=2925991&use=l&cat=p&typeid=i","cat":309512},{"id":134333,"n":"Muesli croustillant Grainéa Noix - 500g","p":2.02,"u":"4,04 €/KG","img":"https://fd1-photos.leclercdrive.fr/image.ashx?id=2917662&use=l&cat=p&typeid=i","cat":309512},{"id":134336,"n":"Muesli croustillant Grainéa  Aux fruits - 500g","p":1.87,"u":"3,74 €/KG","img":"https://fd1-photos.leclercdrive.fr/image.ashx?id=2931796&use=l&cat=p&typeid=i","cat":309512},{"id":134347,"n":"Anneaux Calamars Cité Marine Romaine - 180g","p":3.51,"u":"19,50 €/KG","img":"https://fd1-photos.leclercdrive.fr/image.ashx?id=2867104&use=l&cat=p&typeid=i","cat":284344},{"id":134349,"n":"Filet de colin d'Alaska MSC Meunière Cité Marine - 200g","p":3.33,"u":"16,65 €/KG","img":"https://fd1-photos.leclercdrive.fr/image.ashx?id=2325203&use=l&cat=p&typeid=i","cat":284344},{"id":134352,"n":"Muesli croustillant Grainéa  Fraise - 500g","p":2.27,"u":"4,54 €/KG","img":"https://fd1-photos.leclercdrive.fr/image.ashx?id=2931787&use=l&cat=p&typeid=i","cat":309512},{"id":134353,"n":"Muesli croustillant Grainéa Chocolat lait - 500g","p":2.27,"u":"4,54 €/KG","img":"https://fd1-photos.leclercdrive.fr/image.ashx?id=2925994&use=l&cat=p&typeid=i","cat":309512},{"id":134398,"n":"Saucisson Fuet d'Olot 150g","p":1.75,"u":"11,67 €/KG","img":"https://fd1-photos.leclercdrive.fr/image.ashx?id=1971722&use=l&cat=p&typeid=i","cat":316006},{"id":134404,"n":"Bananes chips 275 g","p":2.98,"u":"10,84 €/KG","img":"https://fd1-photos.leclercdrive.fr/image.ashx?id=1963904&use=l&cat=p&typeid=i","cat":284357},{"id":134534,"n":"Café en grains L'OR Absolu N° 7 1kg","p":19.05,"u":"19,05 €/KG","img":"https://fd1-photos.leclercdrive.fr/image.ashx?id=2716837&use=l&cat=p&typeid=i","cat":293237},{"id":134557,"n":"AOC Quincy Blanc Domaine de la brosse - 75cl","p":9.9,"u":"13,20 €/L","img":"https://fd1-photos.leclercdrive.fr/image.ashx?id=1964389&use=l&cat=p&typeid=i","cat":289557},{"id":134585,"n":"Noix de coco râpée Vahiné 200g","p":2.45,"u":"12,25 €/KG","img":"https://fd1-photos.leclercdrive.fr/image.ashx?id=2805276&use=l&cat=p&typeid=i","cat":284504},{"id":134592,"n":"Huile de Noix Cauvin 50cl","p":5.3,"u":"10,60 €/L","img":"https://fd1-photos.leclercdrive.fr/image.ashx?id=2533691&use=l&cat=p&typeid=i","cat":284453},{"id":134595,"n":"Céréales complètes Quaker 3 chocolats - 450g","p":2.69,"u":"5,98 €/KG","img":"https://fd1-photos.leclercdrive.fr/image.ashx?id=2212141&use=l&cat=p&typeid=i","cat":309512},{"id":134600,"n":"Barres chocolat Milka Nussini - 5x31,5g","p":2.61,"u":"16,62 €/KG","img":"https://fd1-photos.leclercdrive.fr/image.ashx?id=2913487&use=l&cat=p&typeid=i","cat":284498},{"id":134631,"n":"Pommes de terre pour four purée potage Panier du Primeur - 2kg","p":2.29,"u":"1,15 €/KG","img":"https://fd1-photos.leclercdrive.fr/image.ashx?id=2959641&use=l&cat=p&typeid=i","cat":284352},{"id":134676,"n":"Friandises chien Pedigree  Schmackos multi mix x20 - 144g","p":2.09,"u":"14,51 €/KG","img":"https://fd1-photos.leclercdrive.fr/image.ashx?id=2338579&use=l&cat=p&typeid=i","cat":294527},{"id":134677,"n":"Friandise petit chien Pedigree  Os à mâcher x4 - 160g","p":2.33,"u":"14,56 €/KG","img":"https://fd1-photos.leclercdrive.fr/image.ashx?id=2997253&use=l&cat=p&typeid=i","cat":294527},{"id":134678,"n":"Friandise moyen chien Pedigree Os à mâcher x2 - 180g","p":2.34,"u":"13,00 €/KG","img":"https://fd1-photos.leclercdrive.fr/image.ashx?id=2981710&use=l&cat=p&typeid=i","cat":294527},{"id":134680,"n":"Biscuits chien Pedigree Markies fourrés - 1,5kg","p":5.15,"u":"3,43 €/KG","img":"https://fd1-photos.leclercdrive.fr/image.ashx?id=2109671&use=l&cat=p&typeid=i","cat":294527},{"id":134698,"n":"Pomme de terre filière vapeur  sautées Panier du Primeur - 2kg","p":2.29,"u":"1,15 €/KG","img":"https://fd1-photos.leclercdrive.fr/image.ashx?id=2959644&use=l&cat=p&typeid=i","cat":284352},{"id":134737,"n":"Pate à tartiner Curly Onctueux - 340g","p":3.82,"u":"11,24 €/KG","img":"https://fd1-photos.leclercdrive.fr/image.ashx?id=2176275&use=l&cat=p&typeid=i","cat":284481},{"id":134744,"n":"Foie gras canard Les exquis Larnaudie - torchon - 400g","p":40.9,"pp":26.99,"u":"67,48 €/KG","img":"https://fd1-photos.leclercdrive.fr/image.ashx?id=2915781&use=l&cat=p&typeid=i","cat":316008},{"id":134754,"n":"Café moulu Bio Village Guatémala Bio - 250g","p":4.9,"u":"19,60 €/KG","img":"https://fd1-photos.leclercdrive.fr/image.ashx?id=2468879&use=l&cat=p&typeid=i","cat":284750},{"id":134760,"n":"Confiture extra bio Bio Village Figues - 370g","p":2.31,"u":"6,24 €/KG","img":"https://fd1-photos.leclercdrive.fr/image.ashx?id=2459593&use=l&cat=p&typeid=i","cat":284480},{"id":134770,"n":"Compote bio Bio Village Gourdes multivariétés - 12x90g","p":6.35,"u":"5,88 €/KG","img":"https://fd1-photos.leclercdrive.fr/image.ashx?id=1965920&use=l&cat=p&typeid=i","cat":284508},{"id":134774,"n":"Pur jus de citron jaune - 50 cl jaune - 50 cl","p":2.39,"u":"4,78 €/L","img":"https://fd1-photos.leclercdrive.fr/image.ashx?id=2140941&use=l&cat=p&typeid=i","cat":288383},{"id":134775,"n":"Lait de coco Bio Village Bio - 200ml","p":1.29,"u":"6,45 €/L","img":"https://fd1-photos.leclercdrive.fr/image.ashx?id=2552451&use=l&cat=p&typeid=i","cat":288992},{"id":134782,"n":"Palet breton Bio Village Bio - 125g","p":1.53,"u":"12,24 €/KG","img":"https://fd1-photos.leclercdrive.fr/image.ashx?id=2496425&use=l&cat=p&typeid=i","cat":284487},{"id":134787,"n":"Ravioli bœuf Bio village Bio 700g","p":3.7,"u":"5,29 €/KG","img":"https://fd1-photos.leclercdrive.fr/image.ashx?id=2717255&use=l&cat=p&typeid=i","cat":284442},{"id":134788,"n":"Spaghetti complets Bio Village Bio - 500g","p":0.89,"u":"1,78 €/KG","img":"https://fd1-photos.leclercdrive.fr/image.ashx?id=2503308&use=l&cat=p&typeid=i","cat":284429},{"id":134793,"n":"Toasts fins nature Epi d'Or 100g","p":1.65,"u":"16,50 €/KG","img":"https://fd1-photos.leclercdrive.fr/image.ashx?id=2696283&use=l&cat=p&typeid=i","cat":285454},{"id":134794,"n":"Toasts fins sésame Epi d'Or 100g","p":1.65,"u":"16,50 €/KG","img":"https://fd1-photos.leclercdrive.fr/image.ashx?id=2705092&use=l&cat=p&typeid=i","cat":285454},{"id":134797,"n":"Tuiles goût barbecue Tokapi 170g","p":1.39,"u":"8,18 €/KG","img":"https://fd1-photos.leclercdrive.fr/image.ashx?id=2632891&use=l&cat=p&typeid=i","cat":287899},{"id":134843,"n":"IGP Var vin rosé Terres Ocrées 12% vol - BIB 5L","p":15.99,"u":"3,20 €/L","img":"https://fd1-photos.leclercdrive.fr/image.ashx?id=2883327&use=l&cat=p&typeid=i","cat":289560},{"id":134857,"n":"Désodorisant fraîcheur Uni Vert Plantes - 200ml","p":1.95,"u":"9,75 €/L","img":"https://fd1-photos.leclercdrive.fr/image.ashx?id=2573953&use=l&cat=p&typeid=i","cat":311626},{"id":134858,"n":"Brosse à dent enfant Dentamyl Clignotante licorne - 1 pièce","p":1.99,"img":"https://fd1-photos.leclercdrive.fr/image.ashx?id=1965773&use=l&cat=p&typeid=i","cat":288897},{"id":134860,"n":"Maxi carré bébé Mots d'Enfants Coton bio - x80","p":2.6,"u":"0,03 €/P","img":"https://fd1-photos.leclercdrive.fr/image.ashx?id=3014296&use=l&cat=p&typeid=i","cat":284739},{"id":134861,"n":"Maxi carré bébé Mots d'Enfants Coton bio écru - x40","p":1.37,"u":"0,03 €/P","img":"https://fd1-photos.leclercdrive.fr/image.ashx?id=1965833&use=l&cat=p&typeid=i","cat":284739},{"id":134938,"n":"Lait bébé en poudre Blédilait 2e âge 6-12 mois 1.2kg","p":15.89,"u":"13,24 €/KG","img":"https://fd1-photos.leclercdrive.fr/image.ashx?id=2674068&use=l&cat=p&typeid=i","cat":284727},{"id":134989,"n":"Amora Cornichons Extra-Fins Bocal Croq'Vert 370g","p":2.8,"u":"7,57 €/KG","img":"https://fd1-photos.leclercdrive.fr/image.ashx?id=2670911&use=l&cat=p&typeid=i","cat":284458},{"id":134998,"n":"Collants Le Bourget Modacolors Semi-opaque noir mat - T1/2","p":5.5,"img":"https://fd1-photos.leclercdrive.fr/image.ashx?id=2561679&use=l&cat=p&typeid=i","cat":334130},{"id":134999,"n":"Collant Modacolors semi opaque T3/4 Noir mat - 1 pièce","p":5.5,"img":"https://fd1-photos.leclercdrive.fr/image.ashx?id=2561682&use=l&cat=p&typeid=i","cat":334130},{"id":135029,"n":"Saucissons H.Raffin 4x145g","p":13.8,"u":"23,79 €/KG","img":"https://fd1-photos.leclercdrive.fr/image.ashx?id=3008455&use=l&cat=p&typeid=i","cat":316006},{"id":135081,"n":"Joker Pur Jus Engagé  Multifruits - 1,5L","p":3.39,"u":"2,26 €/L","img":"https://fd1-photos.leclercdrive.fr/image.ashx?id=3008137&use=l&cat=p&typeid=i","cat":284917},{"id":135136,"n":"Coeur fondant chocolat Equador 2x90g","p":2.13,"u":"11,83 €/KG","img":"https://fd1-photos.leclercdrive.fr/image.ashx?id=1979707&use=l&cat=p&typeid=i","cat":284419},{"id":135179,"n":"Sauce béchamel Bridélice 50cl","p":2.57,"u":"5,14 €/L","img":"https://fd1-photos.leclercdrive.fr/image.ashx?id=2904718&use=l&cat=p&typeid=i","cat":284382},{"id":135201,"n":"Matière grasse bio St Hubert Doux 55%MG - 230g","p":1.83,"u":"7,96 €/KG","img":"https://fd1-photos.leclercdrive.fr/image.ashx?id=2886097&use=l&cat=p&typeid=i","cat":315229},{"id":135255,"n":"Crème fraiche épaisse Yoplait Légère 12%MG - 190g","p":0.68,"u":"3,58 €/KG","img":"https://fd1-photos.leclercdrive.fr/image.ashx?id=2811035&use=l&cat=p&typeid=i","cat":284381},{"id":135263,"n":"Cake Guyader Chèvre Courgette - 260g","p":4.94,"u":"19,00 €/KG","img":"https://fd1-photos.leclercdrive.fr/image.ashx?id=2492073&use=l&cat=p&typeid=i","cat":316003},{"id":135282,"n":"Oignons sauciers Filière Panier du Primeur Filet 500g","p":1.49,"u":"2,98 €/KG","img":"https://fd1-photos.leclercdrive.fr/image.ashx?id=2966370&use=l&cat=p&typeid=i","cat":284352},{"id":135296,"n":"Fromage mi-chèvre Eco+ 23%mg - 180g","p":1.65,"u":"9,17 €/KG","img":"https://fd1-photos.leclercdrive.fr/image.ashx?id=2978504&use=l&cat=p&typeid=i","cat":314031},{"id":135343,"n":"Râpé 3 fromages Les Croisés  Format familial - 350g","p":3.12,"u":"8,91 €/KG","img":"https://fd1-photos.leclercdrive.fr/image.ashx?id=2959734&use=l&cat=p&typeid=i","cat":314035},{"id":135426,"n":"Sauce Salsa Old El Paso à napper doux - 226g","p":2.38,"u":"10,53 €/KG","img":"https://fd1-photos.leclercdrive.fr/image.ashx?id=2738797&use=l&cat=p&typeid=i","cat":288993},{"id":135429,"n":"Pommes Dauphine Findus 540g","p":3.19,"u":"5,91 €/KG","img":"https://fd1-photos.leclercdrive.fr/image.ashx?id=2009954&use=l&cat=p&typeid=i","cat":319792},{"id":135444,"n":"Croco Baby -30% de sucre Haribo Sachet bonbons - 165g","p":1.89,"u":"11,45 €/KG","img":"https://fd1-photos.leclercdrive.fr/image.ashx?id=2806111&use=l&cat=p&typeid=i","cat":304250},{"id":135454,"n":"Brioche tranchée Harrys Nature sans additif Maxi - 680g","p":3.29,"u":"4,84 €/KG","img":"https://fd1-photos.leclercdrive.fr/image.ashx?id=2503022&use=l&cat=p&typeid=i","cat":284478},{"id":135456,"n":"Brioche tranchée Harrys Nature / Sans additifs - 485 g","p":2.39,"u":"4,93 €/KG","img":"https://fd1-photos.leclercdrive.fr/image.ashx?id=2503019&use=l&cat=p&typeid=i","cat":284478},{"id":135457,"n":"Brioche tranchée Harrys Farine complète - 485g","p":2.99,"u":"6,16 €/KG","img":"https://fd1-photos.leclercdrive.fr/image.ashx?id=2503025&use=l&cat=p&typeid=i","cat":284478},{"id":135458,"n":"Brioche tranchée nature Harrys Allégée en sucre - 485g","p":3.03,"u":"6,25 €/KG","img":"https://fd1-photos.leclercdrive.fr/image.ashx?id=2503031&use=l&cat=p&typeid=i","cat":284478},{"id":135459,"n":"Brioche Tranchée Harrys Pépites de chocolat - 485g","p":2.93,"u":"6,04 €/KG","img":"https://fd1-photos.leclercdrive.fr/image.ashx?id=2503028&use=l&cat=p&typeid=i","cat":284478},{"id":135545,"n":"AOP Côtes de Bourg rouge Château du Luc bio - 75cl","p":7.4,"u":"9,87 €/L","img":"https://fd1-photos.leclercdrive.fr/image.ashx?id=2118327&use=l&cat=p&typeid=i","cat":289556},{"id":135586,"n":"AOP Côtes du Rhone rouge Nos Racines bio - 75cl","p":5.89,"u":"7,85 €/L","img":"https://fd1-photos.leclercdrive.fr/image.ashx?id=2108894&use=l&cat=p&typeid=i","cat":289556},{"id":135589,"n":"Vin maroc Sidi Brahim Rosé Maghreb - 75cl","p":4.29,"u":"5,72 €/L","img":"https://fd1-photos.leclercdrive.fr/image.ashx?id=2445096&use=l&cat=p&typeid=i","cat":289558},{"id":135658,"n":"Chocolats Ferrero Prestige Assortiments x16- 166g","p":6.5,"u":"39,16 €/KG","img":"https://fd1-photos.leclercdrive.fr/image.ashx?id=2896429&use=l&cat=p&typeid=i","cat":327595},{"id":135758,"n":"Jambon Supérieur VPF Tradilège A l'étouffée Découennéx10 -400g","p":5.09,"u":"12,73 €/KG","img":"https://fd1-photos.leclercdrive.fr/image.ashx?id=2970477&use=l&cat=p&typeid=i","cat":316009},{"id":135780,"n":"Petits pots bébé P'TITE RECETTE Cabillaud 8M+ - 2x200g","p":2.25,"u":"5,63 €/KG","img":"https://fd1-photos.leclercdrive.fr/image.ashx?id=2525717&use=l&cat=p&typeid=i","cat":312236},{"id":136001,"n":"Lumi board machine à dessiner lumineuse - Dès 4 ans","p":28.5,"u":"Dont 0,22 € d'éco-part.","img":"https://fd1-photos.leclercdrive.fr/image.ashx?id=2894212&use=l&cat=p&typeid=i","cat":334381},{"id":136112,"n":"Tapis aquadoodle classique  Tomy - Dès 18 mois","p":21.9,"img":"https://fd1-photos.leclercdrive.fr/image.ashx?id=2510157&use=l&cat=p&typeid=i","cat":334379},{"id":136181,"n":"Journal intime électronique Dès 6 ans","p":44.9,"u":"Dont 0,19 € d'éco-part.","img":"https://fd1-photos.leclercdrive.fr/image.ashx?id=1979043&use=l&cat=p&typeid=i","cat":334378},{"id":136255,"n":"Poupon Manon fait pipi Dès 2 ans","p":8.9,"img":"https://fd1-photos.leclercdrive.fr/image.ashx?id=1977529&use=l&cat=p&typeid=i","cat":334379},{"id":136257,"n":"Poupon Manon poussette canne Kidway - Dès 2 ans","p":16.9,"img":"https://fd1-photos.leclercdrive.fr/image.ashx?id=1977532&use=l&cat=p&typeid=i","cat":334379},{"id":136302,"n":"Café moulu Velours Noir 100% Arabica - 250g","p":4.69,"u":"18,76 €/KG","img":"https://fd1-photos.leclercdrive.fr/image.ashx?id=1978401&use=l&cat=p&typeid=i","cat":284750},{"id":136372,"n":"Boule Rocher Ferrero Noël T3 - 37g","p":5.1,"u":"137,84 €/KG","img":"https://fd1-photos.leclercdrive.fr/image.ashx?id=2102428&use=l&cat=p&typeid=i","cat":284499},{"id":136389,"n":"Oeuf Maxi Kinder Surprise Garçon - 100g","p":6.49,"u":"64,90 €/KG","img":"https://fd1-photos.leclercdrive.fr/image.ashx?id=2940513&use=l&cat=p&typeid=i","cat":284958},{"id":136400,"n":"Boule de Noël Mon Chéri Cerise - 42g","p":5.1,"u":"121,43 €/KG","img":"https://fd1-photos.leclercdrive.fr/image.ashx?id=1996778&use=l&cat=p&typeid=i","cat":284499},{"id":136402,"n":"Boule de Noël Raffaello 40g","p":5.1,"u":"127,50 €/KG","img":"https://fd1-photos.leclercdrive.fr/image.ashx?id=2102431&use=l&cat=p&typeid=i","cat":284499},{"id":136445,"n":"Gateau marbré Savane Chocolat - 310g","p":2.57,"u":"8,29 €/KG","img":"https://fd1-photos.leclercdrive.fr/image.ashx?id=2870719&use=l&cat=p&typeid=i","cat":294776},{"id":136457,"n":"Pain grillé original Pasquier 415g","p":1.94,"u":"4,67 €/KG","img":"https://fd1-photos.leclercdrive.fr/image.ashx?id=2943957&use=l&cat=p&typeid=i","cat":284479},{"id":136492,"n":"AOP St Nic/Bourgueil rouge Les Vignelles - 37.5cl","p":4.72,"u":"12,59 €/L","img":"https://fd1-photos.leclercdrive.fr/image.ashx?id=2641473&use=l&cat=p&typeid=i","cat":289556},{"id":136493,"n":"AOP Chinon vin rouge Les Mureaux - 37.5cl","p":3.89,"u":"10,37 €/L","img":"https://fd1-photos.leclercdrive.fr/image.ashx?id=2641170&use=l&cat=p&typeid=i","cat":289556},{"id":136506,"n":"AOC Pouilly Fumé vin blanc Les Brosses - 75cl","p":11.9,"u":"15,87 €/L","img":"https://fd1-photos.leclercdrive.fr/image.ashx?id=1985475&use=l&cat=p&typeid=i","cat":289557},{"id":136514,"n":"Vin de France Merlot rouge Parsat - 5L","p":14.13,"u":"2,83 €/L","img":"https://fd1-photos.leclercdrive.fr/image.ashx?id=2804496&use=l&cat=p&typeid=i","cat":289560},{"id":136517,"n":"IGP Côtes-du-Tarn Rouge Gamay Parsat - 5L","p":13.95,"u":"2,79 €/L","img":"https://fd1-photos.leclercdrive.fr/image.ashx?id=2660823&use=l&cat=p&typeid=i","cat":289560},{"id":136518,"n":"AOP Bordeaux rouge Parsat - Bib 5L","p":16.5,"u":"3,30 €/L","img":"https://fd1-photos.leclercdrive.fr/image.ashx?id=2572203&use=l&cat=p&typeid=i","cat":289560},{"id":136520,"n":"IGP D'Oc gris Miss Anaïs Bib 3L","p":10.49,"u":"3,50 €/L","img":"https://fd1-photos.leclercdrive.fr/image.ashx?id=2515876&use=l&cat=p&typeid=i","cat":289560},{"id":136522,"n":"AOP Muscadet SM/Lie La Fruitière - 75cl","p":6.2,"u":"8,27 €/L","img":"https://fd1-photos.leclercdrive.fr/image.ashx?id=2009621&use=l&cat=p&typeid=i","cat":289557},{"id":136579,"n":"Soupe liquide brique Liebig  Velouté de 12 légumes - 1L","p":2.04,"u":"2,04 €/L","img":"https://fd1-photos.leclercdrive.fr/image.ashx?id=2172645&use=l&cat=p&typeid=i","cat":284462},{"id":136580,"n":"Soupe liquide brique Liebig  Mouliné de 12 légumes - 1L","p":2.2,"u":"2,20 €/L","img":"https://fd1-photos.leclercdrive.fr/image.ashx?id=2172642&use=l&cat=p&typeid=i","cat":284462},{"id":136585,"n":"Plat bébé soir Blédiner 15 mois pâtes crème légumes - 2x200g","p":2.29,"u":"5,73 €/KG","img":"https://fd1-photos.leclercdrive.fr/image.ashx?id=2845859&use=l&cat=p&typeid=i","cat":312239},{"id":136586,"n":"Plat bébé soir Blédiner 8 mois Boulghour poireau - 2x200g","p":2.29,"u":"5,73 €/KG","img":"https://fd1-photos.leclercdrive.fr/image.ashx?id=2845862&use=l&cat=p&typeid=i","cat":312239},{"id":136598,"n":"Compote Bio Village Gourdes Pomme bio - 12x90g","p":5.25,"u":"4,86 €/KG","img":"https://fd1-photos.leclercdrive.fr/image.ashx?id=2330517&use=l&cat=p&typeid=i","cat":284508},{"id":136604,"n":"Serviettes ultra nuit Tadam Dermosensitives - x10","p":2.37,"img":"https://fd1-photos.leclercdrive.fr/image.ashx?id=2754755&use=l&cat=p&typeid=i","cat":284624},{"id":136607,"n":"Protège lingerie long Tadam Dermo-sensitives bio - x24","p":2.43,"img":"https://fd1-photos.leclercdrive.fr/image.ashx?id=2754767&use=l&cat=p&typeid=i","cat":284625},{"id":136627,"n":"Pad Thai Céréal Bio  Bio repas express - 220g","p":2.49,"u":"11,32 €/KG","img":"https://fd1-photos.leclercdrive.fr/image.ashx?id=2574089&use=l&cat=p&typeid=i","cat":288992},{"id":136645,"n":"Blé gourmand l'Original Ebly Cuisson 10min - 1kg","p":2.61,"u":"2,61 €/KG","img":"https://fd1-photos.leclercdrive.fr/image.ashx?id=2286278&use=l&cat=p&typeid=i","cat":284429},{"id":136670,"n":"Oignons jaunes Eco+ 1.5 Kg","p":1.69,"u":"1,13 €/KG","img":"https://fd1-photos.leclercdrive.fr/image.ashx?id=2772572&use=l&cat=p&typeid=i","cat":284352},{"id":136733,"n":"Purée de légumes Babybio Bio chou-fleur 2x130g","p":2.16,"u":"8,31 €/KG","img":"https://fd1-photos.leclercdrive.fr/image.ashx?id=2827434&use=l&cat=p&typeid=i","cat":312235},{"id":136736,"n":"Quinoa parfumé Tipiak 240g","p":3.76,"u":"15,67 €/KG","img":"https://fd1-photos.leclercdrive.fr/image.ashx?id=2833747&use=l&cat=p&typeid=i","cat":284429},{"id":136775,"n":"Fleur de maïs Maïzena 700g","p":2.45,"pp":1.71,"u":"2,44 €/KG","img":"https://fd1-photos.leclercdrive.fr/image.ashx?id=2328361&use=l&cat=p&typeid=i","cat":288382},{"id":136777,"n":"Sachet chat Felix Succulent Campagne - 12x80g","p":5.2,"u":"5,42 €/KG","img":"https://fd1-photos.leclercdrive.fr/image.ashx?id=2861186&use=l&cat=p&typeid=i","cat":285286},{"id":136808,"n":"Biscuit pistache abricot Gerblé  - 160g","p":2.5,"u":"15,63 €/KG","img":"https://fd1-photos.leclercdrive.fr/image.ashx?id=2812711&use=l&cat=p&typeid=i","cat":318651},{"id":136813,"n":"Biscuits Bruges Delacre Boîte Assortiment - 200g","p":2.69,"u":"13,45 €/KG","img":"https://fd1-photos.leclercdrive.fr/image.ashx?id=2867966&use=l&cat=p&typeid=i","cat":284490},{"id":136907,"n":"Mini Roc Côte d'Or Chocolat au lait - 195g","p":7.48,"u":"38,36 €/KG","img":"https://fd1-photos.leclercdrive.fr/image.ashx?id=2488088&use=l&cat=p&typeid=i","cat":327595},{"id":136910,"n":"Mini Roc Côte d'Or Chocolat au noir - 195g","p":7.99,"u":"40,97 €/KG","img":"https://fd1-photos.leclercdrive.fr/image.ashx?id=2244136&use=l&cat=p&typeid=i","cat":327595},{"id":137060,"n":"Compote Bio Village Gourdes Pomme bio - 4x90g","p":1.91,"u":"5,31 €/KG","img":"https://fd1-photos.leclercdrive.fr/image.ashx?id=2619755&use=l&cat=p&typeid=i","cat":284508},{"id":137070,"n":"Petits pois Bio Village Bio - 420g","p":2.35,"u":"5,60 €/KG","img":"https://fd1-photos.leclercdrive.fr/image.ashx?id=3002707&use=l&cat=p&typeid=i","cat":312607},{"id":137228,"n":"Sucre en poudre Saint Louis 650g","p":1.45,"u":"2,23 €/KG","img":"https://fd1-photos.leclercdrive.fr/image.ashx?id=2659936&use=l&cat=p&typeid=i","cat":284502},{"id":137244,"n":"Huile d'Olive vierge  Cauvin Extra Bio - 75cl","p":10.04,"u":"13,39 €/L","img":"https://fd1-photos.leclercdrive.fr/image.ashx?id=2498356&use=l&cat=p&typeid=i","cat":284453},{"id":137283,"n":"Yaourt à boire Ptit Yop Aromatisé Fraise - 6x180g","p":2.69,"u":"2,49 €/KG","img":"https://fd1-photos.leclercdrive.fr/image.ashx?id=2902735&use=l&cat=p&typeid=i","cat":284415},{"id":137287,"n":"Yaourt à boire Ptit Yop Aromatisé Vanille - 6x180g","p":2.58,"u":"2,39 €/KG","img":"https://fd1-photos.leclercdrive.fr/image.ashx?id=2951800&use=l&cat=p&typeid=i","cat":284415},{"id":137289,"n":"Yaourt à boire Ptit Yop Aromatisé Framboise - 6x180g","p":2.56,"u":"2,37 €/KG","img":"https://fd1-photos.leclercdrive.fr/image.ashx?id=2951797&use=l&cat=p&typeid=i","cat":284415},{"id":137298,"n":"Yaourt à boire Ptit Yop Aromatisé Panaché - 6x180g","p":2.46,"u":"2,28 €/KG","img":"https://fd1-photos.leclercdrive.fr/image.ashx?id=2985168&use=l&cat=p&typeid=i","cat":284415},{"id":137325,"n":"Lait bébé Candia Baby  croissance 3ème âge - 6x25cl","p":3.8,"u":"2,53 €/L","img":"https://fd1-photos.leclercdrive.fr/image.ashx?id=2963346&use=l&cat=p&typeid=i","cat":284728},{"id":137384,"n":"Déodorant bille Men Expert Efficacité 48h - 50ml","p":2.6,"u":"52,00 €/L","img":"https://fd1-photos.leclercdrive.fr/image.ashx?id=2300512&use=l&cat=p&typeid=i","cat":284618},{"id":137388,"n":"Gel Douche Bio Sans Savon Cadum Huile d'Amandes Douces - 500ml","p":2.14,"u":"4,28 €/L","img":"https://fd1-photos.leclercdrive.fr/image.ashx?id=2575627&use=l&cat=p&typeid=i","cat":284594},{"id":137390,"n":"Emincés de pintade Le Gaulois Cuisses aux cèpes - 250g","p":5.8,"u":"23,20 €/KG","img":"https://fd1-photos.leclercdrive.fr/image.ashx?id=2344675&use=l&cat=p&typeid=i","cat":327289},{"id":137395,"n":"Huile extraordinaire Elseve Jojoba 100ml","p":10.27,"u":"102,70 €/L","img":"https://fd1-photos.leclercdrive.fr/image.ashx?id=2870674&use=l&cat=p&typeid=i","cat":284608},{"id":137413,"n":"Pommes Duchesse Findus 720g","p":3.19,"u":"4,43 €/KG","img":"https://fd1-photos.leclercdrive.fr/image.ashx?id=2888512&use=l&cat=p&typeid=i","cat":319792},{"id":137436,"n":"Masque Protection Couleur Elsève Color-Vive - 310ml","p":4.96,"u":"16,00 €/L","img":"https://fd1-photos.leclercdrive.fr/image.ashx?id=2865875&use=l&cat=p&typeid=i","cat":284608},{"id":137440,"n":"Maïs Bonduelle Sans Sucres Ajoutés 3x140g","p":2.08,"u":"4,95 €/KG","img":"https://fd1-photos.leclercdrive.fr/image.ashx?id=2996524&use=l&cat=p&typeid=i","cat":312611},{"id":137499,"n":"Chocolats fourrés Mon Cheri  x27 -283,5g","p":9.99,"u":"35,30 €/KG","img":"https://fd1-photos.leclercdrive.fr/image.ashx?id=2940282&use=l&cat=p&typeid=i","cat":327601},{"id":137522,"n":"Boite cadeau Toblerone assortiment mini toblerone 400g","p":12.9,"u":"32,25 €/KG","img":"https://fd1-photos.leclercdrive.fr/image.ashx?id=2861195&use=l&cat=p&typeid=i","cat":327595},{"id":137555,"n":"Moulage de chocolat grand Rohan Rennes - 150g","p":3.99,"u":"26,60 €/KG","img":"https://fd1-photos.leclercdrive.fr/image.ashx?id=1986868&use=l&cat=p&typeid=i","cat":284958},{"id":137567,"n":"Père Noel Smarties Vert - 85g","p":3.25,"u":"38,24 €/KG","img":"https://fd1-photos.leclercdrive.fr/image.ashx?id=1985745&use=l&cat=p&typeid=i","cat":284958},{"id":137592,"n":"Matière grasse bio St Hubert Demi-sel 55%MG - 230g","p":2.0,"u":"8,70 €/KG","img":"https://fd1-photos.leclercdrive.fr/image.ashx?id=2734129&use=l&cat=p&typeid=i","cat":315229},{"id":137669,"n":"Croquette chiens Mix  Fido Volaille/légumes - 2.5kg","p":5.82,"u":"2,33 €/KG","img":"https://fd1-photos.leclercdrive.fr/image.ashx?id=2973309&use=l&cat=p&typeid=i","cat":284672},{"id":137680,"n":"Croquette pour chien  Fido Croq' Mix boeuf et légumes 3kg","p":6.25,"u":"2,08 €/KG","img":"https://fd1-photos.leclercdrive.fr/image.ashx?id=2973306&use=l&cat=p&typeid=i","cat":284672},{"id":137700,"n":"Compote Douceur du Verger Coupelle fruits rouges -16x100g","p":4.21,"u":"2,63 €/KG","img":"https://fd1-photos.leclercdrive.fr/image.ashx?id=2663560&use=l&cat=p&typeid=i","cat":284508},{"id":137702,"n":"Compote Douceur du Verger Coupelle fruits jaunes -16x100g","p":3.97,"u":"2,48 €/KG","img":"https://fd1-photos.leclercdrive.fr/image.ashx?id=2834890&use=l&cat=p&typeid=i","cat":284508},{"id":137703,"n":"Compote Douceur du Verger Coupelle pomme - 16x100g","p":3.55,"u":"2,22 €/KG","img":"https://fd1-photos.leclercdrive.fr/image.ashx?id=2663551&use=l&cat=p&typeid=i","cat":284508},{"id":137713,"n":"Préparation Flan Entremets alsa Chocolat - 192g","p":1.69,"u":"7,28 €/KG","img":"https://fd1-photos.leclercdrive.fr/image.ashx?id=2842546&use=l&cat=p&typeid=i","cat":284505},{"id":137746,"n":"Gourmet Purina Poulet / Dinde - 8x85g","p":5.79,"u":"8,51 €/KG","img":"https://fd1-photos.leclercdrive.fr/image.ashx?id=2896795&use=l&cat=p&typeid=i","cat":285286},{"id":137757,"n":"Tarte aux poireaux Marie Gratinée à l'Emmental - 400g","p":3.47,"u":"8,68 €/KG","img":"https://fd1-photos.leclercdrive.fr/image.ashx?id=2996680&use=l&cat=p&typeid=i","cat":284257},{"id":137759,"n":"Tarte au Chèvre Marie Tomates cerises - 400g","p":3.17,"u":"7,93 €/KG","img":"https://fd1-photos.leclercdrive.fr/image.ashx?id=2996677&use=l&cat=p&typeid=i","cat":284257},{"id":137769,"n":"Soupe liquide brique Liebig  Poireaux Pomme de Terre 2x30cl","p":1.8,"u":"3,00 €/L","img":"https://fd1-photos.leclercdrive.fr/image.ashx?id=2864327&use=l&cat=p&typeid=i","cat":284462},{"id":137777,"n":"Haricots verts Bonduelle Extra Fins 440g","p":1.91,"u":"4,34 €/KG","img":"https://fd1-photos.leclercdrive.fr/image.ashx?id=2943927&use=l&cat=p&typeid=i","cat":312606},{"id":137796,"n":"Porto Cruz rouge 18%vol - 1L","p":10.1,"u":"10,10 €/L","img":"https://fd1-photos.leclercdrive.fr/image.ashx?id=2161512&use=l&cat=p&typeid=i","cat":284913},{"id":137853,"n":"AOP Côtes de provence rosé Château Cavalier - 75cl","p":7.55,"u":"10,07 €/L","img":"https://fd1-photos.leclercdrive.fr/image.ashx?id=2486329&use=l&cat=p&typeid=i","cat":289558},{"id":137857,"n":"Petits Pois Bonduelle Sans Arôme Ajouté 280g","p":1.2,"u":"4,29 €/KG","img":"https://fd1-photos.leclercdrive.fr/image.ashx?id=2913157&use=l&cat=p&typeid=i","cat":312607},{"id":137866,"n":"Compotes Douceur du Verger Pomme Banane - 4x90g","p":1.39,"u":"3,86 €/KG","img":"https://fd1-photos.leclercdrive.fr/image.ashx?id=2837066&use=l&cat=p&typeid=i","cat":284508},{"id":137892,"n":"Biscottes bio Bio Village sans sel ni sucres ajoutés 100g","p":2.09,"u":"6,97 €/KG","img":"https://fd1-photos.leclercdrive.fr/image.ashx?id=1987015&use=l&cat=p&typeid=i","cat":284479},{"id":137897,"n":"Bretzels bio Bio Village 150g","p":1.99,"u":"13,27 €/KG","img":"https://fd1-photos.leclercdrive.fr/image.ashx?id=2390663&use=l&cat=p&typeid=i","cat":297000},{"id":137900,"n":"Barres de céréales Grainéa Chocolat noir x6 - 126g","p":1.39,"u":"11,03 €/KG","img":"https://fd1-photos.leclercdrive.fr/image.ashx?id=2721370&use=l&cat=p&typeid=i","cat":285869},{"id":137904,"n":"Barre de céréales Grainea 126g","p":1.39,"u":"11,03 €/KG","img":"https://fd1-photos.leclercdrive.fr/image.ashx?id=2912863&use=l&cat=p&typeid=i","cat":285869},{"id":137907,"n":"Compote Douceur du Verger Coupelle pomme mangue - 4x100g","p":1.45,"u":"3,63 €/KG","img":"https://fd1-photos.leclercdrive.fr/image.ashx?id=2663548&use=l&cat=p&typeid=i","cat":284508},{"id":137910,"n":"Compote Douceur du Verger Gourdes multivariétés - 20x90g","p":6.09,"u":"3,38 €/KG","img":"https://fd1-photos.leclercdrive.fr/image.ashx?id=2805048&use=l&cat=p&typeid=i","cat":284508},{"id":137955,"n":"Maïs ultra croquant D'Aucy 3x140g","p":1.99,"u":"4,74 €/KG","img":"https://fd1-photos.leclercdrive.fr/image.ashx?id=2429215&use=l&cat=p&typeid=i","cat":312611},{"id":137957,"n":"Maïs ultra croquant D'Aucy 285g","p":0.99,"u":"3,47 €/KG","img":"https://fd1-photos.leclercdrive.fr/image.ashx?id=2380454&use=l&cat=p&typeid=i","cat":312611},{"id":137970,"n":"Carottes râpées à la ciboulette Pierre Martinet - 300g","p":1.56,"u":"5,20 €/KG","img":"https://fd1-photos.leclercdrive.fr/image.ashx?id=2990535&use=l&cat=p&typeid=i","cat":333657},{"id":137971,"n":"Carottes rapées à la Ciboulette Pierre Martinet - 510g","p":1.85,"u":"3,63 €/KG","img":"https://fd1-photos.leclercdrive.fr/image.ashx?id=2990532&use=l&cat=p&typeid=i","cat":333657},{"id":137980,"n":"Biscuits croquants Délichoc Chocolat blanc - 150g","p":1.9,"u":"12,67 €/KG","img":"https://fd1-photos.leclercdrive.fr/image.ashx?id=2939289&use=l&cat=p&typeid=i","cat":284488},{"id":138003,"n":"Mini BN fraise 2+1 offert - 525g","p":3.59,"u":"6,84 €/KG","img":"https://fd1-photos.leclercdrive.fr/image.ashx?id=2604500&use=l&cat=p&typeid=i","cat":284489},{"id":138035,"n":"Thé vert earl grey bio Pagès - 20 sachets","p":2.69,"u":"74,72 €/KG","img":"https://fd1-photos.leclercdrive.fr/image.ashx?id=2751099&use=l&cat=p&typeid=i","cat":293233},{"id":138076,"n":"Foie gras de canard Delpeyrat Entier du Sud-ouest - 180 g","p":23.5,"pp":15.51,"u":"86,17 €/KG","img":"https://fd1-photos.leclercdrive.fr/image.ashx?id=2905279&use=l&cat=p&typeid=i","cat":316008},{"id":138199,"n":"Repas bébé Blédichef 15 mois  Colombo de riz poisson - 250g","p":1.93,"u":"7,72 €/KG","img":"https://fd1-photos.leclercdrive.fr/image.ashx?id=2951599&use=l&cat=p&typeid=i","cat":312238},{"id":138200,"n":"Repas bébé Blédichef 15 mois  Tajine légumes poulet - 250g","p":1.79,"u":"7,16 €/KG","img":"https://fd1-photos.leclercdrive.fr/image.ashx?id=2951602&use=l&cat=p&typeid=i","cat":312238},{"id":138298,"n":"Gratte éponge + Microfibre Spontex x6","p":4.18,"u":"0,70 €/P","img":"https://fd1-photos.leclercdrive.fr/image.ashx?id=2673208&use=l&cat=p&typeid=i","cat":284667},{"id":138306,"n":"Gratin de choux fleurs jambon Fleury Michon - Lot 2+1 - 840g","p":5.47,"u":"6,51 €/KG","img":"https://fd1-photos.leclercdrive.fr/image.ashx?id=2047445&use=l&cat=p&typeid=i","cat":333665},{"id":138467,"n":"Saumon fumé Guyader Norvège - 4 tranches - 140g","p":5.45,"u":"38,93 €/KG","img":"https://fd1-photos.leclercdrive.fr/image.ashx?id=2586906&use=l&cat=p&typeid=i","cat":285188},{"id":138621,"n":"Whisky Togouchi Beer C. Finish 40% - 70cl","p":42.5,"pp":38.5,"u":"55,00 €/L","img":"https://fd1-photos.leclercdrive.fr/image.ashx?id=2966764&use=l&cat=p&typeid=i","cat":284547},{"id":138669,"n":"Masque reconstructeur Elsève Dream Long Cheveu Abîmé - 310ml","p":5.23,"u":"16,87 €/L","img":"https://fd1-photos.leclercdrive.fr/image.ashx?id=2278139&use=l&cat=p&typeid=i","cat":284608},{"id":139332,"n":"Etui 5 mini Père Noël Rohan 100g","p":3.55,"u":"35,50 €/KG","img":"https://fd1-photos.leclercdrive.fr/image.ashx?id=1995603&use=l&cat=p&typeid=i","cat":327592},{"id":139334,"n":"Père Noel  Rohan Chocolat au lait - 125g","p":3.38,"u":"27,04 €/KG","img":"https://fd1-photos.leclercdrive.fr/image.ashx?id=2484918&use=l&cat=p&typeid=i","cat":327592},{"id":139339,"n":"Sachet père noel foot Rohan Père noel et ballons 225g","p":6.14,"u":"27,29 €/KG","img":"https://fd1-photos.leclercdrive.fr/image.ashx?id=2900875&use=l&cat=p&typeid=i","cat":327592},{"id":139345,"n":"Sachet Père Noël x5 Rohan 150g","p":3.99,"u":"26,60 €/KG","img":"https://fd1-photos.leclercdrive.fr/image.ashx?id=2485925&use=l&cat=p&typeid=i","cat":327592},{"id":139453,"n":"KitKat Chocolat Noël Moulage Père Noël - 85g","p":3.25,"u":"38,24 €/KG","img":"https://fd1-photos.leclercdrive.fr/image.ashx?id=2901575&use=l&cat=p&typeid=i","cat":327592},{"id":140135,"n":"Je construis mon johnny A partir de 18 mois","p":21.5,"u":"Dont 0,10 € d'éco-part.","img":"https://fd1-photos.leclercdrive.fr/image.ashx?id=2509256&use=l&cat=p&typeid=i","cat":334382},{"id":141078,"n":"Clémentine de Corse bio Bio Village Barquette 500g","p":3.99,"u":"7,98 €/KG","img":"https://fd1-photos.leclercdrive.fr/image.ashx?id=2552011&use=l&cat=p&typeid=i","cat":284356},{"id":141162,"n":"Fond de veau Maggi 110g","p":2.4,"u":"21,82 €/KG","img":"https://fd1-photos.leclercdrive.fr/image.ashx?id=2917546&use=l&cat=p&typeid=i","cat":288379},{"id":141605,"n":"Roller Puressentiel Articulation&muscle (14 huiles)","p":9.27,"u":"123,60 €/L","img":"https://fd1-photos.leclercdrive.fr/image.ashx?id=2988535&use=l&cat=p&typeid=i","cat":298633},{"id":141607,"n":"Compléments alimentaires Luxéol 3en1 - x90 gélules","p":29.89,"u":"0,33 €/P","img":"https://fd1-photos.leclercdrive.fr/image.ashx?id=2922542&use=l&cat=p&typeid=i","cat":301266},{"id":141608,"n":"Spray assainissant Puressentiel 41 huiles essentielles - 500ml","p":29.99,"u":"59,98 €/L","img":"https://fd1-photos.leclercdrive.fr/image.ashx?id=2988529&use=l&cat=p&typeid=i","cat":298633},{"id":141617,"n":"Liftactiv Collagen Vichy Specialist crême anti-âge -50ml","p":37.71,"u":"754,20 €/L","img":"https://fd1-photos.leclercdrive.fr/image.ashx?id=2015684&use=l&cat=p&typeid=i","cat":291168},{"id":141622,"n":"Spray assainissant Puressentiel 41 huiles essentielles - 75ml","p":8.13,"u":"108,40 €/L","img":"https://fd1-photos.leclercdrive.fr/image.ashx?id=2003536&use=l&cat=p&typeid=i","cat":298633},{"id":141625,"n":"Gelée royale Forte pharma 1000mg lot 2x20 ampoules 15ml","p":14.39,"img":"https://fd1-photos.leclercdrive.fr/image.ashx?id=2003773&use=l&cat=p&typeid=i","cat":301264},{"id":141630,"n":"Eau oxygénée Lab. Gilbert Eau stabilisée 10 vol. - 250ml","p":2.69,"u":"10,76 €/L","img":"https://fd1-photos.leclercdrive.fr/image.ashx?id=2057194&use=l&cat=p&typeid=i","cat":291163},{"id":141632,"n":"Xémose crème Uriage Relipidante Anti-irritations - 400ml","p":15.49,"u":"38,73 €/L","img":"https://fd1-photos.leclercdrive.fr/image.ashx?id=2966740&use=l&cat=p&typeid=i","cat":290421},{"id":141636,"n":"Dentifrice Bi-Fluor‚ Fluocaril Dentifrice Blancheur - 2x75ml","p":5.64,"pp":4.23,"u":"28,20 €/L","img":"https://fd1-photos.leclercdrive.fr/image.ashx?id=2770614&use=l&cat=p&typeid=i","cat":290419},{"id":141638,"n":"Huile essentielle Puressentiel Eucalyptus radié Bio - 10 ml","p":3.54,"u":"354,00 €/L","img":"https://fd1-photos.leclercdrive.fr/image.ashx?id=2003626&use=l&cat=p&typeid=i","cat":298633},{"id":141641,"n":"Xémose baume 500ml Uriage Oléo apaisant anti-grattage","p":14.99,"u":"29,98 €/L","img":"https://fd1-photos.leclercdrive.fr/image.ashx?id=2966743&use=l&cat=p&typeid=i","cat":290421},{"id":141644,"n":"Dentifrice Sensodyne Soin Complet bitube - 2x75ml","p":6.45,"u":"43,00 €/L","img":"https://fd1-photos.leclercdrive.fr/image.ashx?id=2868512&use=l&cat=p&typeid=i","cat":290419},{"id":141645,"n":"Dentifrice Bi-Fluor‚ Fluocaril Dentifrice gencives 2x75ml","p":5.64,"pp":4.23,"u":"28,20 €/L","img":"https://fd1-photos.leclercdrive.fr/image.ashx?id=2206988&use=l&cat=p&typeid=i","cat":290419},{"id":141649,"n":"Vitamine C Nutrisanté 500mg 24 comprimés effervescents","p":3.63,"u":"0,15 €/P","img":"https://fd1-photos.leclercdrive.fr/image.ashx?id=2963328&use=l&cat=p&typeid=i","cat":301264},{"id":141650,"n":"Inhaleur Puressentiel 19 huiles essentielles - 1ml","p":3.58,"img":"https://fd1-photos.leclercdrive.fr/image.ashx?id=2538755&use=l&cat=p&typeid=i","cat":301256},{"id":141651,"n":"Lingettes quotidiennes Hydralin Le paquet de 10 lingettes","p":2.59,"u":"0,26 €/P","img":"https://fd1-photos.leclercdrive.fr/image.ashx?id=2003527&use=l&cat=p&typeid=i","cat":328622},{"id":141659,"n":"Baume intensif Atoderm Bioderma 500ml","p":16.29,"u":"32,58 €/L","img":"https://fd1-photos.leclercdrive.fr/image.ashx?id=2979938&use=l&cat=p&typeid=i","cat":290421},{"id":141666,"n":"Rectangles de coton Gilbert Le lot de 180 rectangles","p":3.63,"u":"0,02 €/P","img":"https://fd1-photos.leclercdrive.fr/image.ashx?id=2944131&use=l&cat=p&typeid=i","cat":291163},{"id":141667,"n":"Arkorelax Sommeil Fort 8h La boîte de 30 comprimés","p":15.05,"u":"0,50 €/P","img":"https://fd1-photos.leclercdrive.fr/image.ashx?id=2780475&use=l&cat=p&typeid=i","cat":301265},{"id":141669,"n":"Baume Atoderm Bioderma 500ml","p":16.96,"u":"33,92 €/L","img":"https://fd1-photos.leclercdrive.fr/image.ashx?id=2981115&use=l&cat=p&typeid=i","cat":290421},{"id":141672,"n":"D-stress 80 comprimés","p":11.49,"u":"0,14 €/P","img":"https://fd1-photos.leclercdrive.fr/image.ashx?id=2003608&use=l&cat=p&typeid=i","cat":301265},{"id":141674,"n":"Menthe poivrée bio Puressentiel Huile essentielle - 10 ml","p":4.31,"pp":3.45,"u":"345,00 €/L","img":"https://fd1-photos.leclercdrive.fr/image.ashx?id=2988544&use=l&cat=p&typeid=i","cat":298633},{"id":141676,"n":"Lavande vraie bio Puressentiel Huile essentielle - 10 ml","p":5.5,"u":"550,00 €/L","img":"https://fd1-photos.leclercdrive.fr/image.ashx?id=2988540&use=l&cat=p&typeid=i","cat":298633},{"id":141678,"n":"Huile essentielle Puressentiel Arbre à the Bio - 10 ml","p":4.9,"u":"490,00 €/L","img":"https://fd1-photos.leclercdrive.fr/image.ashx?id=2003620&use=l&cat=p&typeid=i","cat":298633},{"id":141684,"n":"Huile essentielle Puressentiel Citron Bio - 10 ml","p":3.95,"u":"395,00 €/L","img":"https://fd1-photos.leclercdrive.fr/image.ashx?id=2003623&use=l&cat=p&typeid=i","cat":298633},{"id":141693,"n":"Dentifrice Bi-Fluor‚ Fluocaril Dents sensibles 2x75ml","p":5.99,"pp":4.49,"u":"29,93 €/L","img":"https://fd1-photos.leclercdrive.fr/image.ashx?id=2206985&use=l&cat=p&typeid=i","cat":290419},{"id":141694,"n":"Vitamine C Nutrisanté  24 comprimés à croquer 500mg","p":3.63,"u":"0,15 €/P","img":"https://fd1-photos.leclercdrive.fr/image.ashx?id=2963325&use=l&cat=p&typeid=i","cat":301264},{"id":141696,"n":"Ultrabiotique Nutrisanté La boîte de 90 gélules","p":21.98,"u":"0,24 €/P","img":"https://fd1-photos.leclercdrive.fr/image.ashx?id=2415341&use=l&cat=p&typeid=i","cat":301268},{"id":141697,"n":"Ultrabiotique Nutrisanté La boîte de 30 gélules","p":9.99,"u":"832,50 €/KG","img":"https://fd1-photos.leclercdrive.fr/image.ashx?id=2003713&use=l&cat=p&typeid=i","cat":301268},{"id":141702,"n":"Pâte argile verte Cattier Prête à l'emploi - 400g","p":6.0,"u":"15,00 €/KG","img":"https://fd1-photos.leclercdrive.fr/image.ashx?id=2775953&use=l&cat=p&typeid=i","cat":291165},{"id":141703,"n":"Huile lavante Uriage Flacon pompe - 1L","p":10.57,"u":"10,57 €/L","img":"https://fd1-photos.leclercdrive.fr/image.ashx?id=2768234&use=l&cat=p&typeid=i","cat":301591},{"id":141705,"n":"D-stress booster La boîte de 20 sticks","p":12.49,"u":"0,62 €/P","img":"https://fd1-photos.leclercdrive.fr/image.ashx?id=2652263&use=l&cat=p&typeid=i","cat":301265},{"id":141709,"n":"Huile Grenade Weleda Régénératrice - 100ml","p":15.99,"u":"159,90 €/L","img":"https://fd1-photos.leclercdrive.fr/image.ashx?id=2505124&use=l&cat=p&typeid=i","cat":290422},{"id":141710,"n":"Soin ultra-hydratant Saforelle Le flacon de 250ml","p":6.48,"u":"25,92 €/L","img":"https://fd1-photos.leclercdrive.fr/image.ashx?id=2003779&use=l&cat=p&typeid=i","cat":301348},{"id":141711,"n":"Huile de massage Arnica Weleda Le flacon de 100ml","p":10.89,"u":"108,90 €/L","img":"https://fd1-photos.leclercdrive.fr/image.ashx?id=2924056&use=l&cat=p&typeid=i","cat":290422},{"id":141712,"n":"Huile de massage Arnica Weleda Le flacon de 200ml","p":14.8,"u":"74,00 €/L","img":"https://fd1-photos.leclercdrive.fr/image.ashx?id=2990754&use=l&cat=p&typeid=i","cat":290422},{"id":141721,"n":"Alcool modifié 70% Gilbert 250ml","p":2.24,"u":"8,96 €/L","img":"https://fd1-photos.leclercdrive.fr/image.ashx?id=2087421&use=l&cat=p&typeid=i","cat":291163},{"id":141722,"n":"Bain de Bouche Parodontax Le flacon de 500ml","p":5.46,"u":"10,92 €/L","img":"https://fd1-photos.leclercdrive.fr/image.ashx?id=2536948&use=l&cat=p&typeid=i","cat":284613},{"id":141723,"n":"Soin lavant doux Saforelle Eco recharge 400ml","p":7.39,"u":"18,48 €/L","img":"https://fd1-photos.leclercdrive.fr/image.ashx?id=2003617&use=l&cat=p&typeid=i","cat":301348},{"id":141724,"n":"Soin lavant doux Saforelle Le flacon de 100ml","p":3.4,"u":"34,00 €/L","img":"https://fd1-photos.leclercdrive.fr/image.ashx?id=2003563&use=l&cat=p&typeid=i","cat":301348},{"id":141725,"n":"Soin lavant doux Saforelle Le flacon de 250ml","p":5.99,"u":"23,96 €/L","img":"https://fd1-photos.leclercdrive.fr/image.ashx?id=2003560&use=l&cat=p&typeid=i","cat":301348},{"id":141726,"n":"Soin Quotidien Hydralin Le flacon de 200ml","p":6.6,"u":"33,00 €/L","img":"https://fd1-photos.leclercdrive.fr/image.ashx?id=2905435&use=l&cat=p&typeid=i","cat":301348},{"id":141728,"n":"Hygiène du nez Sterimar 100ml","p":4.9,"u":"49,00 €/L","img":"https://fd1-photos.leclercdrive.fr/image.ashx?id=2733784&use=l&cat=p&typeid=i","cat":301256},{"id":141730,"n":"Nez bouché Sterimar Hypertonique - 100ml","p":5.69,"u":"56,90 €/L","img":"https://fd1-photos.leclercdrive.fr/image.ashx?id=2733787&use=l&cat=p&typeid=i","cat":301256},{"id":141737,"n":"Huile de soin Bi Oil 200ml","p":24.8,"u":"124,00 €/L","img":"https://fd1-photos.leclercdrive.fr/image.ashx?id=2944969&use=l&cat=p&typeid=i","cat":291159},{"id":141741,"n":"Soin lavant doux duo Saforelle Le lot de 2x250ml","p":10.75,"u":"21,50 €/L","img":"https://fd1-photos.leclercdrive.fr/image.ashx?id=2583407&use=l&cat=p&typeid=i","cat":301348},{"id":141743,"n":"Soin Quotidien Hydralin Le lot de 2x200ml","p":11.16,"u":"27,90 €/L","img":"https://fd1-photos.leclercdrive.fr/image.ashx?id=2905736&use=l&cat=p&typeid=i","cat":301348},{"id":141745,"n":"Gel pocket Assanis 80ml","p":1.9,"u":"23,75 €/L","img":"https://fd1-photos.leclercdrive.fr/image.ashx?id=2118929&use=l&cat=p&typeid=i","cat":291163},{"id":141746,"n":"Dentifrice blancheur Parodontax Le lot de 2x75ml","p":6.95,"u":"46,33 €/L","img":"https://fd1-photos.leclercdrive.fr/image.ashx?id=2536966&use=l&cat=p&typeid=i","cat":290419},{"id":141747,"n":"Bicarbonate de sodium Gilbert BoÏte - 250g","p":2.19,"u":"8,76 €/KG","img":"https://fd1-photos.leclercdrive.fr/image.ashx?id=2087415&use=l&cat=p&typeid=i","cat":291163},{"id":141750,"n":"Aromaforce spray nasal bio Spray - 15ml","p":5.61,"u":"374,00 €/L","img":"https://fd1-photos.leclercdrive.fr/image.ashx?id=2057824&use=l&cat=p&typeid=i","cat":301256},{"id":141757,"n":"Gel vaginal Mucogyne Le tube de 40ml","p":8.74,"u":"218,50 €/L","img":"https://fd1-photos.leclercdrive.fr/image.ashx?id=2913298&use=l&cat=p&typeid=i","cat":328622},{"id":141758,"n":"Gel dentifrice Gum Paroex 75ml","p":2.7,"u":"36,00 €/L","img":"https://fd1-photos.leclercdrive.fr/image.ashx?id=2827833&use=l&cat=p&typeid=i","cat":290419},{"id":141761,"n":"Baume du tigre rouge Le pot de 19g","p":6.7,"u":"352,63 €/KG","img":"https://fd1-photos.leclercdrive.fr/image.ashx?id=2489968&use=l&cat=p&typeid=i","cat":290421},{"id":141762,"n":"Baume du tigre rouge Le pot de 30g","p":10.37,"u":"345,67 €/KG","img":"https://fd1-photos.leclercdrive.fr/image.ashx?id=2489971&use=l&cat=p&typeid=i","cat":290421},{"id":141763,"n":"Stick lèvres Neutrogena Le lot de 3","p":7.99,"u":"2,66 €/P","img":"https://fd1-photos.leclercdrive.fr/image.ashx?id=2989315&use=l&cat=p&typeid=i","cat":291172},{"id":141769,"n":"Papier d'Arménie à la Rose Le carnet","p":4.0,"img":"https://fd1-photos.leclercdrive.fr/image.ashx?id=2057041&use=l&cat=p&typeid=i","cat":298633},{"id":141773,"n":"Rescue nuit spray Fleurs de Bach - 20ml","p":12.79,"u":"639,50 €/L","img":"https://fd1-photos.leclercdrive.fr/image.ashx?id=2003809&use=l&cat=p&typeid=i","cat":298633},{"id":141774,"n":"Rescue gouttes Fleurs de Bach - 20ml","p":12.79,"u":"639,50 €/L","img":"https://fd1-photos.leclercdrive.fr/image.ashx?id=2506639&use=l&cat=p&typeid=i","cat":298633},{"id":141775,"n":"Rescue spray Fleurs de Bach - 20ml","p":12.79,"u":"639,50 €/L","img":"https://fd1-photos.leclercdrive.fr/image.ashx?id=2003803&use=l&cat=p&typeid=i","cat":298633},{"id":141776,"n":"Papier D'Arménie x30","p":4.99,"img":"https://fd1-photos.leclercdrive.fr/image.ashx?id=2057032&use=l&cat=p&typeid=i","cat":298633},{"id":141790,"n":"Oeufs frais Luzury Plein air - x6","p":1.85,"u":"0,31 €/P","img":"https://fd1-photos.leclercdrive.fr/image.ashx?id=2006816&use=l&cat=p&typeid=i","cat":284378},{"id":141791,"n":"Oeufs frais Luzury Plein air - x12","p":3.49,"u":"0,29 €/P","img":"https://fd1-photos.leclercdrive.fr/image.ashx?id=2006819&use=l&cat=p&typeid=i","cat":284378},{"id":141794,"n":"Oeufs Bio Luzury x6","p":2.75,"u":"0,46 €/P","img":"https://fd1-photos.leclercdrive.fr/image.ashx?id=2006822&use=l&cat=p&typeid=i","cat":284378},{"id":141805,"n":"Repas Felix Tasty Purina Saumon thon 12x80g","p":5.25,"u":"5,47 €/KG","img":"https://fd1-photos.leclercdrive.fr/image.ashx?id=2478417&use=l&cat=p&typeid=i","cat":285286},{"id":141810,"n":"Croquette Purina One Chat difficile  Cabillaud 1.5kg","p":6.99,"u":"4,66 €/KG","img":"https://fd1-photos.leclercdrive.fr/image.ashx?id=2477871&use=l&cat=p&typeid=i","cat":284680},{"id":141830,"n":"Thé English breakfast Pagès Bio - 36g","p":3.11,"u":"86,39 €/KG","img":"https://fd1-photos.leclercdrive.fr/image.ashx?id=2751096&use=l&cat=p&typeid=i","cat":293233},{"id":142084,"n":"Pommes de terre Grenailles  Panier du Primeur - 1kg","p":1.99,"u":"1,99 €/KG","img":"https://fd1-photos.leclercdrive.fr/image.ashx?id=2233214&use=l&cat=p&typeid=i","cat":284352},{"id":142527,"n":"Pastis breton Ty Jaune 45% - 70cl","p":18.8,"pp":17.8,"u":"25,43 €/L","img":"https://fd1-photos.leclercdrive.fr/image.ashx?id=2812654&use=l&cat=p&typeid=i","cat":284548},{"id":142757,"n":"Pain d'épices Temps des Cerises figue/raisin - 210g","p":2.6,"u":"12,38 €/KG","img":"https://fd1-photos.leclercdrive.fr/image.ashx?id=2102014&use=l&cat=p&typeid=i","cat":284493},{"id":142999,"n":"Cassolette saint jacques Tipiak Royale - 2x110g","p":5.89,"u":"26,77 €/KG","img":"https://fd1-photos.leclercdrive.fr/image.ashx?id=2798096&use=l&cat=p&typeid=i","cat":319775},{"id":143001,"n":"Dosettes café Plantation CLassique - x60 - 416g","p":6.09,"u":"14,64 €/KG","img":"https://fd1-photos.leclercdrive.fr/image.ashx?id=2824289&use=l&cat=p&typeid=i","cat":293238},{"id":143037,"n":"Toast apéro Pasquier Campagne - 100g","p":1.69,"pp":1.18,"u":"11,80 €/KG","img":"https://fd1-photos.leclercdrive.fr/image.ashx?id=2600674&use=l&cat=p&typeid=i","cat":285454},{"id":143042,"n":"Confit d'oignons Breizh Konfit Oignons rosés de Bretagne -110g","p":1.9,"u":"17,27 €/KG","img":"https://fd1-photos.leclercdrive.fr/image.ashx?id=2038825&use=l&cat=p&typeid=i","cat":284458},{"id":143045,"n":"Confit de figues Breizh Konfit 110g","p":1.9,"u":"17,27 €/KG","img":"https://fd1-photos.leclercdrive.fr/image.ashx?id=2038813&use=l&cat=p&typeid=i","cat":284480},{"id":143345,"n":"Biscottes Epi d'Or x108 - 900g","p":2.52,"u":"2,80 €/KG","img":"https://fd1-photos.leclercdrive.fr/image.ashx?id=2532847&use=l&cat=p&typeid=i","cat":284479},{"id":143347,"n":"Boisson instantanée cacao Tablette d'Or - 400g","p":1.95,"u":"4,88 €/KG","img":"https://fd1-photos.leclercdrive.fr/image.ashx?id=2038717&use=l&cat=p&typeid=i","cat":293235},{"id":143460,"n":"Cassolettes St Jacques Tipiak Crème Sauternes - x2 - 220g","p":5.89,"u":"26,77 €/KG","img":"https://fd1-photos.leclercdrive.fr/image.ashx?id=2030018&use=l&cat=p&typeid=i","cat":319775},{"id":143477,"n":"Dessert liégeois Viennois  Café - 4x100g","p":1.58,"u":"3,95 €/KG","img":"https://fd1-photos.leclercdrive.fr/image.ashx?id=2692110&use=l&cat=p&typeid=i","cat":285042},{"id":143478,"n":"Dessert liégeois Viennois  Chocolat - 4x100g","p":1.58,"u":"3,95 €/KG","img":"https://fd1-photos.leclercdrive.fr/image.ashx?id=2849689&use=l&cat=p&typeid=i","cat":285042},{"id":143506,"n":"IGP Ail rose de Lautrec  Nos Régions ont du Talent x3","p":4.59,"u":"1,53 €/P","img":"https://fd1-photos.leclercdrive.fr/image.ashx?id=2039599&use=l&cat=p&typeid=i","cat":284352},{"id":143528,"n":"Dessert liégeois Viennois  Panaché Chocolat Café - 8x100g","p":2.87,"u":"3,59 €/KG","img":"https://fd1-photos.leclercdrive.fr/image.ashx?id=2675298&use=l&cat=p&typeid=i","cat":285042},{"id":143602,"n":"Barres de céréales Grainéa Chocolat lait, noisette x6-126g","p":1.63,"u":"12,94 €/KG","img":"https://fd1-photos.leclercdrive.fr/image.ashx?id=2912875&use=l&cat=p&typeid=i","cat":285869},{"id":143603,"n":"Barre de céréales Grainéa Fruits rouges x6 - 126g","p":1.4,"u":"11,11 €/KG","img":"https://fd1-photos.leclercdrive.fr/image.ashx?id=2912869&use=l&cat=p&typeid=i","cat":285869},{"id":143605,"n":"Barre de céréales Chocolat au lait & coco - 126g","p":1.7,"u":"13,49 €/KG","img":"https://fd1-photos.leclercdrive.fr/image.ashx?id=2912872&use=l&cat=p&typeid=i","cat":285869},{"id":143654,"n":"Chiffonnade de Jambon de Parme AOP Corte Del Gusto - 80g","p":5.29,"u":"66,13 €/KG","img":"https://fd1-photos.leclercdrive.fr/image.ashx?id=2484395&use=l&cat=p&typeid=i","cat":316007},{"id":143741,"n":"Bloc foie gras canard Larnaudie 50% morceaux - 450g","p":40.9,"pp":26.99,"u":"59,98 €/KG","img":"https://fd1-photos.leclercdrive.fr/image.ashx?id=2915772&use=l&cat=p&typeid=i","cat":316008},{"id":143812,"n":"Tomates farcies Marie Riz à la tomate - 360g","p":2.89,"u":"8,03 €/KG","img":"https://fd1-photos.leclercdrive.fr/image.ashx?id=2317483&use=l&cat=p&typeid=i","cat":333665},{"id":144026,"n":"Pain Burgers création graines x4 - 260g","p":1.57,"u":"6,04 €/KG","img":"https://fd1-photos.leclercdrive.fr/image.ashx?id=2446347&use=l&cat=p&typeid=i","cat":325067},{"id":144188,"n":"Bloc foie gras Delpeyrat Sud-ouest 30% morceaux 300g","p":23.5,"pp":15.51,"u":"51,70 €/KG","img":"https://fd1-photos.leclercdrive.fr/image.ashx?id=2905288&use=l&cat=p&typeid=i","cat":316008},{"id":144237,"n":"Petits pains figues Labeyrie x25 - 100g","p":2.59,"u":"25,90 €/KG","img":"https://fd1-photos.leclercdrive.fr/image.ashx?id=2923504&use=l&cat=p&typeid=i","cat":316008},{"id":144295,"n":"Œufs de poules Eleveurs de Bret Elevées au sol - x12","p":2.77,"u":"0,23 €/P","img":"https://fd1-photos.leclercdrive.fr/image.ashx?id=2042758&use=l&cat=p&typeid=i","cat":284378},{"id":144367,"n":"Copeaux savon Marseille  UNI VERT - 750g","p":3.9,"u":"5,20 €/KG","img":"https://fd1-photos.leclercdrive.fr/image.ashx?id=2574470&use=l&cat=p&typeid=i","cat":325365},{"id":144431,"n":"Saucisson sec Le Galibier Noix - 200g","p":4.99,"u":"24,95 €/KG","img":"https://fd1-photos.leclercdrive.fr/image.ashx?id=2429323&use=l&cat=p&typeid=i","cat":316006},{"id":144439,"n":"Saucisse droite Le Galibier Nature - 200g","p":4.99,"u":"24,95 €/KG","img":"https://fd1-photos.leclercdrive.fr/image.ashx?id=3000129&use=l&cat=p&typeid=i","cat":316006},{"id":144442,"n":"Chorizo doux Henri Raffin - 200g","p":5.38,"u":"26,90 €/KG","img":"https://fd1-photos.leclercdrive.fr/image.ashx?id=2337717&use=l&cat=p&typeid=i","cat":316006},{"id":144508,"n":"Le paté Henaff bio 154g","p":2.69,"u":"17,47 €/KG","img":"https://fd1-photos.leclercdrive.fr/image.ashx?id=2662418&use=l&cat=p&typeid=i","cat":305149},{"id":144636,"n":"Boisson énergisante Monster Energy Pacific Punch - 50CL","p":1.69,"u":"3,38 €/L","img":"https://fd1-photos.leclercdrive.fr/image.ashx?id=2148407&use=l&cat=p&typeid=i","cat":284533},{"id":144757,"n":"Crème épaisse Bridélice 15%mg - 10cl","p":0.64,"u":"6,40 €/L","img":"https://fd1-photos.leclercdrive.fr/image.ashx?id=2989132&use=l&cat=p&typeid=i","cat":284381},{"id":144773,"n":"Yaourt ferments lactiques Alsa 4 sachets - 8g","p":2.75,"u":"343,75 €/KG","img":"https://fd1-photos.leclercdrive.fr/image.ashx?id=2813875&use=l&cat=p&typeid=i","cat":284505},{"id":144834,"n":"Dosettes café Plantation  Corsé - x60 - 417g","p":5.79,"u":"13,88 €/KG","img":"https://fd1-photos.leclercdrive.fr/image.ashx?id=2824292&use=l&cat=p&typeid=i","cat":293238},{"id":144845,"n":"Lait Empresuré chocolat Laiterie de Saint Malo 4x125g","p":1.75,"u":"3,50 €/KG","img":"https://fd1-photos.leclercdrive.fr/image.ashx?id=2908612&use=l&cat=p&typeid=i","cat":285041},{"id":144846,"n":"Dessert gourmand Mamie Nova Tiramisu cappuccino - 2x85g","p":1.6,"u":"9,41 €/KG","img":"https://fd1-photos.leclercdrive.fr/image.ashx?id=2921316&use=l&cat=p&typeid=i","cat":284419},{"id":144940,"n":"AOP Saumur Puy Notre Dame rouge Les Petites Roches - 75cl","p":6.8,"u":"9,07 €/L","img":"https://fd1-photos.leclercdrive.fr/image.ashx?id=2105188&use=l&cat=p&typeid=i","cat":289556},{"id":145041,"n":"Dattes Couleurs Vives Moelleuses - 250g","p":1.99,"u":"7,96 €/KG","img":"https://fd1-photos.leclercdrive.fr/image.ashx?id=2543938&use=l&cat=p&typeid=i","cat":284357},{"id":145117,"n":"Coupe-ongles Mercurochrome 1 pièce","p":3.22,"img":"https://fd1-photos.leclercdrive.fr/image.ashx?id=2665616&use=l&cat=p&typeid=i","cat":325354},{"id":145209,"n":"Pomme de terre grenailles bio Bio Village - 750g","p":1.99,"u":"2,65 €/KG","img":"https://fd1-photos.leclercdrive.fr/image.ashx?id=2960574&use=l&cat=p&typeid=i","cat":284352},{"id":145245,"n":"Pansements Mercurochrome Cors-portection - x12","p":3.3,"u":"0,28 €/P","img":"https://fd1-photos.leclercdrive.fr/image.ashx?id=2785829&use=l&cat=p&typeid=i","cat":284630},{"id":145255,"n":"Ciseaux à ongles Mercurochrome 1 pièce","p":3.19,"img":"https://fd1-photos.leclercdrive.fr/image.ashx?id=2788493&use=l&cat=p&typeid=i","cat":325354},{"id":145410,"n":"Amandes grillées Couleurs Vives Décortiquées - non salé - 250g","p":3.47,"u":"13,88 €/KG","img":"https://fd1-photos.leclercdrive.fr/image.ashx?id=2542929&use=l&cat=p&typeid=i","cat":284357},{"id":145411,"n":"Filet de cabillaud Pêche Océan MSC - x4 - 400g","p":7.87,"u":"19,68 €/KG","img":"https://fd1-photos.leclercdrive.fr/image.ashx?id=2930129&use=l&cat=p&typeid=i","cat":319786},{"id":145472,"n":"Bière ambrée Coreff 6x25cl","p":6.08,"u":"4,05 €/L","img":"https://fd1-photos.leclercdrive.fr/image.ashx?id=2058972&use=l&cat=p&typeid=i","cat":334852},{"id":145482,"n":"Bière bio Dremmwel Gwiniz Sans gluten - 75cl","p":3.63,"u":"4,84 €/L","img":"https://fd1-photos.leclercdrive.fr/image.ashx?id=2874048&use=l&cat=p&typeid=i","cat":334872},{"id":145492,"n":"Bière blonde Sant Erwann Originale - 75cl","p":3.49,"u":"4,65 €/L","img":"https://fd1-photos.leclercdrive.fr/image.ashx?id=2678053&use=l&cat=p&typeid=i","cat":334872},{"id":145500,"n":"Chips extra croquante Vico 150g","p":1.1,"u":"7,33 €/KG","img":"https://fd1-photos.leclercdrive.fr/image.ashx?id=2917822&use=l&cat=p&typeid=i","cat":284447},{"id":145513,"n":"Fond de veau Kubor Maggi Dégraissé - 100g","p":2.39,"u":"23,90 €/KG","img":"https://fd1-photos.leclercdrive.fr/image.ashx?id=2917540&use=l&cat=p&typeid=i","cat":288379},{"id":145556,"n":"Crêpes Whaou Chocolat cracky - x15 - 480g","p":3.98,"u":"8,29 €/KG","img":"https://fd1-photos.leclercdrive.fr/image.ashx?id=2971032&use=l&cat=p&typeid=i","cat":284494},{"id":145559,"n":"Fond de volaille Maggi 110g","p":2.39,"u":"21,73 €/KG","img":"https://fd1-photos.leclercdrive.fr/image.ashx?id=2917549&use=l&cat=p&typeid=i","cat":288379},{"id":146060,"n":"Gazpacho L'Original Alvalle 1L","p":3.45,"u":"3,45 €/L","img":"https://fd1-photos.leclercdrive.fr/image.ashx?id=2672047&use=l&cat=p&typeid=i","cat":284355},{"id":146366,"n":"Quiche Lorraine Marie Pur beurre - 400g","p":3.26,"u":"8,15 €/KG","img":"https://fd1-photos.leclercdrive.fr/image.ashx?id=2996674&use=l&cat=p&typeid=i","cat":284257},{"id":146412,"n":"Infusion bio Jardin Bio Digestion légère x20 - 30g","p":2.56,"u":"85,33 €/KG","img":"https://fd1-photos.leclercdrive.fr/image.ashx?id=2792603&use=l&cat=p&typeid=i","cat":293234},{"id":146413,"n":"Infusion bio Jardin Bio Détente sommeil x20 - 30g","p":2.5,"u":"83,33 €/KG","img":"https://fd1-photos.leclercdrive.fr/image.ashx?id=3011449&use=l&cat=p&typeid=i","cat":293234},{"id":146414,"n":"Infusion bio Jardin Bio Nuits paisibles x20 - 30g","p":2.39,"u":"79,67 €/KG","img":"https://fd1-photos.leclercdrive.fr/image.ashx?id=2792612&use=l&cat=p&typeid=i","cat":293234},{"id":146415,"n":"Infusion Jardin Bio Bio digestion - x20 - 30g","p":2.39,"u":"79,67 €/KG","img":"https://fd1-photos.leclercdrive.fr/image.ashx?id=2792615&use=l&cat=p&typeid=i","cat":293234},{"id":146417,"n":"Infusion Jardin Bio Bio Thym citron - 30g - x20","p":2.31,"u":"77,00 €/KG","img":"https://fd1-photos.leclercdrive.fr/image.ashx?id=2792621&use=l&cat=p&typeid=i","cat":293234},{"id":146418,"n":"Infusion Jardin Bio Bio ventre plat - x20 - 30g","p":2.33,"u":"77,67 €/KG","img":"https://fd1-photos.leclercdrive.fr/image.ashx?id=2986564&use=l&cat=p&typeid=i","cat":293234},{"id":146419,"n":"Infusion Jardin Bio Bio bruleur de graisse x20 -30g","p":2.39,"u":"79,67 €/KG","img":"https://fd1-photos.leclercdrive.fr/image.ashx?id=2968322&use=l&cat=p&typeid=i","cat":293234},{"id":146421,"n":"Infusion Jardin Bio Bio detox - x20 - 30g","p":2.46,"u":"82,00 €/KG","img":"https://fd1-photos.leclercdrive.fr/image.ashx?id=2792630&use=l&cat=p&typeid=i","cat":293234},{"id":146422,"n":"Thé vert Jardin Bio Bio minceur - x20 - 30g","p":2.39,"u":"79,67 €/KG","img":"https://fd1-photos.leclercdrive.fr/image.ashx?id=2948066&use=l&cat=p&typeid=i","cat":293233},{"id":146425,"n":"Thé Jardin Bio Bio détox - x20 - 30g","p":1.84,"u":"61,33 €/KG","img":"https://fd1-photos.leclercdrive.fr/image.ashx?id=2578205&use=l&cat=p&typeid=i","cat":293233},{"id":146426,"n":"Thé vert bio Jardin Bio Gingembre citron vert x20 - 30g","p":2.57,"u":"85,67 €/KG","img":"https://fd1-photos.leclercdrive.fr/image.ashx?id=3011452&use=l&cat=p&typeid=i","cat":293233},{"id":146494,"n":"Ramen Kimchi Tanoshi 360g","p":2.99,"u":"8,31 €/KG","img":"https://fd1-photos.leclercdrive.fr/image.ashx?id=2046741&use=l&cat=p&typeid=i","cat":288992},{"id":146499,"n":"Ramen Bulgogi Tanoshi 366g","p":2.92,"u":"7,98 €/KG","img":"https://fd1-photos.leclercdrive.fr/image.ashx?id=2922998&use=l&cat=p&typeid=i","cat":288992},{"id":146735,"n":"Haricots verts Bonduelle Extra fins - 220g","p":1.05,"u":"4,77 €/KG","img":"https://fd1-photos.leclercdrive.fr/image.ashx?id=3008074&use=l&cat=p&typeid=i","cat":312606},{"id":146738,"n":"Café Soluble Nescafé Cappuccino Noisette - 270g","p":4.82,"u":"17,85 €/KG","img":"https://fd1-photos.leclercdrive.fr/image.ashx?id=2867791&use=l&cat=p&typeid=i","cat":284843},{"id":146739,"n":"Maïs Bonduelle Sans Résidu Pesticides - 3x140g","p":2.19,"u":"5,21 €/KG","img":"https://fd1-photos.leclercdrive.fr/image.ashx?id=2913133&use=l&cat=p&typeid=i","cat":312611},{"id":146876,"n":"Bière Sant Erwann IPA 75cl","p":3.74,"u":"4,99 €/L","img":"https://fd1-photos.leclercdrive.fr/image.ashx?id=2678056&use=l&cat=p&typeid=i","cat":334872},{"id":146895,"n":"Lait concentré Régilait non sucré - 410g","p":1.5,"u":"3,66 €/KG","img":"https://fd1-photos.leclercdrive.fr/image.ashx?id=2405866&use=l&cat=p&typeid=i","cat":293236},{"id":146916,"n":"Préparation alsa Crème Pâtissière - 390g","p":2.9,"u":"7,44 €/KG","img":"https://fd1-photos.leclercdrive.fr/image.ashx?id=3007990&use=l&cat=p&typeid=i","cat":284505},{"id":146967,"n":"Poulet croustillant potatoes Sauce ciboulette - 600g","p":7.59,"u":"12,65 €/KG","img":"https://fd1-photos.leclercdrive.fr/image.ashx?id=2047780&use=l&cat=p&typeid=i","cat":333666},{"id":147002,"n":"Feuilleté de Mousse La Laitière Chocolat - 4x57g","p":1.69,"u":"7,41 €/KG","img":"https://fd1-photos.leclercdrive.fr/image.ashx?id=2858594&use=l&cat=p&typeid=i","cat":284417},{"id":147003,"n":"Feuilleté de Mousse La Laitière Vanille - 4x57g","p":1.65,"u":"7,24 €/KG","img":"https://fd1-photos.leclercdrive.fr/image.ashx?id=2764511&use=l&cat=p&typeid=i","cat":284417},{"id":147026,"n":"Raviolis farcis Ajinomoto Gyoza crevettes - 400g","p":5.26,"u":"13,15 €/KG","img":"https://fd1-photos.leclercdrive.fr/image.ashx?id=2590297&use=l&cat=p&typeid=i","cat":284254},{"id":147067,"n":"Gyoza Boeuf et Légumes Ajinomoto - 212g","p":3.79,"u":"17,88 €/KG","img":"https://fd1-photos.leclercdrive.fr/image.ashx?id=2590628&use=l&cat=p&typeid=i","cat":319774},{"id":147076,"n":"Bouillon Cube Maggi Volaille - 80g","p":0.88,"u":"11,00 €/KG","img":"https://fd1-photos.leclercdrive.fr/image.ashx?id=2737036&use=l&cat=p&typeid=i","cat":288379},{"id":147119,"n":"Lave glace Tech 9 -20°C - 5L","p":5.99,"u":"1,20 €/L","img":"https://fd1-photos.leclercdrive.fr/image.ashx?id=2054896&use=l&cat=p&typeid=i","cat":298252},{"id":147127,"n":"Spray dégraissant Clair Savon noir - 750ml","p":2.05,"u":"2,73 €/L","img":"https://fd1-photos.leclercdrive.fr/image.ashx?id=2840389&use=l&cat=p&typeid=i","cat":325357},{"id":147128,"n":"Coton carré Bio Bionaïa x80","p":2.99,"u":"0,04 €/P","img":"https://fd1-photos.leclercdrive.fr/image.ashx?id=2558832&use=l&cat=p&typeid=i","cat":285593},{"id":147224,"n":"Capsules Nescafé Dolce Gusto  Espresso - x30","p":7.63,"u":"46,24 €/KG","img":"https://fd1-photos.leclercdrive.fr/image.ashx?id=2737105&use=l&cat=p&typeid=i","cat":293239},{"id":147237,"n":"Compote Douceur du Verger    Bocal pomme morceaux - 730g","p":1.74,"u":"2,38 €/KG","img":"https://fd1-photos.leclercdrive.fr/image.ashx?id=2663563&use=l&cat=p&typeid=i","cat":284508},{"id":147248,"n":"Muesli  Grainea chocolat Noisette 350g","p":2.84,"u":"8,11 €/KG","img":"https://fd1-photos.leclercdrive.fr/image.ashx?id=2077358&use=l&cat=p&typeid=i","cat":309512},{"id":147250,"n":"Préparation Flan Entremets alsa Vanille - 192g","p":1.41,"u":"7,34 €/KG","img":"https://fd1-photos.leclercdrive.fr/image.ashx?id=2805117&use=l&cat=p&typeid=i","cat":284504},{"id":147253,"n":"Préparation pour dessert Alsa Caramel beurre salé - 120g","p":1.97,"u":"16,42 €/KG","img":"https://fd1-photos.leclercdrive.fr/image.ashx?id=3007996&use=l&cat=p&typeid=i","cat":284504},{"id":147315,"n":"IGP Pays d'Oc Viognier blanc Le Pioch 13.5% vol BIB 3L","p":10.9,"u":"3,63 €/L","img":"https://fd1-photos.leclercdrive.fr/image.ashx?id=2734741&use=l&cat=p&typeid=i","cat":289557},{"id":147420,"n":"Knacks d'Alsace  L'Atelier Charcuterie - 300g","p":3.8,"u":"12,67 €/KG","img":"https://fd1-photos.leclercdrive.fr/image.ashx?id=2989772&use=l&cat=p&typeid=i","cat":316012},{"id":147422,"n":"Bière Brewdog Punk IPA 33cl","p":2.41,"u":"7,30 €/L","img":"https://fd1-photos.leclercdrive.fr/image.ashx?id=2941859&use=l&cat=p&typeid=i","cat":334872},{"id":147431,"n":"Yaourt à la grecque YAOS Nature lit de framboises 4x125g","p":3.04,"u":"6,08 €/KG","img":"https://fd1-photos.leclercdrive.fr/image.ashx?id=2654575&use=l&cat=p&typeid=i","cat":314999},{"id":147438,"n":"Tablette chocolat Milka Chocolat au lait - 5x100g","p":7.31,"u":"14,62 €/KG","img":"https://fd1-photos.leclercdrive.fr/image.ashx?id=2955203&use=l&cat=p&typeid=i","cat":284497},{"id":147440,"n":"Tropifun Haribo Sachet bonbons - 220g","p":1.88,"u":"8,55 €/KG","img":"https://fd1-photos.leclercdrive.fr/image.ashx?id=2340837&use=l&cat=p&typeid=i","cat":304250},{"id":147443,"n":"Stick torsades Tous mes amis x4 - 70g","p":0.72,"u":"10,29 €/KG","img":"https://fd1-photos.leclercdrive.fr/image.ashx?id=2361733&use=l&cat=p&typeid=i","cat":294527},{"id":147449,"n":"Granola Grainea Chocolat noir amandes - 350g","p":2.75,"u":"7,86 €/KG","img":"https://fd1-photos.leclercdrive.fr/image.ashx?id=2611949&use=l&cat=p&typeid=i","cat":309512},{"id":147454,"n":"Granola Grainea 350g","p":2.64,"u":"7,54 €/KG","img":"https://fd1-photos.leclercdrive.fr/image.ashx?id=2568340&use=l&cat=p&typeid=i","cat":309512},{"id":147455,"n":"Capsules café Plantation Décaféiné n°5 - x30 - 156g","p":5.19,"u":"33,27 €/KG","img":"https://fd1-photos.leclercdrive.fr/image.ashx?id=2874741&use=l&cat=p&typeid=i","cat":284749},{"id":147456,"n":"Capsules café Plantation Ristretto n°12 - x30 - 156g","p":5.19,"u":"33,27 €/KG","img":"https://fd1-photos.leclercdrive.fr/image.ashx?id=2867263&use=l&cat=p&typeid=i","cat":284749},{"id":147464,"n":"Infusion bien-être Jardin Bio Bio x20 - 28g","p":2.31,"u":"82,50 €/KG","img":"https://fd1-photos.leclercdrive.fr/image.ashx?id=2792606&use=l&cat=p&typeid=i","cat":293234},{"id":147468,"n":"Jus de citron Jardin Bio Bio - 25cl","p":1.98,"u":"7,92 €/L","img":"https://fd1-photos.leclercdrive.fr/image.ashx?id=3015317&use=l&cat=p&typeid=i","cat":288383},{"id":147474,"n":"Coupe ongles Primoplast 1 pièce","p":2.0,"img":"https://fd1-photos.leclercdrive.fr/image.ashx?id=2833008&use=l&cat=p&typeid=i","cat":325354},{"id":147517,"n":"Merlu & riz D'Aucy Sauce beurre blanc - 300g","p":2.55,"u":"8,50 €/KG","img":"https://fd1-photos.leclercdrive.fr/image.ashx?id=2103184&use=l&cat=p&typeid=i","cat":284953},{"id":147518,"n":"Moulin 5 baies Ducros Doux - 26g","p":1.52,"u":"58,46 €/KG","img":"https://fd1-photos.leclercdrive.fr/image.ashx?id=2559493&use=l&cat=p&typeid=i","cat":298297},{"id":147519,"n":"Moulin poivre Ducros 35g","p":2.44,"u":"69,71 €/KG","img":"https://fd1-photos.leclercdrive.fr/image.ashx?id=2498678&use=l&cat=p&typeid=i","cat":284457},{"id":147524,"n":"Gel douche Bionaïa Miel fleur d'oranger bio -250ml","p":1.43,"u":"5,72 €/L","img":"https://fd1-photos.leclercdrive.fr/image.ashx?id=2512487&use=l&cat=p&typeid=i","cat":284594},{"id":147525,"n":"Huile bio Bio naïa Jojoba - 50ml","p":4.57,"u":"91,40 €/L","img":"https://fd1-photos.leclercdrive.fr/image.ashx?id=2436711&use=l&cat=p&typeid=i","cat":325349},{"id":147526,"n":"Huile bio Bio naïa Argan - 50ml","p":4.75,"u":"95,00 €/L","img":"https://fd1-photos.leclercdrive.fr/image.ashx?id=2436714&use=l&cat=p&typeid=i","cat":325349},{"id":147528,"n":"Huile bio Bio naïa Amande douce - 50ml","p":3.79,"u":"75,80 €/L","img":"https://fd1-photos.leclercdrive.fr/image.ashx?id=2436720&use=l&cat=p&typeid=i","cat":325349},{"id":147539,"n":"Capsules café Plantation Café au lait - x16 - 152g","p":3.29,"u":"21,64 €/KG","img":"https://fd1-photos.leclercdrive.fr/image.ashx?id=2649750&use=l&cat=p&typeid=i","cat":293239},{"id":147677,"n":"Sauce béarnaise Rustica 240g","p":1.29,"u":"5,38 €/KG","img":"https://fd1-photos.leclercdrive.fr/image.ashx?id=2954382&use=l&cat=p&typeid=i","cat":318431},{"id":147692,"n":"Fond pour rôtis Maggi 110g","p":2.39,"u":"21,73 €/KG","img":"https://fd1-photos.leclercdrive.fr/image.ashx?id=2917543&use=l&cat=p&typeid=i","cat":288379},{"id":147715,"n":"Poivron tricolore 3p","p":2.79,"u":"0,93 €/P","img":"https://fd1-photos.leclercdrive.fr/image.ashx?id=2051911&use=l&cat=p&typeid=i","cat":284352},{"id":148008,"n":"Genoise P'tit Déli Poire - 150g","p":1.15,"u":"7,67 €/KG","img":"https://fd1-photos.leclercdrive.fr/image.ashx?id=2482508&use=l&cat=p&typeid=i","cat":284489},{"id":148077,"n":"Jambon de Savoie L'Atelier Charcuterie - 100g","p":2.99,"u":"29,90 €/KG","img":"https://fd1-photos.leclercdrive.fr/image.ashx?id=2987494&use=l&cat=p&typeid=i","cat":316007},{"id":148079,"n":"Saucisson d'Auvergne IGP NRT L'Atelier Charcuterie LR - 100g","p":2.3,"u":"23,00 €/KG","img":"https://fd1-photos.leclercdrive.fr/image.ashx?id=2994149&use=l&cat=p&typeid=i","cat":316007},{"id":148084,"n":"Mortadella bologna IGP L'Atelier Charcuterie - 100g","p":1.99,"u":"19,90 €/KG","img":"https://fd1-photos.leclercdrive.fr/image.ashx?id=2999652&use=l&cat=p&typeid=i","cat":316007},{"id":148094,"n":"Speck alto adige IGP L'Atelier Charcuterie - 100g","p":2.99,"u":"29,90 €/KG","img":"https://fd1-photos.leclercdrive.fr/image.ashx?id=2999655&use=l&cat=p&typeid=i","cat":316007},{"id":148095,"n":"Coppa di parma IGP L'Atelier Charcuterie - 100g","p":3.45,"u":"34,50 €/KG","img":"https://fd1-photos.leclercdrive.fr/image.ashx?id=2068735&use=l&cat=p&typeid=i","cat":316007},{"id":148096,"n":"Jambon de Bayonne IGP  L'Atelier charcuterie - 100g","p":3.33,"u":"33,30 €/KG","img":"https://fd1-photos.leclercdrive.fr/image.ashx?id=2984510&use=l&cat=p&typeid=i","cat":316007},{"id":148105,"n":"Viande des grisons IGP L'Atelier Charcuterie - 80g","p":5.49,"u":"68,63 €/KG","img":"https://fd1-photos.leclercdrive.fr/image.ashx?id=2856648&use=l&cat=p&typeid=i","cat":316007},{"id":148107,"n":"Pavé au poivre Label Rouge L'Atelier Charcuterie - 100g","p":1.99,"u":"22,11 €/KG","img":"https://fd1-photos.leclercdrive.fr/image.ashx?id=2856651&use=l&cat=p&typeid=i","cat":316007},{"id":148112,"n":"Démaquillant yeux waterproof Le petit olivier - 125ml","p":3.19,"u":"25,52 €/L","img":"https://fd1-photos.leclercdrive.fr/image.ashx?id=2865848&use=l&cat=p&typeid=i","cat":284603},{"id":148117,"n":"Rosette tranchée Label Rouge L'Atelier Charcuterie - 100g","p":1.79,"u":"17,90 €/KG","img":"https://fd1-photos.leclercdrive.fr/image.ashx?id=2856654&use=l&cat=p&typeid=i","cat":316007},{"id":148120,"n":"Jambon serrano IGP L'Atelier Charcuterie - 120g","p":4.0,"u":"33,33 €/KG","img":"https://fd1-photos.leclercdrive.fr/image.ashx?id=2867931&use=l&cat=p&typeid=i","cat":316007},{"id":148240,"n":"Café dosettes Tassimo L'Or Café Long Doux x16","p":4.8,"u":"53,93 €/KG","img":"https://fd1-photos.leclercdrive.fr/image.ashx?id=2100386&use=l&cat=p&typeid=i","cat":293240},{"id":148250,"n":"Ratatouille  Notre Jardin Provencale - 530g","p":2.76,"u":"5,21 €/KG","img":"https://fd1-photos.leclercdrive.fr/image.ashx?id=2526312&use=l&cat=p&typeid=i","cat":312612},{"id":148291,"n":"Bière Aromatisée Grimbergen Rouge 5,5° - 6x25cl","p":5.23,"u":"3,49 €/L","img":"https://fd1-photos.leclercdrive.fr/image.ashx?id=2873327&use=l&cat=p&typeid=i","cat":334878},{"id":148339,"n":"Embouts jetables Prorhinel Souples - x10","p":5.79,"img":"https://fd1-photos.leclercdrive.fr/image.ashx?id=2148182&use=l&cat=p&typeid=i","cat":284630},{"id":148355,"n":"Déodorant Monsavon lait Fleur de coton - 200ml","p":1.92,"u":"9,60 €/L","img":"https://fd1-photos.leclercdrive.fr/image.ashx?id=2644930&use=l&cat=p&typeid=i","cat":284595},{"id":148357,"n":"Hochet Maracas Tigex 1 pièce","p":7.5,"img":"https://fd1-photos.leclercdrive.fr/image.ashx?id=2114518&use=l&cat=p&typeid=i","cat":289435},{"id":148392,"n":"Filets de merlan L'Atelier Poissonnerie - 250g","p":4.97,"u":"19,88 €/KG","img":"https://fd1-photos.leclercdrive.fr/image.ashx?id=2868696&use=l&cat=p&typeid=i","cat":284342},{"id":148406,"n":"Gel intime Intimy Classic - 150ml","p":4.69,"u":"31,27 €/L","img":"https://fd1-photos.leclercdrive.fr/image.ashx?id=2537980&use=l&cat=p&typeid=i","cat":285160},{"id":148643,"n":"Œufs frais Eleveurs de Bretagne Elevées au Sol - Cal. Gros - x6","p":1.45,"u":"0,24 €/P","img":"https://fd1-photos.leclercdrive.fr/image.ashx?id=2059648&use=l&cat=p&typeid=i","cat":284378},{"id":148646,"n":"Citron confit Beldi 200g","p":3.82,"u":"19,10 €/KG","img":"https://fd1-photos.leclercdrive.fr/image.ashx?id=2073709&use=l&cat=p&typeid=i","cat":288381},{"id":148743,"n":"Galette moelleuse Saint Michel Chocolat au lait - 180g","p":1.79,"u":"9,94 €/KG","img":"https://fd1-photos.leclercdrive.fr/image.ashx?id=2936248&use=l&cat=p&typeid=i","cat":284495},{"id":148744,"n":"Galette moelleuse Saint Michel Chocolat blanc - 180g","p":1.7,"u":"9,44 €/KG","img":"https://fd1-photos.leclercdrive.fr/image.ashx?id=2949976&use=l&cat=p&typeid=i","cat":284487},{"id":148748,"n":"Démaquillant yeux Bionaïa Biphase Water bio - 150ml","p":2.6,"u":"17,33 €/L","img":"https://fd1-photos.leclercdrive.fr/image.ashx?id=2474963&use=l&cat=p&typeid=i","cat":284603},{"id":148762,"n":"Bonbon Confiseo Sève de pin - 250g","p":1.99,"u":"7,96 €/KG","img":"https://fd1-photos.leclercdrive.fr/image.ashx?id=2934757&use=l&cat=p&typeid=i","cat":304252},{"id":148770,"n":"Préservatifs Intimy Classic lubrifiés - x7","p":2.43,"u":"0,35 €/P","img":"https://fd1-photos.leclercdrive.fr/image.ashx?id=2537962&use=l&cat=p&typeid=i","cat":284631},{"id":148774,"n":"Préservatifs Intimy Taille XL lubrifiés - x14","p":5.33,"u":"0,38 €/P","img":"https://fd1-photos.leclercdrive.fr/image.ashx?id=2926329&use=l&cat=p&typeid=i","cat":284631},{"id":148961,"n":"Compote pomme Breizh Pom 12x90g","p":5.64,"u":"5,22 €/KG","img":"https://fd1-photos.leclercdrive.fr/image.ashx?id=2654345&use=l&cat=p&typeid=i","cat":284508},{"id":148966,"n":"Boisson coco Bio Bjorg Sans sucre ajouté - 1L","p":2.1,"u":"2,10 €/L","img":"https://fd1-photos.leclercdrive.fr/image.ashx?id=2972991&use=l&cat=p&typeid=i","cat":316067},{"id":148998,"n":"Papier cuisson Elembal Feuilles - x30","p":0.99,"u":"0,03 €/P","img":"https://fd1-photos.leclercdrive.fr/image.ashx?id=2059971&use=l&cat=p&typeid=i","cat":334134},{"id":149037,"n":"Saucisses de Toulouse L'Atelier Boucherie x6 - 750g","p":7.99,"u":"10,65 €/KG","img":"https://fd1-photos.leclercdrive.fr/image.ashx?id=2994405&use=l&cat=p&typeid=i","cat":284334},{"id":149040,"n":"Bière IPA Coreff 75cl","p":3.9,"u":"5,20 €/L","img":"https://fd1-photos.leclercdrive.fr/image.ashx?id=2063872&use=l&cat=p&typeid=i","cat":334872},{"id":149236,"n":"Brandade à la morue  Maison Briau Gratinée - 550g","p":5.95,"u":"10,82 €/KG","img":"https://fd1-photos.leclercdrive.fr/image.ashx?id=2850013&use=l&cat=p&typeid=i","cat":285340},{"id":149348,"n":"Liqueur Amaretto Disaronno 28° - 70cl","p":21.7,"u":"31,00 €/L","img":"https://fd1-photos.leclercdrive.fr/image.ashx?id=2064391&use=l&cat=p&typeid=i","cat":286032},{"id":149366,"n":"Bière ambrée Coreff 75cl","p":3.9,"u":"5,20 €/L","img":"https://fd1-photos.leclercdrive.fr/image.ashx?id=2432544&use=l&cat=p&typeid=i","cat":334852},{"id":149380,"n":"Sauce tomates et olives Mutti - 400g","p":2.19,"u":"5,48 €/KG","img":"https://fd1-photos.leclercdrive.fr/image.ashx?id=2855436&use=l&cat=p&typeid=i","cat":288384},{"id":149390,"n":"Croc'Odor Frigo XL  140g","p":2.43,"u":"17,36 €/KG","img":"https://fd1-photos.leclercdrive.fr/image.ashx?id=2952646&use=l&cat=p&typeid=i","cat":311628},{"id":149396,"n":"Lave glace TECH9 Démoustiquant - 5L","p":3.89,"u":"0,78 €/L","img":"https://fd1-photos.leclercdrive.fr/image.ashx?id=2162699&use=l&cat=p&typeid=i","cat":298252},{"id":149465,"n":"Brosse à Dents Signal Soin Gencives Souple x4","p":2.15,"u":"0,54 €/P","img":"https://fd1-photos.leclercdrive.fr/image.ashx?id=2964234&use=l&cat=p&typeid=i","cat":284614},{"id":149778,"n":"Brewdog Punk IPA Boite 50cl","p":2.58,"u":"5,16 €/L","img":"https://fd1-photos.leclercdrive.fr/image.ashx?id=2941856&use=l&cat=p&typeid=i","cat":334853},{"id":149854,"n":"Dentifrice Elmex enfant 0-6ans Anti-caries - 75ml","p":3.3,"u":"44,00 €/L","img":"https://fd1-photos.leclercdrive.fr/image.ashx?id=2745289&use=l&cat=p&typeid=i","cat":288898},{"id":149935,"n":"Sérum Effaclar La Roche Posay Visage - 30ml","p":28.49,"u":"949,67 €/L","img":"https://fd1-photos.leclercdrive.fr/image.ashx?id=2128884&use=l&cat=p&typeid=i","cat":291166},{"id":149951,"n":"Soin hydratant La Roche Posay Tolériane Sensitive Riche -40ml","p":14.98,"u":"374,50 €/L","img":"https://fd1-photos.leclercdrive.fr/image.ashx?id=2087014&use=l&cat=p&typeid=i","cat":291171},{"id":149997,"n":"Compléments Duo Phyto Phytophanère - 2x120 capsules","p":23.48,"u":"0,10 €/P","img":"https://fd1-photos.leclercdrive.fr/image.ashx?id=2065391&use=l&cat=p&typeid=i","cat":301266},{"id":149998,"n":"Brûleur de graisse Forte Pharma Xtraslim700 45+ - 120 gélules","p":35.75,"u":"586,07 €/KG","img":"https://fd1-photos.leclercdrive.fr/image.ashx?id=2067185&use=l&cat=p&typeid=i","cat":301267},{"id":150004,"n":"Huile de ricin Ntessance 50ml","p":4.0,"u":"80,00 €/L","img":"https://fd1-photos.leclercdrive.fr/image.ashx?id=2065430&use=l&cat=p&typeid=i","cat":290422},{"id":150008,"n":"Soin Sécheresse Hyralin 400ml","p":11.49,"u":"28,73 €/L","img":"https://fd1-photos.leclercdrive.fr/image.ashx?id=2905432&use=l&cat=p&typeid=i","cat":301348},{"id":150010,"n":"Pansement Elastoplast Aqua Protect - x20","p":3.1,"u":"0,16 €/P","img":"https://fd1-photos.leclercdrive.fr/image.ashx?id=2181014&use=l&cat=p&typeid=i","cat":291163},{"id":150014,"n":"Soin intime Hydralin Gyn Irritation - 400ml","p":10.79,"u":"26,98 €/L","img":"https://fd1-photos.leclercdrive.fr/image.ashx?id=2929900&use=l&cat=p&typeid=i","cat":301348},{"id":150015,"n":"Gel lubrifiant Hydralin 50ml","p":10.6,"u":"212,00 €/L","img":"https://fd1-photos.leclercdrive.fr/image.ashx?id=2959085&use=l&cat=p&typeid=i","cat":328622},{"id":150053,"n":"Gnocchi à poeler Bio Village Bio - 300g","p":1.84,"u":"6,13 €/KG","img":"https://fd1-photos.leclercdrive.fr/image.ashx?id=2607969&use=l&cat=p&typeid=i","cat":333682},{"id":150129,"n":"Shampooing tea tree Natessance Equilibrant Purifiant  - 250ml","p":4.85,"u":"19,40 €/L","img":"https://fd1-photos.leclercdrive.fr/image.ashx?id=2761402&use=l&cat=p&typeid=i","cat":290400},{"id":150210,"n":"Oeufs bio x6","p":3.15,"u":"0,53 €/P","img":"https://fd1-photos.leclercdrive.fr/image.ashx?id=1008173&use=l&cat=p&typeid=i","cat":284378},{"id":150238,"n":"Escalope Cordon Bleu Père Dodu  Double Cheese x2 - 200g","p":2.33,"u":"11,65 €/KG","img":"https://fd1-photos.leclercdrive.fr/image.ashx?id=2957185&use=l&cat=p&typeid=i","cat":333683},{"id":150247,"n":"Végétal Emincés Garden Gourmet Nature Soja 160g","p":3.15,"u":"19,69 €/KG","img":"https://fd1-photos.leclercdrive.fr/image.ashx?id=2971395&use=l&cat=p&typeid=i","cat":316036},{"id":150253,"n":"Poulet tandoori Fleury Michon Semoule petit legume - 280g","p":4.09,"u":"14,61 €/KG","img":"https://fd1-photos.leclercdrive.fr/image.ashx?id=2680692&use=l&cat=p&typeid=i","cat":333665},{"id":150284,"n":"AOP La Clape Rouge Domaine Ferri Arnaud - 75 cl","p":7.19,"u":"9,59 €/L","img":"https://fd1-photos.leclercdrive.fr/image.ashx?id=2068288&use=l&cat=p&typeid=i","cat":289556},{"id":150292,"n":"IGP Vin rosé Caprice des Anges Coeur de Gris 12% vol - 75 cl","p":4.45,"u":"5,93 €/L","img":"https://fd1-photos.leclercdrive.fr/image.ashx?id=2489521&use=l&cat=p&typeid=i","cat":289558},{"id":150307,"n":"Liquide refroidissement TECH9 -25°C - 5L","p":9.99,"u":"2,00 €/L","img":"https://fd1-photos.leclercdrive.fr/image.ashx?id=2162711&use=l&cat=p&typeid=i","cat":298253},{"id":150485,"n":"Chocolat Pâtissier Lindt Noir - 70% cacao - 200g","p":3.24,"u":"16,20 €/KG","img":"https://fd1-photos.leclercdrive.fr/image.ashx?id=2730223&use=l&cat=p&typeid=i","cat":285562},{"id":150488,"n":"Tartine pain campagne Pasquier - 180g","p":1.6,"u":"8,89 €/KG","img":"https://fd1-photos.leclercdrive.fr/image.ashx?id=2967028&use=l&cat=p&typeid=i","cat":285543},{"id":150711,"n":"Chips de sarrasin Bret's Au sel de Guérande - 120g","p":3.49,"u":"29,08 €/KG","img":"https://fd1-photos.leclercdrive.fr/image.ashx?id=2068591&use=l&cat=p&typeid=i","cat":284447},{"id":150717,"n":"Rillettes Groix&Nature St Jacques/aromates bio 100g","p":4.24,"u":"42,40 €/KG","img":"https://fd1-photos.leclercdrive.fr/image.ashx?id=2068609&use=l&cat=p&typeid=i","cat":305149},{"id":150763,"n":"Imperméabilisant protecteur Cuir Daim Nubuck 250ml","p":2.68,"u":"10,72 €/L","img":"https://fd1-photos.leclercdrive.fr/image.ashx?id=2835208&use=l&cat=p&typeid=i","cat":285201},{"id":150764,"n":"Désinfectant chaussures 100ml","p":2.11,"u":"21,10 €/L","img":"https://fd1-photos.leclercdrive.fr/image.ashx?id=2460667&use=l&cat=p&typeid=i","cat":285201},{"id":150788,"n":"HERTA Tendre Croc Jambon Fromage sans nitrite 200g x2","p":1.79,"u":"8,95 €/KG","img":"https://fd1-photos.leclercdrive.fr/image.ashx?id=2752885&use=l&cat=p&typeid=i","cat":333671},{"id":150793,"n":"HERTA Tendre Croc Jambon Fromage sans nitrite 400g x4","p":2.93,"u":"7,33 €/KG","img":"https://fd1-photos.leclercdrive.fr/image.ashx?id=2070144&use=l&cat=p&typeid=i","cat":333671},{"id":150798,"n":"HERTA Tendre Croc Comté Jambon sans nitrite 200g x2","p":1.95,"u":"9,75 €/KG","img":"https://fd1-photos.leclercdrive.fr/image.ashx?id=2070147&use=l&cat=p&typeid=i","cat":333671},{"id":150799,"n":"HERTA Tendre Croc Jambon Fromg ss croûte ss nitrite 200g","p":1.89,"u":"9,45 €/KG","img":"https://fd1-photos.leclercdrive.fr/image.ashx?id=2070153&use=l&cat=p&typeid=i","cat":333671},{"id":150804,"n":"Shampoing hydratant Fructis Hair food Aloe Vera - 350ml","p":4.57,"u":"13,06 €/L","img":"https://fd1-photos.leclercdrive.fr/image.ashx?id=2830594&use=l&cat=p&typeid=i","cat":284606},{"id":151002,"n":"Gouter fourré carré P'tit Déli x16 - 295g","p":1.18,"u":"4,00 €/KG","img":"https://fd1-photos.leclercdrive.fr/image.ashx?id=2351238&use=l&cat=p&typeid=i","cat":284489},{"id":151083,"n":"IGP Ardèche rosé Cellier du Pont d'Arc - 75cl","p":4.03,"u":"5,37 €/L","img":"https://fd1-photos.leclercdrive.fr/image.ashx?id=2139115&use=l&cat=p&typeid=i","cat":289558},{"id":151169,"n":"Liégeois lait d'amande chocolat Andros - 4x90g","p":2.66,"u":"7,39 €/KG","img":"https://fd1-photos.leclercdrive.fr/image.ashx?id=2871985&use=l&cat=p&typeid=i","cat":316071},{"id":151235,"n":"HERTA Blanc de poulet nature sans nitrite - 140g 4T","p":1.79,"u":"12,79 €/KG","img":"https://fd1-photos.leclercdrive.fr/image.ashx?id=2731348&use=l&cat=p&typeid=i","cat":316010},{"id":151290,"n":"Herta Blanc de poulet -25% de sel sans nitrite 140g 4T","p":2.11,"u":"15,07 €/KG","img":"https://fd1-photos.leclercdrive.fr/image.ashx?id=2307733&use=l&cat=p&typeid=i","cat":316010},{"id":151439,"n":"Whisky Galleg 40% - 70cl","p":19.9,"pp":17.9,"u":"25,57 €/L","img":"https://fd1-photos.leclercdrive.fr/image.ashx?id=2146522&use=l&cat=p&typeid=i","cat":284547},{"id":151464,"n":"Fromage blanc Calin Extra Nature - 8x100g","p":2.2,"u":"2,75 €/KG","img":"https://fd1-photos.leclercdrive.fr/image.ashx?id=2973736&use=l&cat=p&typeid=i","cat":284409},{"id":151472,"n":"Fromage blanc Calin Extra Nature - 850g","p":2.33,"u":"2,74 €/KG","img":"https://fd1-photos.leclercdrive.fr/image.ashx?id=2973739&use=l&cat=p&typeid=i","cat":284409},{"id":151474,"n":"Fromage blanc Calin 0% Extra Naure - 8x100g","p":2.32,"u":"2,90 €/KG","img":"https://fd1-photos.leclercdrive.fr/image.ashx?id=2973733&use=l&cat=p&typeid=i","cat":284409},{"id":151674,"n":"Boisson gazeuse Kyo Kombucha Gingembre Citron - 50cl","p":3.02,"u":"6,04 €/L","img":"https://fd1-photos.leclercdrive.fr/image.ashx?id=2865956&use=l&cat=p&typeid=i","cat":295019},{"id":151677,"n":"Boisson gazeuse Kyo Kombucha Pêche baies de sureau - 50 cl","p":3.17,"u":"6,34 €/L","img":"https://fd1-photos.leclercdrive.fr/image.ashx?id=2865959&use=l&cat=p&typeid=i","cat":295019},{"id":151680,"n":"Macédoine de Légumes Bonduelle 3x130g","p":2.29,"u":"5,87 €/KG","img":"https://fd1-photos.leclercdrive.fr/image.ashx?id=2910022&use=l&cat=p&typeid=i","cat":312612},{"id":151681,"n":"Haricots Rouges Bonduelle Cuits Dans Très Peu De Jus 250g","p":1.23,"u":"4,92 €/KG","img":"https://fd1-photos.leclercdrive.fr/image.ashx?id=2926275&use=l&cat=p&typeid=i","cat":312606},{"id":151684,"n":"Terrine de campagne Madrange Dorée au Four - 180g","p":1.34,"u":"7,44 €/KG","img":"https://fd1-photos.leclercdrive.fr/image.ashx?id=2875357&use=l&cat=p&typeid=i","cat":316008},{"id":151758,"n":"Mousse de foie Madrange 180g","p":1.32,"u":"7,33 €/KG","img":"https://fd1-photos.leclercdrive.fr/image.ashx?id=3008212&use=l&cat=p&typeid=i","cat":316008},{"id":151772,"n":"AOC Blaye Côtes de Bordeaux Château Petit Boyer - 3L","p":14.5,"u":"4,83 €/L","img":"https://fd1-photos.leclercdrive.fr/image.ashx?id=2652134&use=l&cat=p&typeid=i","cat":289556},{"id":151795,"n":"AOP Corbières rouge Hérésie - 75cl","p":7.5,"u":"10,00 €/L","img":"https://fd1-photos.leclercdrive.fr/image.ashx?id=2742138&use=l&cat=p&typeid=i","cat":289556},{"id":151814,"n":"IGP Comté Tolosan vin rosé Terreo 11.5% vol - 5L","p":14.95,"u":"2,99 €/L","img":"https://fd1-photos.leclercdrive.fr/image.ashx?id=2089029&use=l&cat=p&typeid=i","cat":289558},{"id":151815,"n":"AOP Cahors vin rouge Little Fuck - 75cl","p":7.5,"u":"10,00 €/L","img":"https://fd1-photos.leclercdrive.fr/image.ashx?id=2331640&use=l&cat=p&typeid=i","cat":289556},{"id":151863,"n":"AOC Côtes de Bourg vin rouge Château Galau - 3L","p":15.5,"u":"5,17 €/L","img":"https://fd1-photos.leclercdrive.fr/image.ashx?id=2089388&use=l&cat=p&typeid=i","cat":289556},{"id":151868,"n":"AOP Clairette de Die Monge Granon Cuv. Prestige 75cl","p":6.6,"u":"8,80 €/L","img":"https://fd1-photos.leclercdrive.fr/image.ashx?id=2089436&use=l&cat=p&typeid=i","cat":284545},{"id":151871,"n":"Pruneaux d'Agen Bio Village Bio IGP Dénoyautés - 250g","p":3.99,"u":"15,96 €/KG","img":"https://fd1-photos.leclercdrive.fr/image.ashx?id=2584035&use=l&cat=p&typeid=i","cat":284357},{"id":151935,"n":"Romaine Panier du Primeur x1","p":0.99,"img":"https://fd1-photos.leclercdrive.fr/image.ashx?id=2529555&use=l&cat=p&typeid=i","cat":284352},{"id":151936,"n":"Yaourt brassé Bio Les 2 Vaches Vanille - 4x115g","p":1.97,"u":"4,28 €/KG","img":"https://fd1-photos.leclercdrive.fr/image.ashx?id=2571542&use=l&cat=p&typeid=i","cat":284410},{"id":151957,"n":"Poudre fondante L'Oréal Paris Accord Parfait 5D Sable doré","p":13.98,"img":"https://fd1-photos.leclercdrive.fr/image.ashx?id=2278055&use=l&cat=p&typeid=i","cat":287029},{"id":151958,"n":"Poudre fondante L'Oréal Paris Accord Parfait 4N Beige","p":10.86,"img":"https://fd1-photos.leclercdrive.fr/image.ashx?id=2423445&use=l&cat=p&typeid=i","cat":287029},{"id":151959,"n":"Mascara Allongeant L'OréalParis Telescopic Carbone Noir","p":10.63,"img":"https://fd1-photos.leclercdrive.fr/image.ashx?id=2886178&use=l&cat=p&typeid=i","cat":287029},{"id":151961,"n":"Fond de Teint L'Oréal Paris Accord Parfait 3.5.N Pêche","p":11.76,"img":"https://fd1-photos.leclercdrive.fr/image.ashx?id=2108273&use=l&cat=p&typeid=i","cat":287029},{"id":151962,"n":"Fond de Teint L'Oréal Paris Accord Parfait 1.R Ivoire Rosé","p":12.99,"u":"433,00 €/L","img":"https://fd1-photos.leclercdrive.fr/image.ashx?id=2395550&use=l&cat=p&typeid=i","cat":287029},{"id":151964,"n":"BB Crème Teintée L'Oréal Paris Nuance 04 médium - 30ml","p":11.02,"u":"367,33 €/L","img":"https://fd1-photos.leclercdrive.fr/image.ashx?id=3014551&use=l&cat=p&typeid=i","cat":287029},{"id":151965,"n":"CC Crème L'Oréal Paris Anti-Rougeurs","p":13.0,"img":"https://fd1-photos.leclercdrive.fr/image.ashx?id=3014557&use=l&cat=p&typeid=i","cat":287029},{"id":151966,"n":"Eyeliner Feutre L'Oréal Paris  Waterproof 01 Noir intense","p":9.85,"pp":6.5,"img":"https://fd1-photos.leclercdrive.fr/image.ashx?id=2370380&use=l&cat=p&typeid=i","cat":287029},{"id":151970,"n":"Vernis à ongles gel Maybelline Superstay 06 Rouge Profond","p":7.4,"img":"https://fd1-photos.leclercdrive.fr/image.ashx?id=2344978&use=l&cat=p&typeid=i","cat":325347},{"id":151971,"n":"Encre à lèvres mat Maybelline Superstay Matte Ink 20 Pioneer","p":12.6,"img":"https://fd1-photos.leclercdrive.fr/image.ashx?id=2423181&use=l&cat=p&typeid=i","cat":287029},{"id":151972,"n":"Correcteur anticerne Maybelline Instant Anti-Age 00 Ivoire","p":8.49,"img":"https://fd1-photos.leclercdrive.fr/image.ashx?id=2770545&use=l&cat=p&typeid=i","cat":287029},{"id":151996,"n":"Fromage enfant Kiri crème 24 portions à tartiner - 432g","p":5.1,"u":"0,21 €/P","img":"https://fd1-photos.leclercdrive.fr/image.ashx?id=2973568&use=l&cat=p&typeid=i","cat":314030},{"id":152002,"n":"Gouter fourré P'tit Déli Vanille - 295g","p":1.22,"u":"4,14 €/KG","img":"https://fd1-photos.leclercdrive.fr/image.ashx?id=2399138&use=l&cat=p&typeid=i","cat":284489},{"id":152008,"n":"Croissants au jambon fromage L'Atelier Traiteur x2 - 260g","p":3.89,"u":"14,96 €/KG","img":"https://fd1-photos.leclercdrive.fr/image.ashx?id=2235004&use=l&cat=p&typeid=i","cat":333671},{"id":152021,"n":"Bouchées à la reine L'Atelier Traiteur x2 -  300g","p":4.49,"u":"14,97 €/KG","img":"https://fd1-photos.leclercdrive.fr/image.ashx?id=2998892&use=l&cat=p&typeid=i","cat":333671},{"id":152023,"n":"Renovateur blanc La Vachette avec applicateur - 75ml","p":2.16,"u":"28,80 €/L","img":"https://fd1-photos.leclercdrive.fr/image.ashx?id=2075287&use=l&cat=p&typeid=i","cat":285201},{"id":152024,"n":"Cirage liquide noir La Vachette avec applicateur - 75ml","p":2.09,"u":"27,87 €/L","img":"https://fd1-photos.leclercdrive.fr/image.ashx?id=2075275&use=l&cat=p&typeid=i","cat":285201},{"id":152025,"n":"Cirage liquide La Vachette Incolore avec applicateur -75ml","p":2.09,"u":"27,87 €/L","img":"https://fd1-photos.leclercdrive.fr/image.ashx?id=2075278&use=l&cat=p&typeid=i","cat":285201},{"id":152027,"n":"Cirage crème noir La Vachette Boîte métal - 75ml","p":2.87,"u":"38,27 €/L","img":"https://fd1-photos.leclercdrive.fr/image.ashx?id=2566842&use=l&cat=p&typeid=i","cat":285201},{"id":152029,"n":"Cirage crème marron La Vachette Boîte métal - 75ml","p":2.87,"u":"38,27 €/L","img":"https://fd1-photos.leclercdrive.fr/image.ashx?id=2566845&use=l&cat=p&typeid=i","cat":285201},{"id":152030,"n":"Cirage liquide La Vachette Marron avec applicateur - 75ml","p":2.09,"u":"27,87 €/L","img":"https://fd1-photos.leclercdrive.fr/image.ashx?id=2075290&use=l&cat=p&typeid=i","cat":285201},{"id":152041,"n":"Déodorant bille bio BionaÏa Eau coco/Aloe Vera - 50ml","p":1.35,"u":"27,00 €/L","img":"https://fd1-photos.leclercdrive.fr/image.ashx?id=2496964&use=l&cat=p&typeid=i","cat":284595},{"id":152042,"n":"Déodorant bille bio BionaÏa A la rose/aloe vera - 50ml","p":1.35,"u":"27,00 €/L","img":"https://fd1-photos.leclercdrive.fr/image.ashx?id=2481240&use=l&cat=p&typeid=i","cat":284595},{"id":152043,"n":"Déodorant bio BionaÏa 100ml","p":1.8,"u":"18,00 €/L","img":"https://fd1-photos.leclercdrive.fr/image.ashx?id=2075272&use=l&cat=p&typeid=i","cat":284595},{"id":152045,"n":"Savon solide Manava Citron et basilic x2 - 200g","p":1.39,"u":"6,95 €/KG","img":"https://fd1-photos.leclercdrive.fr/image.ashx?id=2358345&use=l&cat=p&typeid=i","cat":284597},{"id":152051,"n":"Détachant avant lavage Texil 400ml","p":1.85,"u":"4,63 €/L","img":"https://fd1-photos.leclercdrive.fr/image.ashx?id=2988126&use=l&cat=p&typeid=i","cat":284651},{"id":152073,"n":"Roulés au fromage L'Atelier Traiteur x2 - 240g","p":3.25,"u":"13,54 €/KG","img":"https://fd1-photos.leclercdrive.fr/image.ashx?id=2814462&use=l&cat=p&typeid=i","cat":333671},{"id":152078,"n":"Aiguillettes de poulet Kerchant 400g","p":5.74,"u":"14,35 €/KG","img":"https://fd1-photos.leclercdrive.fr/image.ashx?id=2962389&use=l&cat=p&typeid=i","cat":284336},{"id":152345,"n":"Crème nuit L'Oréal Paris Age perfect Golden Age - 50ml","p":11.97,"pp":7.9,"u":"158,00 €/L","img":"https://fd1-photos.leclercdrive.fr/image.ashx?id=2860358&use=l&cat=p&typeid=i","cat":325345},{"id":152349,"n":"Sérum nuit anti-âge L'Oréal Revitalift Rétinol Pur - 30ml","p":14.03,"u":"467,67 €/L","img":"https://fd1-photos.leclercdrive.fr/image.ashx?id=2867530&use=l&cat=p&typeid=i","cat":325345},{"id":152381,"n":"Moutarde Maille Fine & douce - 370g","p":2.27,"u":"6,14 €/KG","img":"https://fd1-photos.leclercdrive.fr/image.ashx?id=2570763&use=l&cat=p&typeid=i","cat":288850},{"id":152408,"n":"Compresses Mercurochrome Stériles Ultra-douces - x20","p":3.35,"u":"0,17 €/P","img":"https://fd1-photos.leclercdrive.fr/image.ashx?id=2663986&use=l&cat=p&typeid=i","cat":284630},{"id":152414,"n":"Crème hydratante Scholl Adoucissante - 75ml","p":3.95,"u":"52,67 €/L","img":"https://fd1-photos.leclercdrive.fr/image.ashx?id=2980884&use=l&cat=p&typeid=i","cat":325354},{"id":152440,"n":"Gel Lubrifiant Massage 2 en 1 Durex Douceur Aloe Vera 200ml","p":5.79,"u":"28,95 €/L","img":"https://fd1-photos.leclercdrive.fr/image.ashx?id=2736556&use=l&cat=p&typeid=i","cat":285160},{"id":152459,"n":"Eau minérale naturelle Volvic 6x1L","p":3.0,"u":"0,50 €/L","img":"https://fd1-photos.leclercdrive.fr/image.ashx?id=2906076&use=l&cat=p&typeid=i","cat":284535},{"id":152502,"n":"Quatre-quart Ker Cadélac 500g","p":3.19,"u":"6,38 €/KG","img":"https://fd1-photos.leclercdrive.fr/image.ashx?id=2958848&use=l&cat=p&typeid=i","cat":294776},{"id":152505,"n":"Boisson végétale Bio Bjorg 1L","p":1.59,"u":"1,59 €/L","img":"https://fd1-photos.leclercdrive.fr/image.ashx?id=2972994&use=l&cat=p&typeid=i","cat":316067},{"id":152506,"n":"Boisson avoine Bio Bjorg Sans sucres - 1L","p":2.25,"u":"2,25 €/L","img":"https://fd1-photos.leclercdrive.fr/image.ashx?id=2939454&use=l&cat=p&typeid=i","cat":316067},{"id":152596,"n":"Câpres Maille Surfines - 85g","p":3.21,"u":"37,76 €/KG","img":"https://fd1-photos.leclercdrive.fr/image.ashx?id=2539674&use=l&cat=p&typeid=i","cat":284458},{"id":152608,"n":"Mayonnaise de Dijon Amora 5 ingrédients - 400g","p":2.72,"u":"6,80 €/KG","img":"https://fd1-photos.leclercdrive.fr/image.ashx?id=3005392&use=l&cat=p&typeid=i","cat":298295},{"id":152610,"n":"Pasta Box Sodebo Fusilli à la Bolognaise - 330g","p":2.54,"u":"7,70 €/KG","img":"https://fd1-photos.leclercdrive.fr/image.ashx?id=2991996&use=l&cat=p&typeid=i","cat":334983},{"id":152611,"n":"Gâteaux Kinder Délice coconut Noix de coco et cacao - 10x37g","p":3.59,"u":"9,70 €/KG","img":"https://fd1-photos.leclercdrive.fr/image.ashx?id=2832482&use=l&cat=p&typeid=i","cat":284495},{"id":152612,"n":"Pasta Box Sodebo Fusilli à la Carbonara - 330g","p":2.52,"u":"7,64 €/KG","img":"https://fd1-photos.leclercdrive.fr/image.ashx?id=2919781&use=l&cat=p&typeid=i","cat":334983},{"id":152615,"n":"Pasta Box Sodebo Fusilli Fromages Italiens -330g","p":2.65,"u":"8,03 €/KG","img":"https://fd1-photos.leclercdrive.fr/image.ashx?id=2919784&use=l&cat=p&typeid=i","cat":334983},{"id":152616,"n":"Pasta Box Sodebo Fusilli Saumon - 280g","p":2.94,"u":"9,80 €/KG","img":"https://fd1-photos.leclercdrive.fr/image.ashx?id=2985078&use=l&cat=p&typeid=i","cat":334983},{"id":152617,"n":"Happy Cherry Haribo Sachet bonbons - 220g","p":1.77,"u":"8,05 €/KG","img":"https://fd1-photos.leclercdrive.fr/image.ashx?id=2984901&use=l&cat=p&typeid=i","cat":304250},{"id":152651,"n":"Pansements Mercurochrome Coricide - x12","p":4.09,"u":"0,34 €/P","img":"https://fd1-photos.leclercdrive.fr/image.ashx?id=2663968&use=l&cat=p&typeid=i","cat":284630},{"id":152663,"n":"Préservatifs Manix Skyn sans latex - x20","p":11.39,"u":"0,57 €/P","img":"https://fd1-photos.leclercdrive.fr/image.ashx?id=2861063&use=l&cat=p&typeid=i","cat":284631},{"id":152772,"n":"Sauce Bacon Burger Heinz - 225g","p":1.93,"u":"8,58 €/KG","img":"https://fd1-photos.leclercdrive.fr/image.ashx?id=2926849&use=l&cat=p&typeid=i","cat":318431},{"id":152774,"n":"Sauce Algérienne Heinz - 220g","p":1.71,"u":"7,77 €/KG","img":"https://fd1-photos.leclercdrive.fr/image.ashx?id=2926846&use=l&cat=p&typeid=i","cat":318431},{"id":152858,"n":"Saucisses fumées Maître Jacques  x4 - 300g","p":3.9,"u":"13,00 €/KG","img":"https://fd1-photos.leclercdrive.fr/image.ashx?id=2746971&use=l&cat=p&typeid=i","cat":284334},{"id":152940,"n":"Soin Mercurochrome ongles âbimés - 1 pièce","p":9.4,"img":"https://fd1-photos.leclercdrive.fr/image.ashx?id=2663995&use=l&cat=p&typeid=i","cat":284630},{"id":152984,"n":"AOP Prosecco rosé  Vilaveroni - 75cl","p":7.58,"u":"10,11 €/L","img":"https://fd1-photos.leclercdrive.fr/image.ashx?id=2492354&use=l&cat=p&typeid=i","cat":289558},{"id":153015,"n":"Cassonade pure canne Daddy 750g","p":2.23,"u":"2,97 €/KG","img":"https://fd1-photos.leclercdrive.fr/image.ashx?id=2944702&use=l&cat=p&typeid=i","cat":284502},{"id":153060,"n":"Cônes glacés Trium Vanille caramel - x6 - 432g","p":2.48,"u":"5,74 €/KG","img":"https://fd1-photos.leclercdrive.fr/image.ashx?id=2931835&use=l&cat=p&typeid=i","cat":284264},{"id":153061,"n":"Cônes glacés Trium Vanille fraise - x6 - 426g","p":1.74,"u":"4,08 €/KG","img":"https://fd1-photos.leclercdrive.fr/image.ashx?id=2931808&use=l&cat=p&typeid=i","cat":284264},{"id":153062,"n":"Cônes glacés Trium Vanille nougatine x6 - 402g","p":1.59,"u":"3,96 €/KG","img":"https://fd1-photos.leclercdrive.fr/image.ashx?id=2931805&use=l&cat=p&typeid=i","cat":284264},{"id":153068,"n":"Cônes glacés Trium Sorbet mangue passion x6 456g","p":2.56,"u":"5,61 €/KG","img":"https://fd1-photos.leclercdrive.fr/image.ashx?id=2931823&use=l&cat=p&typeid=i","cat":284264},{"id":153071,"n":"Cônes glacés Trium Crème brulée - x6 - 426g","p":2.51,"u":"5,89 €/KG","img":"https://fd1-photos.leclercdrive.fr/image.ashx?id=2931820&use=l&cat=p&typeid=i","cat":284264},{"id":153073,"n":"Cônes glacés Trium Vanille chocolat - x6 - 426g","p":1.93,"u":"4,53 €/KG","img":"https://fd1-photos.leclercdrive.fr/image.ashx?id=2931817&use=l&cat=p&typeid=i","cat":284264},{"id":153074,"n":"Cônes glacés Trium Citron framboise x6 - 456g","p":2.67,"u":"5,86 €/KG","img":"https://fd1-photos.leclercdrive.fr/image.ashx?id=2931811&use=l&cat=p&typeid=i","cat":284264},{"id":153108,"n":"Rhum blanc Clement 50° - 1L","p":21.36,"u":"21,36 €/L","img":"https://fd1-photos.leclercdrive.fr/image.ashx?id=2093244&use=l&cat=p&typeid=i","cat":284550},{"id":153122,"n":"AOC Touraine Sauvignon blanc Luc Poullain - 75cl","p":6.0,"u":"8,00 €/L","img":"https://fd1-photos.leclercdrive.fr/image.ashx?id=2089178&use=l&cat=p&typeid=i","cat":289557},{"id":153147,"n":"Jambon Supérieur Fleury Michon sans nitrite x8 - 280g","p":4.35,"u":"15,54 €/KG","img":"https://fd1-photos.leclercdrive.fr/image.ashx?id=2889481&use=l&cat=p&typeid=i","cat":316009},{"id":153148,"n":"Jambon Supérieur Fleury Michon sans nitrite x6 - 210g","p":3.19,"u":"15,19 €/KG","img":"https://fd1-photos.leclercdrive.fr/image.ashx?id=2889478&use=l&cat=p&typeid=i","cat":316009},{"id":153151,"n":"Jambon Supérieur Fleury Michon sans nitrite x4 - 140g","p":2.17,"u":"15,50 €/KG","img":"https://fd1-photos.leclercdrive.fr/image.ashx?id=2889475&use=l&cat=p&typeid=i","cat":316009},{"id":153152,"n":"Jambon Supérieur Fleury Michon sans nitrite x2 - 70g","p":1.84,"u":"26,29 €/KG","img":"https://fd1-photos.leclercdrive.fr/image.ashx?id=2889472&use=l&cat=p&typeid=i","cat":316009},{"id":153153,"n":"Jambon Supérieur Fleury Michon -25% sel sans nitrite- x2 - 70g","p":1.89,"u":"27,00 €/KG","img":"https://fd1-photos.leclercdrive.fr/image.ashx?id=2889484&use=l&cat=p&typeid=i","cat":316009},{"id":153154,"n":"Jambon Supérieur Fleury Michon -25% sel sans nitrite x6 - 210g","p":3.94,"u":"18,76 €/KG","img":"https://fd1-photos.leclercdrive.fr/image.ashx?id=2889487&use=l&cat=p&typeid=i","cat":316009},{"id":153155,"n":"Jambon Supérieur Fleury Michon -25% sel sans nitrite x4 - 140g","p":2.89,"u":"20,64 €/KG","img":"https://fd1-photos.leclercdrive.fr/image.ashx?id=2905399&use=l&cat=p&typeid=i","cat":316009},{"id":153158,"n":"Jambon Simplement Bon Fleury  Michon -25% de sel - x6 - 210g","p":2.87,"u":"13,67 €/KG","img":"https://fd1-photos.leclercdrive.fr/image.ashx?id=2842696&use=l&cat=p&typeid=i","cat":316009},{"id":153159,"n":"Jambon Simplement Bon Fleury  Michon -25% de sel x4 - 140g","p":2.29,"u":"16,36 €/KG","img":"https://fd1-photos.leclercdrive.fr/image.ashx?id=2843385&use=l&cat=p&typeid=i","cat":316009},{"id":153164,"n":"Jambon  Simplement Bon Fleury  Michon x4 - 160g","p":2.09,"u":"13,06 €/KG","img":"https://fd1-photos.leclercdrive.fr/image.ashx?id=2843147&use=l&cat=p&typeid=i","cat":316009},{"id":153165,"n":"Jambon Fleury Michon Simplement  Bio sans nitrite - x4 - 120g","p":4.78,"u":"39,83 €/KG","img":"https://fd1-photos.leclercdrive.fr/image.ashx?id=2959040&use=l&cat=p&typeid=i","cat":316009},{"id":153166,"n":"Jambon Simplement Bon Fleury Michon - x6 - 240g","p":2.56,"u":"10,67 €/KG","img":"https://fd1-photos.leclercdrive.fr/image.ashx?id=2843150&use=l&cat=p&typeid=i","cat":316009},{"id":153167,"n":"Jambon Simplement Bon  Fleury Michon - x8 - 320g","p":3.76,"u":"11,75 €/KG","img":"https://fd1-photos.leclercdrive.fr/image.ashx?id=3008383&use=l&cat=p&typeid=i","cat":316009},{"id":153192,"n":"Canettes Coca-cola Zéro Soda sans sucre - 12x33cl","p":6.69,"u":"1,69 €/L","img":"https://fd1-photos.leclercdrive.fr/image.ashx?id=2209194&use=l&cat=p&typeid=i","cat":284530},{"id":153229,"n":"Mayonnaise de Dijon Amora Tube - 175g","p":1.35,"u":"7,71 €/KG","img":"https://fd1-photos.leclercdrive.fr/image.ashx?id=2082711&use=l&cat=p&typeid=i","cat":298295},{"id":153241,"n":"Blanc de poulet Fleury Michon doré au four - x8 - 240g","p":2.29,"u":"9,54 €/KG","img":"https://fd1-photos.leclercdrive.fr/image.ashx?id=2962845&use=l&cat=p&typeid=i","cat":316010},{"id":153242,"n":"Ketchup Amora  468g","p":2.03,"u":"4,34 €/KG","img":"https://fd1-photos.leclercdrive.fr/image.ashx?id=2766628&use=l&cat=p&typeid=i","cat":284455},{"id":153248,"n":"Rôti de porc Fleury Michon Extra tendre - x4 - 160g","p":2.69,"u":"16,81 €/KG","img":"https://fd1-photos.leclercdrive.fr/image.ashx?id=2314050&use=l&cat=p&typeid=i","cat":316009},{"id":153252,"n":"Tartinable de chèvre frais L'Atelier Fromagerie - 125g","p":2.15,"u":"17,20 €/KG","img":"https://fd1-photos.leclercdrive.fr/image.ashx?id=2999739&use=l&cat=p&typeid=i","cat":314036},{"id":153257,"n":"IGP Comte de Tolosan rouge Terreo 12% vol - BIB 5L","p":14.95,"u":"2,99 €/L","img":"https://fd1-photos.leclercdrive.fr/image.ashx?id=2089014&use=l&cat=p&typeid=i","cat":289556},{"id":153271,"n":"Gâteaux fourrés Napolitain LU Chocolat - 360g","p":3.04,"u":"8,44 €/KG","img":"https://fd1-photos.leclercdrive.fr/image.ashx?id=2349055&use=l&cat=p&typeid=i","cat":284495},{"id":153313,"n":"Gateau Savane Brossard Pocket chocolat - x7  210g","p":2.08,"u":"9,90 €/KG","img":"https://fd1-photos.leclercdrive.fr/image.ashx?id=2870722&use=l&cat=p&typeid=i","cat":284495},{"id":153325,"n":"Tasse Homeside 50cl rouge - 1 pièce","p":2.3,"img":"https://fd1-photos.leclercdrive.fr/image.ashx?id=2081092&use=l&cat=p&typeid=i","cat":334134},{"id":153328,"n":"Gâteaux fourrés Napolitain LU Chocolat - 180g","p":1.53,"u":"8,50 €/KG","img":"https://fd1-photos.leclercdrive.fr/image.ashx?id=3002225&use=l&cat=p&typeid=i","cat":284495},{"id":153350,"n":"Croques jambon fromage L'Atelier Traiteur x2 - 280g","p":3.19,"u":"11,39 €/KG","img":"https://fd1-photos.leclercdrive.fr/image.ashx?id=2846535&use=l&cat=p&typeid=i","cat":333671},{"id":153734,"n":"Pâte de curry doux Patak's 165g","p":2.39,"u":"14,48 €/KG","img":"https://fd1-photos.leclercdrive.fr/image.ashx?id=2879802&use=l&cat=p&typeid=i","cat":289012},{"id":153740,"n":"Pâte de curry Patak's Tikka Masala - 165g","p":2.3,"u":"13,94 €/KG","img":"https://fd1-photos.leclercdrive.fr/image.ashx?id=2857716&use=l&cat=p&typeid=i","cat":289012},{"id":153751,"n":"Jeu du Kems Dès 7 ans","p":4.3,"img":"https://fd1-photos.leclercdrive.fr/image.ashx?id=2085060&use=l&cat=p&typeid=i","cat":334378},{"id":153800,"n":"Bicarbonate de sodium Onyx 500g","p":3.75,"u":"7,50 €/KG","img":"https://fd1-photos.leclercdrive.fr/image.ashx?id=2398562&use=l&cat=p&typeid=i","cat":300576},{"id":153822,"n":"Savane chocolat noir Brossard Pocket x7 - 210g","p":2.25,"u":"10,71 €/KG","img":"https://fd1-photos.leclercdrive.fr/image.ashx?id=2881452&use=l&cat=p&typeid=i","cat":284495},{"id":153928,"n":"Petits chèvre frais ronds L'Atelier Fromagerie - 100g","p":2.15,"u":"21,50 €/KG","img":"https://fd1-photos.leclercdrive.fr/image.ashx?id=2999643&use=l&cat=p&typeid=i","cat":314036},{"id":153929,"n":"Bûche de chèvre frais cendrée L'Atelier Fromagerie - 200g","p":3.19,"u":"15,95 €/KG","img":"https://fd1-photos.leclercdrive.fr/image.ashx?id=2999646&use=l&cat=p&typeid=i","cat":314036},{"id":153939,"n":"Bière La Goudale bio 7.2° - 6x25cl","p":6.44,"u":"4,29 €/L","img":"https://fd1-photos.leclercdrive.fr/image.ashx?id=2908006&use=l&cat=p&typeid=i","cat":334872},{"id":154098,"n":"Cidre rouge La Mordue 4x27.5 cl","p":3.98,"u":"3,62 €/L","img":"https://fd1-photos.leclercdrive.fr/image.ashx?id=2625133&use=l&cat=p&typeid=i","cat":334880},{"id":154154,"n":"Just one Asmodee Dès 8 ans","p":16.9,"img":"https://fd1-photos.leclercdrive.fr/image.ashx?id=2183793&use=l&cat=p&typeid=i","cat":334378},{"id":154188,"n":"Pâte à modeler Play Doh  Dentiste - Age : 3+","p":16.5,"img":"https://fd1-photos.leclercdrive.fr/image.ashx?id=2088339&use=l&cat=p&typeid=i","cat":334381},{"id":154461,"n":"Mega bloks Pikachu Pokémon Dès 7 ans","p":16.5,"img":"https://fd1-photos.leclercdrive.fr/image.ashx?id=2859173&use=l&cat=p&typeid=i","cat":334380},{"id":154629,"n":"Bière Blonde Leffe 6,6% - 20x25cl","p":14.95,"u":"2,99 €/L","img":"https://fd1-photos.leclercdrive.fr/image.ashx?id=2995427&use=l&cat=p&typeid=i","cat":334852},{"id":154643,"n":"Gel lavant émollient A-Derma Exomega Control - 500ml","p":10.71,"u":"21,42 €/L","img":"https://fd1-photos.leclercdrive.fr/image.ashx?id=2377163&use=l&cat=p&typeid=i","cat":301591},{"id":154644,"n":"Crème réparatrice A-Derma Dermalibour + Cica - 100ml","p":13.26,"u":"132,60 €/L","img":"https://fd1-photos.leclercdrive.fr/image.ashx?id=2377136&use=l&cat=p&typeid=i","cat":290421},{"id":154647,"n":"Crème apaisante Avène Tolerance Control - 40ml","p":16.99,"u":"424,75 €/L","img":"https://fd1-photos.leclercdrive.fr/image.ashx?id=2373468&use=l&cat=p&typeid=i","cat":291171},{"id":154648,"n":"Gel moussant A-Derma Dermalibour + Cica - 200ml","p":11.88,"u":"59,40 €/L","img":"https://fd1-photos.leclercdrive.fr/image.ashx?id=2377175&use=l&cat=p&typeid=i","cat":301591},{"id":154650,"n":"Baume apaisant Avène Tolerance Control - 40ml","p":16.99,"u":"424,75 €/L","img":"https://fd1-photos.leclercdrive.fr/image.ashx?id=2373471&use=l&cat=p&typeid=i","cat":290421},{"id":154651,"n":"Gel moussant émollient A-Derma Exomega Control - 500ml","p":10.75,"u":"21,50 €/L","img":"https://fd1-photos.leclercdrive.fr/image.ashx?id=2377151&use=l&cat=p&typeid=i","cat":301591},{"id":154658,"n":"Shampooing Klorane Quinine Eldeweiss Bio - 400ml","p":9.9,"u":"24,75 €/L","img":"https://fd1-photos.leclercdrive.fr/image.ashx?id=2854495&use=l&cat=p&typeid=i","cat":290400},{"id":154663,"n":"Shampooing Klorane Menthe Aquatique Bio - 400ml","p":10.45,"u":"26,13 €/L","img":"https://fd1-photos.leclercdrive.fr/image.ashx?id=2968247&use=l&cat=p&typeid=i","cat":290400},{"id":154664,"n":"Shampooing traitant Ducray  Kélual DS - 100ml","p":11.89,"u":"118,90 €/L","img":"https://fd1-photos.leclercdrive.fr/image.ashx?id=2326964&use=l&cat=p&typeid=i","cat":290400},{"id":154672,"n":"Crème hydratante A-Derma 150ml","p":13.49,"u":"89,93 €/L","img":"https://fd1-photos.leclercdrive.fr/image.ashx?id=2377142&use=l&cat=p&typeid=i","cat":291171},{"id":154674,"n":"Shampooing Natessance Karité - 250g","p":4.85,"u":"19,40 €/KG","img":"https://fd1-photos.leclercdrive.fr/image.ashx?id=2799506&use=l&cat=p&typeid=i","cat":290400},{"id":154675,"n":"Antiseptique Naturel Saugella Flacon - 250ml","p":6.25,"u":"25,00 €/L","img":"https://fd1-photos.leclercdrive.fr/image.ashx?id=2677444&use=l&cat=p&typeid=i","cat":301348},{"id":154676,"n":"Lait 2ème âge Biostime Infantile bio - 800g","p":21.49,"u":"26,86 €/KG","img":"https://fd1-photos.leclercdrive.fr/image.ashx?id=2172765&use=l&cat=p&typeid=i","cat":300523},{"id":154677,"n":"Lait 3ème âge Biostime Infantile bio - 800g","p":18.49,"u":"23,11 €/KG","img":"https://fd1-photos.leclercdrive.fr/image.ashx?id=2165638&use=l&cat=p&typeid=i","cat":300523},{"id":154681,"n":"Spray solaire Anthélios La Roche Posay SPF50  - 200ml","p":16.99,"u":"84,95 €/L","img":"https://fd1-photos.leclercdrive.fr/image.ashx?id=2087032&use=l&cat=p&typeid=i","cat":290396},{"id":154682,"n":"Créaline H2O Bioderma Sans parfum - 250ml","p":7.95,"u":"31,80 €/L","img":"https://fd1-photos.leclercdrive.fr/image.ashx?id=2979842&use=l&cat=p&typeid=i","cat":301587},{"id":154693,"n":"Patch articulation Puressentiel 14 huiles essentielles - x3","p":9.37,"u":"3,12 €/P","img":"https://fd1-photos.leclercdrive.fr/image.ashx?id=2988520&use=l&cat=p&typeid=i","cat":298633},{"id":154695,"n":"Serviettes Nuit Saugella x12","p":3.69,"u":"0,31 €/P","img":"https://fd1-photos.leclercdrive.fr/image.ashx?id=2087619&use=l&cat=p&typeid=i","cat":301349},{"id":154696,"n":"Argile verte Cattier  Ultra ventilée - 250g","p":3.5,"u":"14,00 €/KG","img":"https://fd1-photos.leclercdrive.fr/image.ashx?id=2829144&use=l&cat=p&typeid=i","cat":291165},{"id":154698,"n":"Eau micellaire Sensifine AR SVR 400ml","p":7.88,"u":"19,70 €/L","img":"https://fd1-photos.leclercdrive.fr/image.ashx?id=2985243&use=l&cat=p&typeid=i","cat":301587},{"id":154704,"n":"Crème Pieds Xerial 50 SVR 50ml","p":9.89,"u":"197,80 €/L","img":"https://fd1-photos.leclercdrive.fr/image.ashx?id=2969136&use=l&cat=p&typeid=i","cat":290424},{"id":154709,"n":"Crème Douceur Saugella Tube - 30ml","p":4.99,"u":"166,33 €/L","img":"https://fd1-photos.leclercdrive.fr/image.ashx?id=2711017&use=l&cat=p&typeid=i","cat":301348},{"id":154713,"n":"Soin Intime Soyeux Hydralin 200ml","p":7.4,"u":"37,00 €/L","img":"https://fd1-photos.leclercdrive.fr/image.ashx?id=2905733&use=l&cat=p&typeid=i","cat":301348},{"id":154714,"n":"Crème lavante La Roche Posay Lipikar - surgras - 400ml","p":14.7,"u":"36,75 €/L","img":"https://fd1-photos.leclercdrive.fr/image.ashx?id=2153963&use=l&cat=p&typeid=i","cat":301591},{"id":154718,"n":"Détranspirant aisselles Etiaxil Roll-on peaux sensibles - 15ml","p":8.5,"u":"566,67 €/L","img":"https://fd1-photos.leclercdrive.fr/image.ashx?id=2189585&use=l&cat=p&typeid=i","cat":301593},{"id":154720,"n":"Déodorant Vichy peaux sensibles Bille - 50ml","p":7.69,"u":"153,80 €/L","img":"https://fd1-photos.leclercdrive.fr/image.ashx?id=2086936&use=l&cat=p&typeid=i","cat":301593},{"id":154721,"n":"Tisane allaitement bio Weleda Goût fruits rouges - 20 sachets","p":4.5,"u":"0,23 €/P","img":"https://fd1-photos.leclercdrive.fr/image.ashx?id=2948006&use=l&cat=p&typeid=i","cat":291159},{"id":154722,"n":"Spray pour plaies Elastoplast 50ml","p":2.99,"u":"59,80 €/L","img":"https://fd1-photos.leclercdrive.fr/image.ashx?id=2613609&use=l&cat=p&typeid=i","cat":290405},{"id":154725,"n":"Bain de bouche Arthrodont  300ml","p":5.5,"u":"18,33 €/L","img":"https://fd1-photos.leclercdrive.fr/image.ashx?id=2373603&use=l&cat=p&typeid=i","cat":290416},{"id":154731,"n":"Gel douche Natessance Aloe Vera Bio - 1L","p":8.5,"u":"8,50 €/L","img":"https://fd1-photos.leclercdrive.fr/image.ashx?id=2522206&use=l&cat=p&typeid=i","cat":301591},{"id":154732,"n":"Gel douche amande Natessance Pêche de vigne - 1L","p":9.5,"u":"9,50 €/L","img":"https://fd1-photos.leclercdrive.fr/image.ashx?id=2522209&use=l&cat=p&typeid=i","cat":301591},{"id":154735,"n":"Shampooing Sec Klorane Avoine Rotopoudre - 50g","p":8.29,"u":"165,80 €/KG","img":"https://fd1-photos.leclercdrive.fr/image.ashx?id=2377220&use=l&cat=p&typeid=i","cat":290400},{"id":154737,"n":"Gel moussant nettoyant Bioderma Sébium - 200ml","p":6.99,"u":"34,95 €/L","img":"https://fd1-photos.leclercdrive.fr/image.ashx?id=2956415&use=l&cat=p&typeid=i","cat":301587},{"id":154738,"n":"Shampooing Klorane Ortie Bio - 400ml","p":9.9,"u":"24,75 €/L","img":"https://fd1-photos.leclercdrive.fr/image.ashx?id=2796249&use=l&cat=p&typeid=i","cat":290400},{"id":154739,"n":"Gel moussant nettoyant Bioderma Sébium - 500ml","p":11.45,"u":"22,90 €/L","img":"https://fd1-photos.leclercdrive.fr/image.ashx?id=2956406&use=l&cat=p&typeid=i","cat":301587},{"id":154744,"n":"Gommes menthe Puressentiel Respiratoire eucalyptus - 45g","p":3.99,"u":"88,67 €/KG","img":"https://fd1-photos.leclercdrive.fr/image.ashx?id=2087244&use=l&cat=p&typeid=i","cat":301256},{"id":154745,"n":"Dentifrice fraicheur Parodontax Protection complete -  75ml","p":4.65,"u":"62,00 €/L","img":"https://fd1-photos.leclercdrive.fr/image.ashx?id=2537243&use=l&cat=p&typeid=i","cat":284612},{"id":154751,"n":"Pansements Elastoplast Universels - x40","p":3.46,"u":"0,09 €/P","img":"https://fd1-photos.leclercdrive.fr/image.ashx?id=2154569&use=l&cat=p&typeid=i","cat":291163},{"id":154756,"n":"Masque Nutrition Klorane Mangue - 150ml","p":16.96,"u":"113,07 €/L","img":"https://fd1-photos.leclercdrive.fr/image.ashx?id=2373474&use=l&cat=p&typeid=i","cat":290399},{"id":154757,"n":"Mousse à raser Nobacter 150ml","p":6.99,"u":"46,60 €/L","img":"https://fd1-photos.leclercdrive.fr/image.ashx?id=2215176&use=l&cat=p&typeid=i","cat":291167},{"id":154758,"n":"Après-Shampooing Klorane Mangue - 200ml","p":9.99,"u":"49,95 €/L","img":"https://fd1-photos.leclercdrive.fr/image.ashx?id=2857299&use=l&cat=p&typeid=i","cat":290398},{"id":154760,"n":"Eau micellaire La Roche Posay Effaclar - 400ml","p":12.68,"u":"31,70 €/L","img":"https://fd1-photos.leclercdrive.fr/image.ashx?id=2850560&use=l&cat=p&typeid=i","cat":301587},{"id":154764,"n":"Spray sommeil Puressentiel 12 huiles essentielles - 200ml","p":20.09,"u":"100,45 €/L","img":"https://fd1-photos.leclercdrive.fr/image.ashx?id=2988526&use=l&cat=p&typeid=i","cat":298633},{"id":154765,"n":"Créaline H2O AR Bioderma 250ml","p":7.5,"u":"30,00 €/L","img":"https://fd1-photos.leclercdrive.fr/image.ashx?id=2979836&use=l&cat=p&typeid=i","cat":301587},{"id":154771,"n":"Roll-on apaisant 3en1 Cinq/Cinq 7ml","p":5.99,"u":"855,71 €/L","img":"https://fd1-photos.leclercdrive.fr/image.ashx?id=2087205&use=l&cat=p&typeid=i","cat":290402},{"id":154773,"n":"Melatonine 1900 flash Forte 30 comprimés","p":8.2,"u":"0,27 €/P","img":"https://fd1-photos.leclercdrive.fr/image.ashx?id=2087595&use=l&cat=p&typeid=i","cat":301265},{"id":154778,"n":"Eau micellaire Sebiaclear SVR 400ml","p":7.88,"u":"19,70 €/L","img":"https://fd1-photos.leclercdrive.fr/image.ashx?id=2968292&use=l&cat=p&typeid=i","cat":301587},{"id":154783,"n":"Dentifrice traitement Sensodyne Sensibilité - 75ml","p":4.7,"u":"62,67 €/L","img":"https://fd1-photos.leclercdrive.fr/image.ashx?id=2479760&use=l&cat=p&typeid=i","cat":290419},{"id":154784,"n":"Jambes légères Naturland Ampoules bio 10ml - x20","p":9.25,"pp":6.94,"u":"34,70 €/L","img":"https://fd1-photos.leclercdrive.fr/image.ashx?id=2516929&use=l&cat=p&typeid=i","cat":301268},{"id":154786,"n":"Roller stress Puressentiel 12 huiles essentielles - 5ml","p":6.2,"img":"https://fd1-photos.leclercdrive.fr/image.ashx?id=2988532&use=l&cat=p&typeid=i","cat":298633},{"id":154787,"n":"Trousse 1er Secours Gilbert Trousse de 30 produits","p":9.89,"img":"https://fd1-photos.leclercdrive.fr/image.ashx?id=2353758&use=l&cat=p&typeid=i","cat":291163},{"id":154792,"n":"Déodorant anti-trâce Vichy 50ml","p":7.6,"u":"152,00 €/L","img":"https://fd1-photos.leclercdrive.fr/image.ashx?id=2086948&use=l&cat=p&typeid=i","cat":301593},{"id":154799,"n":"Cys-control Flash Arkopharma 20 gélules","p":8.78,"u":"0,44 €/P","img":"https://fd1-photos.leclercdrive.fr/image.ashx?id=2886109&use=l&cat=p&typeid=i","cat":301268},{"id":154802,"n":"Soin Lavant Doux Saforelle Flacon Pompe - 1L","p":18.13,"u":"18,13 €/L","img":"https://fd1-photos.leclercdrive.fr/image.ashx?id=2087628&use=l&cat=p&typeid=i","cat":301348},{"id":154803,"n":"Protection oreilles cire Quies Cire naturelle - 8 paires","p":3.25,"u":"0,41 €/P","img":"https://fd1-photos.leclercdrive.fr/image.ashx?id=2159505&use=l&cat=p&typeid=i","cat":301256},{"id":154806,"n":"Coussinet nuit Dodie Allaitement - x30","p":6.54,"u":"0,22 €/P","img":"https://fd1-photos.leclercdrive.fr/image.ashx?id=2842084&use=l&cat=p&typeid=i","cat":291159},{"id":154808,"n":"Supradyn Magnesia Bayer 30 comprimés effervescents","p":10.8,"u":"0,36 €/P","img":"https://fd1-photos.leclercdrive.fr/image.ashx?id=2087232&use=l&cat=p&typeid=i","cat":301264},{"id":154810,"n":"Crème Bepanthen Sensicalm 50g","p":12.53,"u":"250,60 €/KG","img":"https://fd1-photos.leclercdrive.fr/image.ashx?id=2087074&use=l&cat=p&typeid=i","cat":290405},{"id":154811,"n":"Gel articulation Puressentiel 14 huiles essentielles - 60ml","p":7.9,"u":"131,67 €/L","img":"https://fd1-photos.leclercdrive.fr/image.ashx?id=2538758&use=l&cat=p&typeid=i","cat":298633},{"id":154814,"n":"Shampooing Klorane Mangue - 400ml","p":11.1,"u":"27,75 €/L","img":"https://fd1-photos.leclercdrive.fr/image.ashx?id=2968235&use=l&cat=p&typeid=i","cat":290400},{"id":154820,"n":"Crème apaisante Cinq/Cinq 40g","p":5.16,"u":"129,00 €/KG","img":"https://fd1-photos.leclercdrive.fr/image.ashx?id=2087211&use=l&cat=p&typeid=i","cat":290402},{"id":154827,"n":"Gel lavant bébé bio Jonzac 1L","p":10.98,"u":"10,98 €/L","img":"https://fd1-photos.leclercdrive.fr/image.ashx?id=2912269&use=l&cat=p&typeid=i","cat":290425},{"id":154831,"n":"Dentifrice Fluocaril Menthe - 2x75ml","p":5.64,"pp":4.23,"u":"28,20 €/L","img":"https://fd1-photos.leclercdrive.fr/image.ashx?id=2737987&use=l&cat=p&typeid=i","cat":290419},{"id":154840,"n":"Pastilles miel-citron Activox 24 pastilles","p":4.16,"u":"0,17 €/P","img":"https://fd1-photos.leclercdrive.fr/image.ashx?id=2349224&use=l&cat=p&typeid=i","cat":301256},{"id":154842,"n":"Coussinet jour Dodie Allaitement - X30","p":6.24,"u":"0,21 €/P","img":"https://fd1-photos.leclercdrive.fr/image.ashx?id=2842090&use=l&cat=p&typeid=i","cat":291159},{"id":154845,"n":"Dentifrice original Parodontax 75ml","p":4.29,"u":"57,20 €/L","img":"https://fd1-photos.leclercdrive.fr/image.ashx?id=2536972&use=l&cat=p&typeid=i","cat":290419},{"id":154849,"n":"Spray Famille Insect Ecran 200ml","p":9.99,"u":"49,95 €/L","img":"https://fd1-photos.leclercdrive.fr/image.ashx?id=2316694&use=l&cat=p&typeid=i","cat":290402},{"id":154852,"n":"Baume crevasses Cicabiafine 50ml","p":6.39,"u":"127,80 €/L","img":"https://fd1-photos.leclercdrive.fr/image.ashx?id=2993415&use=l&cat=p&typeid=i","cat":290424},{"id":154853,"n":"Comprimés nettoyants Polident Boîte - 72 comprimés","p":7.98,"img":"https://fd1-photos.leclercdrive.fr/image.ashx?id=2536954&use=l&cat=p&typeid=i","cat":301595},{"id":154855,"n":"Dentifrice Sensodyne Protection - 75ml","p":3.96,"u":"52,80 €/L","img":"https://fd1-photos.leclercdrive.fr/image.ashx?id=2869206&use=l&cat=p&typeid=i","cat":290419},{"id":154863,"n":"Crème mains La Roche Posay Cicaplast - 50ml","p":6.49,"u":"129,80 €/L","img":"https://fd1-photos.leclercdrive.fr/image.ashx?id=2093993&use=l&cat=p&typeid=i","cat":290424},{"id":154865,"n":"Acerola à croquer Forte Pharma Goût fruits rouges-60 comprimés","p":8.5,"u":"0,14 €/P","img":"https://fd1-photos.leclercdrive.fr/image.ashx?id=2743436&use=l&cat=p&typeid=i","cat":301264},{"id":154870,"n":"Protection oreilles cire Quies Cire naturelle - 12 paires","p":4.79,"u":"0,40 €/P","img":"https://fd1-photos.leclercdrive.fr/image.ashx?id=2159499&use=l&cat=p&typeid=i","cat":301256},{"id":154872,"n":"Comprimés neutres Puressentiel x30","p":3.45,"pp":2.76,"u":"0,09 €/P","img":"https://fd1-photos.leclercdrive.fr/image.ashx?id=2087718&use=l&cat=p&typeid=i","cat":298633},{"id":154878,"n":"Lotion famille Cinq/Cinq 100ml","p":7.2,"u":"72,00 €/L","img":"https://fd1-photos.leclercdrive.fr/image.ashx?id=2087202&use=l&cat=p&typeid=i","cat":290402},{"id":154884,"n":"Liniment bébé bio Jonzac 1L","p":12.99,"u":"12,99 €/L","img":"https://fd1-photos.leclercdrive.fr/image.ashx?id=2912272&use=l&cat=p&typeid=i","cat":290387},{"id":154885,"n":"Spray hygiene oreilles Stérimar 50ml","p":6.49,"u":"129,80 €/L","img":"https://fd1-photos.leclercdrive.fr/image.ashx?id=2890655&use=l&cat=p&typeid=i","cat":301256},{"id":154886,"n":"Hydralin Secheresse 2x200ml","p":12.09,"u":"30,23 €/L","img":"https://fd1-photos.leclercdrive.fr/image.ashx?id=2905429&use=l&cat=p&typeid=i","cat":301348},{"id":154894,"n":"Sucette mixte 0-6 mois Dodie Silicone - x2","p":4.9,"u":"2,45 €/P","img":"https://fd1-photos.leclercdrive.fr/image.ashx?id=2846069&use=l&cat=p&typeid=i","cat":290430},{"id":154896,"n":"Lingette bébé Klorane Nettoyantes douces - 3x70","p":11.15,"u":"0,05 €/P","img":"https://fd1-photos.leclercdrive.fr/image.ashx?id=2086873&use=l&cat=p&typeid=i","cat":290387},{"id":154904,"n":"Crème Apaisante Saforelle Tube - 100ml","p":9.99,"u":"99,90 €/L","img":"https://fd1-photos.leclercdrive.fr/image.ashx?id=2583617&use=l&cat=p&typeid=i","cat":328622},{"id":154908,"n":"Shampooing Dercos Cheveux gras  Anti-pellicullaire - 200ml","p":9.95,"u":"49,75 €/L","img":"https://fd1-photos.leclercdrive.fr/image.ashx?id=2555511&use=l&cat=p&typeid=i","cat":290400},{"id":154912,"n":"Crème pieds Xerial 30 SVR 50ml","p":7.02,"u":"140,40 €/L","img":"https://fd1-photos.leclercdrive.fr/image.ashx?id=2971619&use=l&cat=p&typeid=i","cat":290424},{"id":154913,"n":"Sucettes Dodie +6m nuit A36 - x2","p":4.9,"u":"2,45 €/P","img":"https://fd1-photos.leclercdrive.fr/image.ashx?id=2846072&use=l&cat=p&typeid=i","cat":290430},{"id":154915,"n":"Forte nuit 8h Forte Pharma 30 comprimés","p":13.2,"u":"0,44 €/P","img":"https://fd1-photos.leclercdrive.fr/image.ashx?id=2087607&use=l&cat=p&typeid=i","cat":301265},{"id":154916,"n":"Vitalité 4G Forte 30 ampoules","p":14.29,"u":"0,48 €/P","img":"https://fd1-photos.leclercdrive.fr/image.ashx?id=2087598&use=l&cat=p&typeid=i","cat":301264},{"id":154926,"n":"Baume du Tigre Blanc 30g","p":10.37,"u":"345,67 €/KG","img":"https://fd1-photos.leclercdrive.fr/image.ashx?id=2488800&use=l&cat=p&typeid=i","cat":290421},{"id":154928,"n":"Eau nettoyante 3 en 1 Dodie  500ml","p":5.2,"img":"https://fd1-photos.leclercdrive.fr/image.ashx?id=2845494&use=l&cat=p&typeid=i","cat":290425},{"id":154929,"n":"Eau florale bleuet Haut Segala 250ml","p":7.99,"u":"31,96 €/L","img":"https://fd1-photos.leclercdrive.fr/image.ashx?id=2087466&use=l&cat=p&typeid=i","cat":301587},{"id":154932,"n":"Gélulte Granions Prostate 40 gélules","p":15.99,"u":"0,40 €/P","img":"https://fd1-photos.leclercdrive.fr/image.ashx?id=2965193&use=l&cat=p&typeid=i","cat":301268},{"id":154934,"n":"Spray anti-pique  Puressentiel   200ml","p":19.27,"u":"96,35 €/L","img":"https://fd1-photos.leclercdrive.fr/image.ashx?id=2988523&use=l&cat=p&typeid=i","cat":290402},{"id":154945,"n":"Spray nasal Puressentiel Décongestionnant - 15ml","p":5.9,"u":"393,33 €/L","img":"https://fd1-photos.leclercdrive.fr/image.ashx?id=2988620&use=l&cat=p&typeid=i","cat":301256},{"id":154946,"n":"Shampooing Anti Chute Dercos 400ml","p":13.6,"u":"34,00 €/L","img":"https://fd1-photos.leclercdrive.fr/image.ashx?id=2938731&use=l&cat=p&typeid=i","cat":290400},{"id":154950,"n":"Anaca3+ minceur 12-en-1 120 gélules","p":33.99,"u":"0,28 €/P","img":"https://fd1-photos.leclercdrive.fr/image.ashx?id=2482417&use=l&cat=p&typeid=i","cat":301267},{"id":154951,"n":"Spray gorge Puressentiel  15ml","p":5.45,"u":"363,33 €/L","img":"https://fd1-photos.leclercdrive.fr/image.ashx?id=2561032&use=l&cat=p&typeid=i","cat":301256},{"id":154955,"n":"Test ovulation Suretest Boite de 10","p":18.2,"u":"1,82 €/P","img":"https://fd1-photos.leclercdrive.fr/image.ashx?id=2087080&use=l&cat=p&typeid=i","cat":291159},{"id":154958,"n":"Bouts de sein Dodie Taille standard - x2","p":5.94,"img":"https://fd1-photos.leclercdrive.fr/image.ashx?id=2842789&use=l&cat=p&typeid=i","cat":291159},{"id":154965,"n":"Crème lavante La Roche Posay Surgras Lipikar - 750ml","p":16.99,"u":"22,65 €/L","img":"https://fd1-photos.leclercdrive.fr/image.ashx?id=2094005&use=l&cat=p&typeid=i","cat":290425},{"id":154969,"n":"Actipoche grand modèle  20x30cm","p":10.49,"img":"https://fd1-photos.leclercdrive.fr/image.ashx?id=2087169&use=l&cat=p&typeid=i","cat":291163},{"id":154981,"n":"Magne 300 marin Forte Pharma 56 comprimés","p":7.2,"u":"0,13 €/P","img":"https://fd1-photos.leclercdrive.fr/image.ashx?id=2742201&use=l&cat=p&typeid=i","cat":301264},{"id":154983,"n":"Brulactiv fort Forte Pharma Perte de poids - 60 gélules","p":33.99,"u":"0,57 €/P","img":"https://fd1-photos.leclercdrive.fr/image.ashx?id=2087568&use=l&cat=p&typeid=i","cat":301267},{"id":154987,"n":"Ampoules Gelée royale Forte Bio - 2000mg - x20","p":13.9,"u":"0,70 €/P","img":"https://fd1-photos.leclercdrive.fr/image.ashx?id=2351870&use=l&cat=p&typeid=i","cat":301264},{"id":155102,"n":"Céréales Babybio- Dès 6 mois  Bio 3 Céréales nature  - 220g","p":3.63,"u":"16,50 €/KG","img":"https://fd1-photos.leclercdrive.fr/image.ashx?id=2733259&use=l&cat=p&typeid=i","cat":312225},{"id":155123,"n":"Biscuits fourrés  BN Fraises - 285g","p":1.29,"u":"4,53 €/KG","img":"https://fd1-photos.leclercdrive.fr/image.ashx?id=2878804&use=l&cat=p&typeid=i","cat":284489},{"id":155129,"n":"Petits pois doux carottes Bio Bio Village - 420g","p":2.31,"u":"5,50 €/KG","img":"https://fd1-photos.leclercdrive.fr/image.ashx?id=3002710&use=l&cat=p&typeid=i","cat":312607},{"id":155134,"n":"Knacki original Herta x4 - 140g","p":1.36,"u":"9,71 €/KG","img":"https://fd1-photos.leclercdrive.fr/image.ashx?id=2289840&use=l&cat=p&typeid=i","cat":316012},{"id":155244,"n":"Mini cônes Extrême  Vanille  - 8x39g","p":4.4,"u":"14,10 €/KG","img":"https://fd1-photos.leclercdrive.fr/image.ashx?id=2737741&use=l&cat=p&typeid=i","cat":284264},{"id":155295,"n":"Préparation Cookies alsa Pépites de Chocolat - 240g","p":2.19,"u":"9,13 €/KG","img":"https://fd1-photos.leclercdrive.fr/image.ashx?id=2996446&use=l&cat=p&typeid=i","cat":284505},{"id":155301,"n":"Biscuit BN chocolat 285g","p":1.29,"u":"4,53 €/KG","img":"https://fd1-photos.leclercdrive.fr/image.ashx?id=2810705&use=l&cat=p&typeid=i","cat":284488},{"id":155302,"n":"Biscuits BN casse croute 400g","p":1.39,"u":"3,48 €/KG","img":"https://fd1-photos.leclercdrive.fr/image.ashx?id=2503900&use=l&cat=p&typeid=i","cat":284491},{"id":155303,"n":"Briochettes Pasquier x12 - 480g","p":2.28,"u":"4,75 €/KG","img":"https://fd1-photos.leclercdrive.fr/image.ashx?id=2417857&use=l&cat=p&typeid=i","cat":284478},{"id":155472,"n":"Chopes à bière 2 x 55cl","p":4.58,"u":"2,29 €/P","img":"https://fd1-photos.leclercdrive.fr/image.ashx?id=2118138&use=l&cat=p&typeid=i","cat":334134},{"id":155474,"n":"Flûtes Elegance 3 x 18cl","p":5.3,"img":"https://fd1-photos.leclercdrive.fr/image.ashx?id=2118141&use=l&cat=p&typeid=i","cat":334134},{"id":155546,"n":"Assiettes dessert 17cm Blanc sans film PE - x50","p":2.69,"u":"0,05 €/P","img":"https://fd1-photos.leclercdrive.fr/image.ashx?id=2096688&use=l&cat=p&typeid=i","cat":334134},{"id":155549,"n":"Glace Bâtonnet MAGNUM Double Gold Caramel 4x85ml","p":3.04,"u":"10,70 €/KG","img":"https://fd1-photos.leclercdrive.fr/image.ashx?id=2770620&use=l&cat=p&typeid=i","cat":284265},{"id":155714,"n":"Déboucheur Gel Destop  Spécial Cheveux - 1L","p":2.6,"u":"2,60 €/L","img":"https://fd1-photos.leclercdrive.fr/image.ashx?id=2625388&use=l&cat=p&typeid=i","cat":284908},{"id":155717,"n":"Sauce apéritif  Doritos Goût salsa douce -280g","p":2.4,"u":"8,57 €/KG","img":"https://fd1-photos.leclercdrive.fr/image.ashx?id=3014476&use=l&cat=p&typeid=i","cat":284451},{"id":155741,"n":"Filets de cabillaud MSC  L'Atelier Poissonnerie  - 250g","p":6.99,"u":"27,96 €/KG","img":"https://fd1-photos.leclercdrive.fr/image.ashx?id=3004399&use=l&cat=p&typeid=i","cat":284342},{"id":155776,"n":"Shampoing Le Petit Marseillais  Calendula & coco - 250ml","p":2.24,"u":"8,96 €/L","img":"https://fd1-photos.leclercdrive.fr/image.ashx?id=2684173&use=l&cat=p&typeid=i","cat":284606},{"id":155795,"n":"Soda Coca-Cola - SANS SUCRES Canette - 6x33cl","p":3.35,"u":"1,69 €/L","img":"https://fd1-photos.leclercdrive.fr/image.ashx?id=2736805&use=l&cat=p&typeid=i","cat":284530},{"id":155829,"n":"Salade laitue verte 1p","p":1.29,"img":"https://fd1-photos.leclercdrive.fr/image.ashx?id=1633040&use=l&cat=p&typeid=i","cat":284352},{"id":155831,"n":"Coriandre botte x1","p":1.15,"img":"https://fd1-photos.leclercdrive.fr/image.ashx?id=588954&use=l&cat=p&typeid=i","cat":293607},{"id":155922,"n":"Poële 28cm x1","p":14.9,"img":"https://fd1-photos.leclercdrive.fr/image.ashx?id=2118132&use=l&cat=p&typeid=i","cat":298490},{"id":155935,"n":"Verrines 3 x 20cl","p":3.45,"img":"https://fd1-photos.leclercdrive.fr/image.ashx?id=2118048&use=l&cat=p&typeid=i","cat":334134},{"id":155941,"n":"Gourde acier inox bouteille Isotherme - 500ml","p":12.59,"img":"https://fd1-photos.leclercdrive.fr/image.ashx?id=2114755&use=l&cat=p&typeid=i","cat":284710},{"id":155947,"n":"Gourde acier inox Bouteille Isotherme - 1L","p":21.3,"img":"https://fd1-photos.leclercdrive.fr/image.ashx?id=2114758&use=l&cat=p&typeid=i","cat":284710},{"id":155965,"n":"Tasse en verre 33cl","p":2.0,"img":"https://fd1-photos.leclercdrive.fr/image.ashx?id=2118036&use=l&cat=p&typeid=i","cat":334134},{"id":155975,"n":"Moule 6 muffins x1","p":5.9,"img":"https://fd1-photos.leclercdrive.fr/image.ashx?id=2118057&use=l&cat=p&typeid=i","cat":298490},{"id":155992,"n":"Moule 12 madeleines aluminium 35cmx27cm","p":5.5,"img":"https://fd1-photos.leclercdrive.fr/image.ashx?id=2833038&use=l&cat=p&typeid=i","cat":298490},{"id":155998,"n":"Bouchées hotelières x4 - 152g","p":3.24,"u":"21,32 €/KG","img":"https://fd1-photos.leclercdrive.fr/image.ashx?id=2443859&use=l&cat=p&typeid=i","cat":333671},{"id":156005,"n":"Verres à pied Elegance 3 x 22cl","p":5.3,"img":"https://fd1-photos.leclercdrive.fr/image.ashx?id=2132226&use=l&cat=p&typeid=i","cat":334134},{"id":156013,"n":"Soba nouilles Sautées poulet 110g","p":1.49,"u":"13,55 €/KG","img":"https://fd1-photos.leclercdrive.fr/image.ashx?id=2433524&use=l&cat=p&typeid=i","cat":288992},{"id":156020,"n":"Soda Sprite Canette - 6x33cl","p":3.35,"u":"1,69 €/L","img":"https://fd1-photos.leclercdrive.fr/image.ashx?id=2973994&use=l&cat=p&typeid=i","cat":284531},{"id":156022,"n":"Soda Coca Cola Cherry Canette 6x33cl","p":4.33,"u":"2,19 €/L","img":"https://fd1-photos.leclercdrive.fr/image.ashx?id=2997226&use=l&cat=p&typeid=i","cat":284530},{"id":156047,"n":"Sardines  Connétable Huile d'olive et échalotes 135g","p":2.42,"u":"17,93 €/KG","img":"https://fd1-photos.leclercdrive.fr/image.ashx?id=2902711&use=l&cat=p&typeid=i","cat":305146},{"id":156067,"n":"Soda Coca-Cola Canette - 6x33cl","p":4.19,"u":"2,12 €/L","img":"https://fd1-photos.leclercdrive.fr/image.ashx?id=2997229&use=l&cat=p&typeid=i","cat":284530},{"id":156120,"n":"Parmigiano Reggiano L'Italie des Fromages - 200g","p":7.96,"u":"39,80 €/KG","img":"https://fd1-photos.leclercdrive.fr/image.ashx?id=2114344&use=l&cat=p&typeid=i","cat":314036},{"id":156135,"n":"Soda Coca-Cola canettes 12x33cl","p":8.17,"u":"2,06 €/L","img":"https://fd1-photos.leclercdrive.fr/image.ashx?id=2192940&use=l&cat=p&typeid=i","cat":284530},{"id":156138,"n":"Soda Coca-Cola Original Canettes - 20x33cl","p":13.55,"u":"2,05 €/L","img":"https://fd1-photos.leclercdrive.fr/image.ashx?id=2846766&use=l&cat=p&typeid=i","cat":284530},{"id":156141,"n":"Soda Fanta citron frappé canettes - 6x33cl","p":3.15,"u":"1,59 €/L","img":"https://fd1-photos.leclercdrive.fr/image.ashx?id=2660212&use=l&cat=p&typeid=i","cat":284532},{"id":156144,"n":"Boisson énergisante Monster Ultra Paradise - 50cl","p":1.68,"u":"3,36 €/L","img":"https://fd1-photos.leclercdrive.fr/image.ashx?id=2681457&use=l&cat=p&typeid=i","cat":284533},{"id":156145,"n":"Thé glacé Fuze tea Saveur pêche - 1,75L","p":1.88,"u":"1,07 €/L","img":"https://fd1-photos.leclercdrive.fr/image.ashx?id=2944395&use=l&cat=p&typeid=i","cat":295019},{"id":156156,"n":"Fromage enfant Kiri crème 8 portions à tartiner - 144g","p":2.09,"u":"0,26 €/P","img":"https://fd1-photos.leclercdrive.fr/image.ashx?id=2973562&use=l&cat=p&typeid=i","cat":314030},{"id":156165,"n":"Sauce bolognaise Bolo Balls 400g","p":2.47,"u":"6,18 €/KG","img":"https://fd1-photos.leclercdrive.fr/image.ashx?id=2918571&use=l&cat=p&typeid=i","cat":287599},{"id":156171,"n":"Sablés Michel et Augustin Parmigiano reggiano - 100g","p":2.59,"u":"25,90 €/KG","img":"https://fd1-photos.leclercdrive.fr/image.ashx?id=2114218&use=l&cat=p&typeid=i","cat":297000},{"id":156174,"n":"Biscuits fourrés BN Framboise - 285g","p":1.47,"u":"5,16 €/KG","img":"https://fd1-photos.leclercdrive.fr/image.ashx?id=2474999&use=l&cat=p&typeid=i","cat":284489},{"id":156175,"n":"Doomino St Michel Chocolat - x6","p":1.9,"u":"10,56 €/KG","img":"https://fd1-photos.leclercdrive.fr/image.ashx?id=2949979&use=l&cat=p&typeid=i","cat":284495},{"id":156188,"n":"Préparation Flan Pâtissier alsa Vanille - 740g","p":2.87,"u":"3,88 €/KG","img":"https://fd1-photos.leclercdrive.fr/image.ashx?id=2790591&use=l&cat=p&typeid=i","cat":284505},{"id":156193,"n":"Farine blé T45 Francine 750g","p":1.29,"u":"1,72 €/KG","img":"https://fd1-photos.leclercdrive.fr/image.ashx?id=2989141&use=l&cat=p&typeid=i","cat":284503},{"id":156200,"n":"Wraps Old El Paso de blé nature format familial x10 - 580g","p":3.51,"u":"6,05 €/KG","img":"https://fd1-photos.leclercdrive.fr/image.ashx?id=2745352&use=l&cat=p&typeid=i","cat":288993},{"id":156223,"n":"Croquette Truite One Sterilcat Indoor formula","p":14.22,"u":"4,74 €/KG","img":"https://fd1-photos.leclercdrive.fr/image.ashx?id=2488076&use=l&cat=p&typeid=i","cat":284680},{"id":156226,"n":"Croquette chat Purina One Dual Nature cranberry 1,4kg","p":6.78,"u":"4,84 €/KG","img":"https://fd1-photos.leclercdrive.fr/image.ashx?id=2868155&use=l&cat=p&typeid=i","cat":284680},{"id":156229,"n":"Repas Purina One Spécial chat stérilisé - 680g","p":3.79,"u":"5,57 €/KG","img":"https://fd1-photos.leclercdrive.fr/image.ashx?id=2899725&use=l&cat=p&typeid=i","cat":285286},{"id":156339,"n":"Café solubleL'Or Classique Sticks - 235g","p":6.73,"u":"46,74 €/KG","img":"https://fd1-photos.leclercdrive.fr/image.ashx?id=2115929&use=l&cat=p&typeid=i","cat":284843},{"id":156340,"n":"Café solubleL'Or Classique Sticks - 235g","p":2.09,"u":"46,44 €/KG","img":"https://fd1-photos.leclercdrive.fr/image.ashx?id=2115932&use=l&cat=p&typeid=i","cat":284843},{"id":156343,"n":"Abondance AOP NRT L'Atelier Fromagerie - 150g","p":3.2,"u":"21,33 €/KG","img":"https://fd1-photos.leclercdrive.fr/image.ashx?id=2123907&use=l&cat=p&typeid=i","cat":314036},{"id":156344,"n":"Fromage Beaufort AOP L'Atelier Fromagerie - 150g","p":4.49,"u":"29,93 €/KG","img":"https://fd1-photos.leclercdrive.fr/image.ashx?id=2120472&use=l&cat=p&typeid=i","cat":327294},{"id":156346,"n":"Pointe Brie de Meaux AOP L'Atelier Fromagerie - 200g","p":3.19,"u":"15,95 €/KG","img":"https://fd1-photos.leclercdrive.fr/image.ashx?id=2123910&use=l&cat=p&typeid=i","cat":314036},{"id":156348,"n":"Cantal Entre deux AOP NRT L'Atelier Fromagerie - 200g","p":3.5,"u":"17,50 €/KG","img":"https://fd1-photos.leclercdrive.fr/image.ashx?id=2398788&use=l&cat=p&typeid=i","cat":327294},{"id":156350,"n":"Comté 18 mois AOP L'Atelier Fromagerie - 200g","p":5.3,"u":"26,50 €/KG","img":"https://fd1-photos.leclercdrive.fr/image.ashx?id=2130005&use=l&cat=p&typeid=i","cat":327294},{"id":156352,"n":"Gruyère français IGP L'Atelier Fromagerie - 150g","p":2.59,"u":"17,27 €/KG","img":"https://fd1-photos.leclercdrive.fr/image.ashx?id=2123919&use=l&cat=p&typeid=i","cat":327294},{"id":156354,"n":"Saint Nectaire laitier AOP L'Atelier Fromagerie - 300g","p":4.7,"u":"15,67 €/KG","img":"https://fd1-photos.leclercdrive.fr/image.ashx?id=2115917&use=l&cat=p&typeid=i","cat":329184},{"id":156355,"n":"Grana padano 20 mois AOP L'Atelier Fromagerie - 180g","p":3.99,"u":"22,17 €/KG","img":"https://fd1-photos.leclercdrive.fr/image.ashx?id=2817178&use=l&cat=p&typeid=i","cat":314036},{"id":156397,"n":"Glaces Ferrero Rocher x4 chocolat lait noisettes - 200g","p":3.39,"img":"https://fd1-photos.leclercdrive.fr/image.ashx?id=2759065&use=l&cat=p&typeid=i","cat":284265},{"id":156412,"n":"Glaces Nui Caramel White chocolate & Texan pecan x4 264g","p":4.39,"u":"16,63 €/KG","img":"https://fd1-photos.leclercdrive.fr/image.ashx?id=2519900&use=l&cat=p&typeid=i","cat":284265},{"id":156415,"n":"Bâtonnet Raffaello  Noix de coco amandes x4 - 188g","p":3.39,"u":"18,03 €/KG","img":"https://fd1-photos.leclercdrive.fr/image.ashx?id=2863890&use=l&cat=p&typeid=i","cat":284265},{"id":156423,"n":"Filets de poulet Auvergne NRT x2 Label Rouge - 265g","p":6.15,"u":"23,21 €/KG","img":"https://fd1-photos.leclercdrive.fr/image.ashx?id=2699834&use=l&cat=p&typeid=i","cat":284336},{"id":156428,"n":"Friandises chien Pedigree Schmackos volaille x20 - 144g","p":2.08,"u":"14,44 €/KG","img":"https://fd1-photos.leclercdrive.fr/image.ashx?id=2850174&use=l&cat=p&typeid=i","cat":294527},{"id":156476,"n":"Fromage Feta Grecque Islos AOP - 150g","p":2.75,"u":"18,33 €/KG","img":"https://fd1-photos.leclercdrive.fr/image.ashx?id=2892625&use=l&cat=p&typeid=i","cat":314026},{"id":156493,"n":"Petit pot bébé Blédina 6 mois  Légumes bœuf - 2x200g","p":1.99,"u":"4,98 €/KG","img":"https://fd1-photos.leclercdrive.fr/image.ashx?id=2968091&use=l&cat=p&typeid=i","cat":312236},{"id":156495,"n":"Petit pot bébé Blédina 6 mois Légumes lieu - 2x200g","p":1.79,"u":"4,48 €/KG","img":"https://fd1-photos.leclercdrive.fr/image.ashx?id=2935771&use=l&cat=p&typeid=i","cat":312236},{"id":156497,"n":"Petit pot bébé Blédina 8 mois Riz ratatouille poisson -2x200g","p":2.12,"u":"5,30 €/KG","img":"https://fd1-photos.leclercdrive.fr/image.ashx?id=2911208&use=l&cat=p&typeid=i","cat":312236},{"id":156499,"n":"Petit pot bébé Blédina 8 mois Légumes poulet - 2x200g","p":1.99,"u":"4,98 €/KG","img":"https://fd1-photos.leclercdrive.fr/image.ashx?id=2935765&use=l&cat=p&typeid=i","cat":312236},{"id":156501,"n":"Petit pot bébé Blédina 6 mois Légumes jambon - 2x200g","p":2.1,"u":"5,25 €/KG","img":"https://fd1-photos.leclercdrive.fr/image.ashx?id=2948767&use=l&cat=p&typeid=i","cat":312236},{"id":156503,"n":"Petit pot bébé Blédina 6 mois  Légumes verts poulet - 2x200g","p":1.99,"u":"4,98 €/KG","img":"https://fd1-photos.leclercdrive.fr/image.ashx?id=2983063&use=l&cat=p&typeid=i","cat":312236},{"id":156527,"n":"Capsules Starbucks by Nespresso  Blonde Espresso Int 6 - x18","p":6.05,"u":"64,36 €/KG","img":"https://fd1-photos.leclercdrive.fr/image.ashx?id=2668177&use=l&cat=p&typeid=i","cat":284749},{"id":156528,"n":"Petit pot bébé Blédina 4-6 mois Carotte - 2x130g","p":1.17,"u":"4,50 €/KG","img":"https://fd1-photos.leclercdrive.fr/image.ashx?id=2911870&use=l&cat=p&typeid=i","cat":312234},{"id":156538,"n":"Compote bébé Blédina 6 mois  Aux fruits - 4x130g","p":2.65,"u":"5,10 €/KG","img":"https://fd1-photos.leclercdrive.fr/image.ashx?id=2911196&use=l&cat=p&typeid=i","cat":312388},{"id":156539,"n":"Petit pot bébé Blédina 6 mois Semoule carotte dinde - 2x200g","p":2.19,"u":"5,48 €/KG","img":"https://fd1-photos.leclercdrive.fr/image.ashx?id=2935774&use=l&cat=p&typeid=i","cat":312236},{"id":156540,"n":"Petit pot bébé Blédina 6 mois Patate douce carotte-2x200g","p":1.79,"u":"4,48 €/KG","img":"https://fd1-photos.leclercdrive.fr/image.ashx?id=2951617&use=l&cat=p&typeid=i","cat":312235},{"id":156541,"n":"Petit pot bébé Blédina 6 mois Purée de panais dinde - 2x200g","p":1.99,"u":"4,98 €/KG","img":"https://fd1-photos.leclercdrive.fr/image.ashx?id=2951611&use=l&cat=p&typeid=i","cat":312236},{"id":156550,"n":"Petites Tartelettes Bonne Maman Chocolat caramel - 250g","p":2.44,"u":"9,76 €/KG","img":"https://fd1-photos.leclercdrive.fr/image.ashx?id=2962302&use=l&cat=p&typeid=i","cat":284488},{"id":156563,"n":"Petit pot bébé Blédina 6 mois Purée carotte jambon - 2x200g","p":1.99,"u":"4,98 €/KG","img":"https://fd1-photos.leclercdrive.fr/image.ashx?id=2935762&use=l&cat=p&typeid=i","cat":312236},{"id":157520,"n":"Fiches bristol 5x5 Esquisse Perforées - 12,5x20cm - x50","p":2.39,"img":"https://fd1-photos.leclercdrive.fr/image.ashx?id=2124158&use=l&cat=p&typeid=i","cat":284697},{"id":157521,"n":"Fiches bristol 5x5 Esquisse Perforées - 10x15cm - x50","p":1.69,"img":"https://fd1-photos.leclercdrive.fr/image.ashx?id=2124161&use=l&cat=p&typeid=i","cat":284697},{"id":157554,"n":"Olives noires Tropic Apéro Aux herbes de Provence - 250g","p":3.18,"u":"12,72 €/KG","img":"https://fd1-photos.leclercdrive.fr/image.ashx?id=2648229&use=l&cat=p&typeid=i","cat":316002},{"id":157611,"n":"Bière blonde La Bête 8° - 75cl","p":3.74,"u":"4,99 €/L","img":"https://fd1-photos.leclercdrive.fr/image.ashx?id=3011242&use=l&cat=p&typeid=i","cat":334872},{"id":157635,"n":"Café moulu Broceliande Guatemala - 250g","p":5.28,"u":"21,12 €/KG","img":"https://fd1-photos.leclercdrive.fr/image.ashx?id=2124663&use=l&cat=p&typeid=i","cat":284750},{"id":157643,"n":"Sandwich Mega Club Sodebo  Pain Suédois Poulet Œuf - 230g","p":1.89,"u":"8,22 €/KG","img":"https://fd1-photos.leclercdrive.fr/image.ashx?id=2962542&use=l&cat=p&typeid=i","cat":333658},{"id":157778,"n":"Fromage de brebis Lou Pérac 6 tranches - 120g","p":2.64,"u":"22,00 €/KG","img":"https://fd1-photos.leclercdrive.fr/image.ashx?id=2758843&use=l&cat=p&typeid=i","cat":314028},{"id":157819,"n":"Rhum blanc Charrette 150cl - 40%vol.","p":20.5,"pp":18.5,"u":"12,33 €/L","img":"https://fd1-photos.leclercdrive.fr/image.ashx?id=2125218&use=l&cat=p&typeid=i","cat":284550},{"id":157968,"n":"Capsules café Plantation Espresso Caramel n°7- x10 - 52g","p":2.4,"u":"46,15 €/KG","img":"https://fd1-photos.leclercdrive.fr/image.ashx?id=2929882&use=l&cat=p&typeid=i","cat":284749},{"id":158032,"n":"Gel lavant dermo douceur Jonza Bio hypoallergeniques 500ml","p":7.0,"img":"https://fd1-photos.leclercdrive.fr/image.ashx?id=2454292&use=l&cat=p&typeid=i","cat":290425},{"id":158136,"n":"Jus multifruits nectar Jafaden Sans sucres ajoutés - 1L","p":1.79,"u":"1,79 €/L","img":"https://fd1-photos.leclercdrive.fr/image.ashx?id=2956780&use=l&cat=p&typeid=i","cat":284917},{"id":158220,"n":"Rhum Havana Club 3 ans 37,5% vol - 70cl","p":16.37,"u":"23,39 €/L","img":"https://fd1-photos.leclercdrive.fr/image.ashx?id=2874096&use=l&cat=p&typeid=i","cat":284550},{"id":158316,"n":"Stick lèvres Dermophil Réparateur Protecteur- 2 pièces","p":6.69,"u":"418,13 €/KG","img":"https://fd1-photos.leclercdrive.fr/image.ashx?id=2939772&use=l&cat=p&typeid=i","cat":285485},{"id":158363,"n":"Crème Douche Surgras Bio Cadum Karité - 500ml","p":2.14,"u":"4,28 €/L","img":"https://fd1-photos.leclercdrive.fr/image.ashx?id=2575630&use=l&cat=p&typeid=i","cat":284594},{"id":158364,"n":"Whisky Ballantine's 7 ans Blended Scotch 40% vol - 70cl","p":18.95,"pp":15.16,"u":"21,66 €/L","img":"https://fd1-photos.leclercdrive.fr/image.ashx?id=3000366&use=l&cat=p&typeid=i","cat":284547},{"id":158374,"n":"Shampoing Le Petit Marseillais  Thym & the vert - 250ml","p":2.14,"u":"8,56 €/L","img":"https://fd1-photos.leclercdrive.fr/image.ashx?id=2684176&use=l&cat=p&typeid=i","cat":284606},{"id":158489,"n":"Beurrier Tendre Paysan Breton Demi-sel - 80% MG - 200g","p":2.65,"u":"13,25 €/KG","img":"https://fd1-photos.leclercdrive.fr/image.ashx?id=2869038&use=l&cat=p&typeid=i","cat":284379},{"id":158536,"n":"Nuggets de poisson Cité Marine Pané MSC - 200g","p":2.45,"u":"12,25 €/KG","img":"https://fd1-photos.leclercdrive.fr/image.ashx?id=2873387&use=l&cat=p&typeid=i","cat":284344},{"id":158537,"n":"Filet de limande Meunière Cité Marine MSC - 200g","p":3.66,"u":"18,30 €/KG","img":"https://fd1-photos.leclercdrive.fr/image.ashx?id=2132808&use=l&cat=p&typeid=i","cat":284342},{"id":158571,"n":"Plat bébé Blédina 8 mois  Pâtes tomate boeuf - 2x200g","p":2.68,"u":"6,70 €/KG","img":"https://fd1-photos.leclercdrive.fr/image.ashx?id=2975092&use=l&cat=p&typeid=i","cat":312236},{"id":158575,"n":"Single malt Scotch Glenfiddich Tripple Oak 40%vol - 70cl 12ans","p":33.15,"u":"47,36 €/L","img":"https://fd1-photos.leclercdrive.fr/image.ashx?id=2131596&use=l&cat=p&typeid=i","cat":284547},{"id":158588,"n":"Vin de France rouge Merlot Cabernet Sauvign.Cambras BIB 5L","p":13.91,"u":"2,78 €/L","img":"https://fd1-photos.leclercdrive.fr/image.ashx?id=2694587&use=l&cat=p&typeid=i","cat":289556},{"id":158621,"n":"Soda Schweppes Ginger Beer - 1L","p":1.75,"u":"1,75 €/L","img":"https://fd1-photos.leclercdrive.fr/image.ashx?id=2876233&use=l&cat=p&typeid=i","cat":284532},{"id":158631,"n":"Plat bébé soir Blédiner 8 mois  Pâtes épinards - 2x200g","p":2.49,"u":"6,23 €/KG","img":"https://fd1-photos.leclercdrive.fr/image.ashx?id=2845868&use=l&cat=p&typeid=i","cat":312239},{"id":158632,"n":"Couronne de crevettes Delpierre ASC sauce fines herbes - 130g","p":3.75,"u":"28,85 €/KG","img":"https://fd1-photos.leclercdrive.fr/image.ashx?id=2772014&use=l&cat=p&typeid=i","cat":284343},{"id":158647,"n":"Filets de poulet Périgord NRT x2 Label Rouge - 265g","p":5.99,"u":"22,60 €/KG","img":"https://fd1-photos.leclercdrive.fr/image.ashx?id=2699837&use=l&cat=p&typeid=i","cat":284336},{"id":158715,"n":"Doomino St Michel Choco Noisette x6 - 180g","p":1.79,"u":"9,94 €/KG","img":"https://fd1-photos.leclercdrive.fr/image.ashx?id=2953495&use=l&cat=p&typeid=i","cat":284495},{"id":158788,"n":"Noisette décortiquée Vahiné 125g","p":3.3,"u":"26,40 €/KG","img":"https://fd1-photos.leclercdrive.fr/image.ashx?id=2559814&use=l&cat=p&typeid=i","cat":284504},{"id":158789,"n":"Levure boulanger Vahiné x6 - 48g","p":0.95,"u":"19,79 €/KG","img":"https://fd1-photos.leclercdrive.fr/image.ashx?id=2559793&use=l&cat=p&typeid=i","cat":294686},{"id":158791,"n":"Poivre noir grain Ducros 200g - n°6","p":8.11,"u":"40,55 €/KG","img":"https://fd1-photos.leclercdrive.fr/image.ashx?id=2486599&use=l&cat=p&typeid=i","cat":284457},{"id":158797,"n":"Lait céréales Blédidej 12 mois Chocolat - 500ml","p":1.76,"u":"3,52 €/L","img":"https://fd1-photos.leclercdrive.fr/image.ashx?id=2479042&use=l&cat=p&typeid=i","cat":312226},{"id":158803,"n":"Rotella Haribo Sachet bonbons réglisse - 300g","p":1.37,"u":"4,57 €/KG","img":"https://fd1-photos.leclercdrive.fr/image.ashx?id=2982402&use=l&cat=p&typeid=i","cat":304250},{"id":158805,"n":"Quinoa gourmand Tipiak Aux épices douces 240g","p":2.19,"u":"9,13 €/KG","img":"https://fd1-photos.leclercdrive.fr/image.ashx?id=2947054&use=l&cat=p&typeid=i","cat":284429},{"id":158806,"n":"Lait en poudre Blédilait Bébé 18 mois - 3 ans - 900g","p":10.85,"u":"12,06 €/KG","img":"https://fd1-photos.leclercdrive.fr/image.ashx?id=2458244&use=l&cat=p&typeid=i","cat":290219},{"id":158812,"n":"Nappage framboise Vahiné 155g","p":2.2,"u":"14,19 €/KG","img":"https://fd1-photos.leclercdrive.fr/image.ashx?id=2805267&use=l&cat=p&typeid=i","cat":284504},{"id":158815,"n":"Biscuits à thé Delacre Tea Time Boîte Assortiment - 500g","p":6.49,"u":"12,98 €/KG","img":"https://fd1-photos.leclercdrive.fr/image.ashx?id=2133524&use=l&cat=p&typeid=i","cat":284490},{"id":158913,"n":"Biberon Air Control Tigex Col etroit 330ml - x1","p":5.7,"img":"https://fd1-photos.leclercdrive.fr/image.ashx?id=2224319&use=l&cat=p&typeid=i","cat":284742},{"id":158920,"n":"Petit pot bébé Blédina 6 mois Semoule épinards merlu - 2x200g","p":2.14,"u":"5,35 €/KG","img":"https://fd1-photos.leclercdrive.fr/image.ashx?id=2935759&use=l&cat=p&typeid=i","cat":312236},{"id":158921,"n":"Haricots beurre Jean Nicolas Extra-fins - 280g","p":2.6,"u":"9,29 €/KG","img":"https://fd1-photos.leclercdrive.fr/image.ashx?id=2141871&use=l&cat=p&typeid=i","cat":312606},{"id":158923,"n":"Haricots beurre Jean Nicolas Extra-fins - 3x110g","p":3.23,"u":"29,36 €/KG","img":"https://fd1-photos.leclercdrive.fr/image.ashx?id=2137379&use=l&cat=p&typeid=i","cat":312606},{"id":158924,"n":"Haricots verts Jean Nicolas Bio - 280g","p":3.65,"u":"13,04 €/KG","img":"https://fd1-photos.leclercdrive.fr/image.ashx?id=2141874&use=l&cat=p&typeid=i","cat":312606},{"id":158925,"n":"Haricots verts Jean Nicolas Extra-fins - 3 x 110g","p":2.5,"u":"7,58 €/KG","img":"https://fd1-photos.leclercdrive.fr/image.ashx?id=2137376&use=l&cat=p&typeid=i","cat":312606},{"id":158936,"n":"Pains au lait La Boulangère x10 - 350g","p":1.56,"u":"4,46 €/KG","img":"https://fd1-photos.leclercdrive.fr/image.ashx?id=2912437&use=l&cat=p&typeid=i","cat":293505},{"id":158937,"n":"Sauce Tikka Masala Patak's 450g","p":3.12,"u":"6,93 €/KG","img":"https://fd1-photos.leclercdrive.fr/image.ashx?id=2593698&use=l&cat=p&typeid=i","cat":289012},{"id":158939,"n":"Sauce Butter Chicken Patak's 450g","p":3.35,"u":"7,44 €/KG","img":"https://fd1-photos.leclercdrive.fr/image.ashx?id=2857713&use=l&cat=p&typeid=i","cat":289012},{"id":158944,"n":"Sauce Tandoori Patak's 450g","p":3.1,"u":"6,89 €/KG","img":"https://fd1-photos.leclercdrive.fr/image.ashx?id=2762265&use=l&cat=p&typeid=i","cat":289012},{"id":158966,"n":"Rainbow Pik Haribo  Sachet bonbons acidulés - 200g","p":1.63,"u":"8,15 €/KG","img":"https://fd1-photos.leclercdrive.fr/image.ashx?id=2982408&use=l&cat=p&typeid=i","cat":304250},{"id":158970,"n":"Sauce Tomacouli Panzani - 200G","p":0.84,"u":"4,20 €/KG","img":"https://fd1-photos.leclercdrive.fr/image.ashx?id=2872853&use=l&cat=p&typeid=i","cat":288384},{"id":158982,"n":"Petit pot bébé Blédina 4-6 mois Purée de poireau - 2x130g","p":1.21,"u":"4,65 €/KG","img":"https://fd1-photos.leclercdrive.fr/image.ashx?id=2911190&use=l&cat=p&typeid=i","cat":312234},{"id":159005,"n":"Tartinade Hénaff Aubergine, thym, basilic - 130g","p":2.26,"u":"17,38 €/KG","img":"https://fd1-photos.leclercdrive.fr/image.ashx?id=2136583&use=l&cat=p&typeid=i","cat":284451},{"id":159006,"n":"Tartinade Hénaff Pois chiche - 130g","p":2.95,"u":"22,69 €/KG","img":"https://fd1-photos.leclercdrive.fr/image.ashx?id=2533823&use=l&cat=p&typeid=i","cat":284451},{"id":159007,"n":"Tartinade Hénaff Tomate basilic romarin - 130g","p":2.25,"u":"17,31 €/KG","img":"https://fd1-photos.leclercdrive.fr/image.ashx?id=2136577&use=l&cat=p&typeid=i","cat":284451},{"id":159008,"n":"Tartinade Hénaff Artichaut sésame thym - 90g","p":1.92,"u":"21,33 €/KG","img":"https://fd1-photos.leclercdrive.fr/image.ashx?id=2672395&use=l&cat=p&typeid=i","cat":284451},{"id":159009,"n":"Tartinade Hénaff Butternut amande - 130g","p":2.41,"u":"18,54 €/KG","img":"https://fd1-photos.leclercdrive.fr/image.ashx?id=3008671&use=l&cat=p&typeid=i","cat":284451},{"id":159010,"n":"Tartinade Hénaff Courgette cajou - 130g","p":2.52,"u":"19,38 €/KG","img":"https://fd1-photos.leclercdrive.fr/image.ashx?id=2469707&use=l&cat=p&typeid=i","cat":284451},{"id":159081,"n":"Rhum Havana Club Especial 37,5% vol - 70cl","p":18.13,"u":"25,90 €/L","img":"https://fd1-photos.leclercdrive.fr/image.ashx?id=2961311&use=l&cat=p&typeid=i","cat":284550},{"id":159085,"n":"Savon liquide Le Petit Olivier Fleur d'Oranger - 300ml","p":2.26,"u":"7,53 €/L","img":"https://fd1-photos.leclercdrive.fr/image.ashx?id=2683796&use=l&cat=p&typeid=i","cat":284597},{"id":159209,"n":"Lasagne Lustucru Selection  250g","p":2.27,"u":"9,08 €/KG","img":"https://fd1-photos.leclercdrive.fr/image.ashx?id=2792396&use=l&cat=p&typeid=i","cat":333682},{"id":159212,"n":"Bloc WC Bref Deluxe Magnolia  Toilettes propres - 50g x1","p":1.89,"u":"37,80 €/KG","img":"https://fd1-photos.leclercdrive.fr/image.ashx?id=2907581&use=l&cat=p&typeid=i","cat":284662},{"id":159220,"n":"Dos de Cabillaud Findus MSC - x4 - 440g","p":10.99,"u":"24,98 €/KG","img":"https://fd1-photos.leclercdrive.fr/image.ashx?id=2735347&use=l&cat=p&typeid=i","cat":319786},{"id":159333,"n":"Sirop Moulin de Valdonne Recette Provençale - 70cl","p":3.6,"u":"5,14 €/L","img":"https://fd1-photos.leclercdrive.fr/image.ashx?id=2170616&use=l&cat=p&typeid=i","cat":295020},{"id":159343,"n":"Whisky Aerstone Land Cask 40d - 70cl","p":23.0,"pp":19.0,"u":"27,14 €/L","img":"https://fd1-photos.leclercdrive.fr/image.ashx?id=2834728&use=l&cat=p&typeid=i","cat":284547},{"id":159352,"n":"Concentré à diluer Pulco Citron Fraise - 70cl","p":2.6,"u":"3,71 €/L","img":"https://fd1-photos.leclercdrive.fr/image.ashx?id=2687782&use=l&cat=p&typeid=i","cat":295020},{"id":159355,"n":"Whisky aerstone Sea Cask 40° - 70cl","p":23.0,"pp":19.0,"u":"27,14 €/L","img":"https://fd1-photos.leclercdrive.fr/image.ashx?id=2834725&use=l&cat=p&typeid=i","cat":284547},{"id":159364,"n":"Houmous Tables du Monde 175g","p":2.25,"u":"12,86 €/KG","img":"https://fd1-photos.leclercdrive.fr/image.ashx?id=2860079&use=l&cat=p&typeid=i","cat":315999},{"id":159394,"n":"Amandes émondées Vahiné 125g","p":3.74,"u":"29,92 €/KG","img":"https://fd1-photos.leclercdrive.fr/image.ashx?id=2606250&use=l&cat=p&typeid=i","cat":284357},{"id":159409,"n":"Amande éffilée grillée Vahiné 100g","p":4.21,"u":"42,10 €/KG","img":"https://fd1-photos.leclercdrive.fr/image.ashx?id=2387597&use=l&cat=p&typeid=i","cat":284357},{"id":159416,"n":"Thym Ducros Grand flacon - 85g","p":3.65,"u":"42,94 €/KG","img":"https://fd1-photos.leclercdrive.fr/image.ashx?id=2486557&use=l&cat=p&typeid=i","cat":298297},{"id":159448,"n":"Boisson aux fruits Jafun Pomme Cassis Framboise - 2L","p":1.49,"u":"0,75 €/L","img":"https://fd1-photos.leclercdrive.fr/image.ashx?id=2956924&use=l&cat=p&typeid=i","cat":295018},{"id":159520,"n":"Cordon bleu Le Gaulois Escalopes - 200g","p":2.34,"u":"11,70 €/KG","img":"https://fd1-photos.leclercdrive.fr/image.ashx?id=2637102&use=l&cat=p&typeid=i","cat":333683},{"id":159522,"n":"Cremio Box Sodebo Jambon Emmental 280g","p":2.06,"u":"7,36 €/KG","img":"https://fd1-photos.leclercdrive.fr/image.ashx?id=2860196&use=l&cat=p&typeid=i","cat":334983},{"id":159597,"n":"Terrine de Campagne 180g","p":1.79,"u":"9,94 €/KG","img":"https://fd1-photos.leclercdrive.fr/image.ashx?id=2999282&use=l&cat=p&typeid=i","cat":305149},{"id":159598,"n":"Terrine Forestiere 180g","p":2.04,"u":"11,33 €/KG","img":"https://fd1-photos.leclercdrive.fr/image.ashx?id=2409370&use=l&cat=p&typeid=i","cat":305149},{"id":159599,"n":"Terrine bretonne 180g","p":2.08,"u":"11,56 €/KG","img":"https://fd1-photos.leclercdrive.fr/image.ashx?id=2532687&use=l&cat=p&typeid=i","cat":305149},{"id":159627,"n":"Fromage Fol Epi  Originale 8 Tranches - 150g","p":2.14,"u":"14,27 €/KG","img":"https://fd1-photos.leclercdrive.fr/image.ashx?id=2456801&use=l&cat=p&typeid=i","cat":314028},{"id":159717,"n":"Ecrasé Good Goût Colin Alaska et légumes-2x190g","p":3.09,"u":"8,13 €/KG","img":"https://fd1-photos.leclercdrive.fr/image.ashx?id=2955465&use=l&cat=p&typeid=i","cat":312236},{"id":159734,"n":"Pomme Figue Bio Good Goût Gourde - 120g","p":1.49,"u":"12,42 €/KG","img":"https://fd1-photos.leclercdrive.fr/image.ashx?id=2736082&use=l&cat=p&typeid=i","cat":312387},{"id":159735,"n":"Pomme Framboise Bio Good Goût - Gourde - 120g","p":1.57,"u":"13,08 €/KG","img":"https://fd1-photos.leclercdrive.fr/image.ashx?id=2736103&use=l&cat=p&typeid=i","cat":312387},{"id":159811,"n":"AOP Moulis-en-Médoc Château Poujeaux - 75cl","p":25.9,"u":"34,53 €/L","img":"https://fd1-photos.leclercdrive.fr/image.ashx?id=2141708&use=l&cat=p&typeid=i","cat":289556},{"id":159875,"n":"Bières Florida Sunrise - Desperados - 3x33cL","p":4.99,"u":"15,12 €/L","img":"https://fd1-photos.leclercdrive.fr/image.ashx?id=2977972&use=l&cat=p&typeid=i","cat":334878},{"id":159897,"n":"Fromage Enfant Kiri Crème 12 portions à tartiner - 216g","p":2.86,"u":"13,24 €/KG","img":"https://fd1-photos.leclercdrive.fr/image.ashx?id=2973565&use=l&cat=p&typeid=i","cat":314030},{"id":159899,"n":"Biscuit caramel P'tit Déli Beurre salé - 120g","p":2.06,"u":"17,17 €/KG","img":"https://fd1-photos.leclercdrive.fr/image.ashx?id=2141738&use=l&cat=p&typeid=i","cat":284487},{"id":159903,"n":"Boisson aux fruits Jafun Tropical - 2L","p":1.82,"u":"0,91 €/L","img":"https://fd1-photos.leclercdrive.fr/image.ashx?id=2897835&use=l&cat=p&typeid=i","cat":295018},{"id":159921,"n":"Céréales Jordans Country Crisp Framboises - 500g","p":3.48,"u":"6,96 €/KG","img":"https://fd1-photos.leclercdrive.fr/image.ashx?id=2966773&use=l&cat=p&typeid=i","cat":309512},{"id":159938,"n":"Desserts Lactés P'TIT BRASSE   Fraise BIO 6M+ - 4x90g","p":2.23,"u":"24,78 €/KG","img":"https://fd1-photos.leclercdrive.fr/image.ashx?id=2510202&use=l&cat=p&typeid=i","cat":312392},{"id":159952,"n":"Chocolat noir Côte d'Or Noix de pécan & Noisettes 180g","p":4.06,"u":"22,56 €/KG","img":"https://fd1-photos.leclercdrive.fr/image.ashx?id=2145346&use=l&cat=p&typeid=i","cat":284956},{"id":159953,"n":"Lait croissance GUIGOZ OPTIPRO  12M+ - 2x600g","p":13.89,"u":"11,58 €/KG","img":"https://fd1-photos.leclercdrive.fr/image.ashx?id=2811650&use=l&cat=p&typeid=i","cat":290219},{"id":159965,"n":"Capsules Starbucks by Nespresso  Colombia Int 7 - x18","p":6.05,"u":"59,90 €/KG","img":"https://fd1-photos.leclercdrive.fr/image.ashx?id=2668174&use=l&cat=p&typeid=i","cat":284749},{"id":160106,"n":"Jus innocent  tutti frutti 1.5L","p":3.59,"u":"2,39 €/L","img":"https://fd1-photos.leclercdrive.fr/image.ashx?id=2907449&use=l&cat=p&typeid=i","cat":284354},{"id":160195,"n":"AOC Sainte-Croix-du-Mont Château Grand Dousprat 75cl","p":6.6,"pp":4.95,"u":"6,60 €/L","img":"https://fd1-photos.leclercdrive.fr/image.ashx?id=2146735&use=l&cat=p&typeid=i","cat":289557},{"id":160238,"n":"Nappage Fruits rouges Vahiné 155g","p":2.65,"u":"17,10 €/KG","img":"https://fd1-photos.leclercdrive.fr/image.ashx?id=2805270&use=l&cat=p&typeid=i","cat":284504},{"id":160257,"n":"Compotes Pom'Potes Gourdes  Recette Tropiques - 12x90g","p":5.29,"u":"4,90 €/KG","img":"https://fd1-photos.leclercdrive.fr/image.ashx?id=3012194&use=l&cat=p&typeid=i","cat":284508},{"id":160264,"n":"Billes chocolatées Lindt Crispy Céréale grillée - 140g","p":2.96,"u":"21,14 €/KG","img":"https://fd1-photos.leclercdrive.fr/image.ashx?id=2208942&use=l&cat=p&typeid=i","cat":304238},{"id":160406,"n":"Vin de France Blanc moelleux Gare au Gorille - 75cl","p":6.25,"pp":4.69,"u":"6,25 €/L","img":"https://fd1-photos.leclercdrive.fr/image.ashx?id=2673280&use=l&cat=p&typeid=i","cat":289557},{"id":160428,"n":"Lessive liquide fraicheur Epsil 40 lavages - 2L","p":4.6,"u":"2,30 €/L","img":"https://fd1-photos.leclercdrive.fr/image.ashx?id=2602982&use=l&cat=p&typeid=i","cat":284640},{"id":160429,"n":"Lessive liquide printemps Epsil 40 Lavages - 2L","p":4.6,"u":"2,30 €/L","img":"https://fd1-photos.leclercdrive.fr/image.ashx?id=2958347&use=l&cat=p&typeid=i","cat":284640},{"id":160430,"n":"Lessive liquide sensitive Epsil 40 lavages - 2L","p":5.99,"u":"3,00 €/L","img":"https://fd1-photos.leclercdrive.fr/image.ashx?id=2838951&use=l&cat=p&typeid=i","cat":284640},{"id":160450,"n":"Vin de France rouge Terre Métissée - 75cl","p":6.55,"u":"8,73 €/L","img":"https://fd1-photos.leclercdrive.fr/image.ashx?id=2907608&use=l&cat=p&typeid=i","cat":289556},{"id":160726,"n":"Cerise bigarreau St Mamet 240g","p":3.05,"u":"12,71 €/KG","img":"https://fd1-photos.leclercdrive.fr/image.ashx?id=2628425&use=l&cat=p&typeid=i","cat":284507},{"id":160756,"n":"Papier Toilette Humide - Aloe Vera Lotus - x80","p":3.49,"u":"0,04 €/P","img":"https://fd1-photos.leclercdrive.fr/image.ashx?id=2842927&use=l&cat=p&typeid=i","cat":284634},{"id":160820,"n":"Mozza Sticks Pickers by McCain Batonnets de mozzarella - 230g","p":3.24,"u":"14,09 €/KG","img":"https://fd1-photos.leclercdrive.fr/image.ashx?id=2920021&use=l&cat=p&typeid=i","cat":319822},{"id":160821,"n":"Onion rings Pickers by McCain 350g","p":2.86,"u":"8,17 €/KG","img":"https://fd1-photos.leclercdrive.fr/image.ashx?id=2920024&use=l&cat=p&typeid=i","cat":319822},{"id":160822,"n":"Italian Pops Pickers by McCain Bouchées tomates mozza - 230g","p":3.59,"u":"15,61 €/KG","img":"https://fd1-photos.leclercdrive.fr/image.ashx?id=2911588&use=l&cat=p&typeid=i","cat":319822},{"id":160823,"n":"Nacho cheese Pickers by McCain Triangles fromage poivron 230g","p":2.99,"u":"13,00 €/KG","img":"https://fd1-photos.leclercdrive.fr/image.ashx?id=2752227&use=l&cat=p&typeid=i","cat":319822},{"id":161003,"n":"Mayonnaise Bénédicta Nature - 510g","p":2.39,"u":"4,69 €/KG","img":"https://fd1-photos.leclercdrive.fr/image.ashx?id=2548225&use=l&cat=p&typeid=i","cat":298295},{"id":161006,"n":"Mayonnaise Bénédicta Nature - 585g","p":2.88,"u":"4,92 €/KG","img":"https://fd1-photos.leclercdrive.fr/image.ashx?id=2889664&use=l&cat=p&typeid=i","cat":298295},{"id":161007,"n":"Mayonnaise Bénédicta Nature - 400g","p":2.38,"u":"5,95 €/KG","img":"https://fd1-photos.leclercdrive.fr/image.ashx?id=2548237&use=l&cat=p&typeid=i","cat":298295},{"id":161043,"n":"Citrons verts bio Bio Village Barquette x3","p":2.89,"u":"0,96 €/P","img":"https://fd1-photos.leclercdrive.fr/image.ashx?id=2552017&use=l&cat=p&typeid=i","cat":284356},{"id":161082,"n":"Café capsules DOLCE GUSTO Starbucks vanilla macchiato 2x6","p":4.39,"u":"33,26 €/KG","img":"https://fd1-photos.leclercdrive.fr/image.ashx?id=2986912&use=l&cat=p&typeid=i","cat":293239},{"id":161105,"n":"Morceaux de thon Petit Navire 2x112g","p":3.65,"u":"16,29 €/KG","img":"https://fd1-photos.leclercdrive.fr/image.ashx?id=2785130&use=l&cat=p&typeid=i","cat":303867},{"id":161126,"n":"Boisson aux fruits Jafun Multifruits - 2L","p":1.99,"u":"1,00 €/L","img":"https://fd1-photos.leclercdrive.fr/image.ashx?id=2897832&use=l&cat=p&typeid=i","cat":295018},{"id":161130,"n":"Boissons à base de fruit Jafun Pêche Abricot - 2L","p":1.99,"u":"1,00 €/L","img":"https://fd1-photos.leclercdrive.fr/image.ashx?id=2865293&use=l&cat=p&typeid=i","cat":295018},{"id":161131,"n":"Boisson à base de fruits Jafun Pomme Kiwi - 2L","p":2.6,"u":"1,30 €/L","img":"https://fd1-photos.leclercdrive.fr/image.ashx?id=2865299&use=l&cat=p&typeid=i","cat":295018},{"id":161135,"n":"DOC Prosecco extra-dry rosé Marque Repère - 7% vol 75 cl","p":5.49,"u":"7,32 €/L","img":"https://fd1-photos.leclercdrive.fr/image.ashx?id=2977180&use=l&cat=p&typeid=i","cat":289461},{"id":161213,"n":"Gel crème Sun Eucerin Oil Control - SPF 50+ - 50ML","p":10.83,"u":"216,60 €/L","img":"https://fd1-photos.leclercdrive.fr/image.ashx?id=2342986&use=l&cat=p&typeid=i","cat":290396},{"id":161226,"n":"Huile essentielle Puressentiel Gaulthérie Bio - 10ml","p":5.15,"u":"515,00 €/L","img":"https://fd1-photos.leclercdrive.fr/image.ashx?id=2155564&use=l&cat=p&typeid=i","cat":298633},{"id":161410,"n":"Pains hot dog La Fournée Dorée Brioch' x6 - 270g","p":1.49,"u":"5,52 €/KG","img":"https://fd1-photos.leclercdrive.fr/image.ashx?id=2406136&use=l&cat=p&typeid=i","cat":284985},{"id":161432,"n":"Lessive liquide Briochin Peaux sensibles - 2,27L","p":7.42,"u":"3,27 €/L","img":"https://fd1-photos.leclercdrive.fr/image.ashx?id=3000770&use=l&cat=p&typeid=i","cat":284640},{"id":161433,"n":"Dragibus Doypack Haribo Sachet bonbons - 220g","p":1.63,"u":"7,41 €/KG","img":"https://fd1-photos.leclercdrive.fr/image.ashx?id=2984940&use=l&cat=p&typeid=i","cat":304250},{"id":161434,"n":"Lessive détachante savon noir  50 lavages - 2,27L","p":7.59,"u":"3,34 €/L","img":"https://fd1-photos.leclercdrive.fr/image.ashx?id=3000767&use=l&cat=p&typeid=i","cat":284640},{"id":161437,"n":"Happy Cola Pik Haribo Sachet bonbons acidulés - 200g","p":1.9,"u":"9,50 €/KG","img":"https://fd1-photos.leclercdrive.fr/image.ashx?id=2984928&use=l&cat=p&typeid=i","cat":304250},{"id":161526,"n":"Saucisse Knacki Herta 100% poulet x4 - 140g","p":1.33,"u":"9,50 €/KG","img":"https://fd1-photos.leclercdrive.fr/image.ashx?id=2290425&use=l&cat=p&typeid=i","cat":316012},{"id":161579,"n":"AOC Muscadet Sèvre et Maine sur Lie Bio Les Caractères - 75cl","p":5.79,"u":"7,72 €/L","img":"https://fd1-photos.leclercdrive.fr/image.ashx?id=2754502&use=l&cat=p&typeid=i","cat":289557},{"id":161584,"n":"AOC vin blanc Alsace Riesling Bio Rebmann - 75cl","p":6.35,"u":"8,47 €/L","img":"https://fd1-photos.leclercdrive.fr/image.ashx?id=2885789&use=l&cat=p&typeid=i","cat":289557},{"id":161708,"n":"Infusion Twinings Ayurveda Fraise Myrtille Grenade x20","p":2.69,"u":"84,06 €/KG","img":"https://fd1-photos.leclercdrive.fr/image.ashx?id=2893054&use=l&cat=p&typeid=i","cat":293234},{"id":161709,"n":"Déodorant bille Men Expert Thermic Resist - 50ml","p":2.62,"u":"52,40 €/L","img":"https://fd1-photos.leclercdrive.fr/image.ashx?id=2300518&use=l&cat=p&typeid=i","cat":284618},{"id":161789,"n":"AOC Bandol Rosé Château Guilhem Tournier - 75cl","p":10.95,"u":"14,60 €/L","img":"https://fd1-photos.leclercdrive.fr/image.ashx?id=2445280&use=l&cat=p&typeid=i","cat":289558},{"id":161800,"n":"Pâté de porc \"Pâté d'cochonne\" avec jambon et filet - 156g","p":3.09,"u":"19,81 €/KG","img":"https://fd1-photos.leclercdrive.fr/image.ashx?id=2161705&use=l&cat=p&typeid=i","cat":305149},{"id":161846,"n":"Sucre roux Tablier blanc En morceaux - 1kg","p":1.81,"u":"1,81 €/KG","img":"https://fd1-photos.leclercdrive.fr/image.ashx?id=3010437&use=l&cat=p&typeid=i","cat":284502},{"id":161914,"n":"Boisson aux fruits Jafun Tropical light - 2L","p":1.39,"u":"0,70 €/L","img":"https://fd1-photos.leclercdrive.fr/image.ashx?id=2982682&use=l&cat=p&typeid=i","cat":295018},{"id":161915,"n":"Boisson tropical brick Jafun 6x20cl","p":2.19,"u":"1,83 €/L","img":"https://fd1-photos.leclercdrive.fr/image.ashx?id=2529617&use=l&cat=p&typeid=i","cat":295018},{"id":162161,"n":"Compotes Pom'Potes Gourdes  5 Fruits Rouges&Jaunes -12x90g","p":5.75,"u":"5,32 €/KG","img":"https://fd1-photos.leclercdrive.fr/image.ashx?id=3010945&use=l&cat=p&typeid=i","cat":284508},{"id":162163,"n":"Compotes Pom'Potes Gourdes  Pomme, Pomme Fraise - 12x90g","p":6.26,"u":"5,80 €/KG","img":"https://fd1-photos.leclercdrive.fr/image.ashx?id=3007927&use=l&cat=p&typeid=i","cat":284508},{"id":162175,"n":"Pancakes chocolat Whaou! x7 - 259g","p":2.18,"u":"8,42 €/KG","img":"https://fd1-photos.leclercdrive.fr/image.ashx?id=2740652&use=l&cat=p&typeid=i","cat":284495},{"id":162187,"n":"Skyr Bio Les 2 vaches Nature 0%MG - 480g","p":3.59,"u":"7,48 €/KG","img":"https://fd1-photos.leclercdrive.fr/image.ashx?id=2787293&use=l&cat=p&typeid=i","cat":315000},{"id":162271,"n":"Tablette de chocolat noir Lindt Intense 70% - 2x200g","p":6.46,"pp":4.26,"u":"10,65 €/KG","img":"https://fd1-photos.leclercdrive.fr/image.ashx?id=2208936&use=l&cat=p&typeid=i","cat":285562},{"id":162273,"n":"Pulpe de Tomate Fine - Mutti - 2x210g","p":1.36,"u":"3,24 €/KG","img":"https://fd1-photos.leclercdrive.fr/image.ashx?id=2664238&use=l&cat=p&typeid=i","cat":288384},{"id":162274,"n":"Sauce Crudités Benedicta  Nature légère - 295g","p":1.82,"u":"6,17 €/KG","img":"https://fd1-photos.leclercdrive.fr/image.ashx?id=2755206&use=l&cat=p&typeid=i","cat":284456},{"id":162275,"n":"Sauce Pita Heinz - 230g","p":1.66,"u":"7,22 €/KG","img":"https://fd1-photos.leclercdrive.fr/image.ashx?id=2973165&use=l&cat=p&typeid=i","cat":318431},{"id":162349,"n":"Beignets de crevette L'Atelier Traiteur x6 - 140g","p":3.39,"u":"24,21 €/KG","img":"https://fd1-photos.leclercdrive.fr/image.ashx?id=2917323&use=l&cat=p&typeid=i","cat":333673},{"id":162353,"n":"Acras morue L'Atelier Traiteur 200g","p":2.45,"u":"12,25 €/KG","img":"https://fd1-photos.leclercdrive.fr/image.ashx?id=2635706&use=l&cat=p&typeid=i","cat":333673},{"id":162357,"n":"Samoussas L'Atelier Traiteur Boeuf curry - 220g","p":3.32,"u":"15,09 €/KG","img":"https://fd1-photos.leclercdrive.fr/image.ashx?id=2635709&use=l&cat=p&typeid=i","cat":333673},{"id":162365,"n":"Eau minérale Plancoët 6x50cl","p":1.9,"u":"0,63 €/L","img":"https://fd1-photos.leclercdrive.fr/image.ashx?id=2553152&use=l&cat=p&typeid=i","cat":284535},{"id":162403,"n":"Nems au porc L'Atelier Traiteur 280g","p":2.85,"u":"10,18 €/KG","img":"https://fd1-photos.leclercdrive.fr/image.ashx?id=2987646&use=l&cat=p&typeid=i","cat":333673},{"id":162570,"n":"Sauce apéritif Doritos Goût salsa épicée -280g","p":2.33,"u":"8,32 €/KG","img":"https://fd1-photos.leclercdrive.fr/image.ashx?id=3014473&use=l&cat=p&typeid=i","cat":284451},{"id":162571,"n":"Sauce apéritif Doritos Goût fromage -280g","p":2.27,"u":"8,11 €/KG","img":"https://fd1-photos.leclercdrive.fr/image.ashx?id=2170208&use=l&cat=p&typeid=i","cat":284451},{"id":162572,"n":"Sauce apéritif Doritos Goût sour cream -280g","p":2.45,"u":"8,75 €/KG","img":"https://fd1-photos.leclercdrive.fr/image.ashx?id=2167528&use=l&cat=p&typeid=i","cat":284451},{"id":162597,"n":"Lait concentré Régilait Sucré demi-écrémé - 300g","p":1.69,"u":"5,63 €/KG","img":"https://fd1-photos.leclercdrive.fr/image.ashx?id=2169956&use=l&cat=p&typeid=i","cat":293236},{"id":162613,"n":"Paëlla royale L'Atelier Traiteur - 900g","p":6.98,"u":"7,76 €/KG","img":"https://fd1-photos.leclercdrive.fr/image.ashx?id=3012451&use=l&cat=p&typeid=i","cat":333666},{"id":162614,"n":"Couscous L'Atelier Traiteur 900g","p":8.99,"u":"9,99 €/KG","img":"https://fd1-photos.leclercdrive.fr/image.ashx?id=3012454&use=l&cat=p&typeid=i","cat":333666},{"id":162777,"n":"Compote Andros Pommes/Pêches - 730g","p":2.28,"u":"3,12 €/KG","img":"https://fd1-photos.leclercdrive.fr/image.ashx?id=2395559&use=l&cat=p&typeid=i","cat":284508},{"id":163012,"n":"Crème dessert Mont Blanc Caramel Choco Pistache - 6x125g","p":4.75,"u":"6,33 €/KG","img":"https://fd1-photos.leclercdrive.fr/image.ashx?id=2956502&use=l&cat=p&typeid=i","cat":284506},{"id":163021,"n":"Biscuits Knoppers Lait / Noisettes - 6x25g","p":2.0,"u":"13,33 €/KG","img":"https://fd1-photos.leclercdrive.fr/image.ashx?id=2659151&use=l&cat=p&typeid=i","cat":284488},{"id":163029,"n":"Tablette chocolat Villars Noir / pépites café - 100g","p":2.09,"u":"20,90 €/KG","img":"https://fd1-photos.leclercdrive.fr/image.ashx?id=2464291&use=l&cat=p&typeid=i","cat":284956},{"id":163042,"n":"Tablette chocolat noir Villars Noisettes crêpes  - 180g","p":3.99,"u":"22,17 €/KG","img":"https://fd1-photos.leclercdrive.fr/image.ashx?id=2378369&use=l&cat=p&typeid=i","cat":284956},{"id":163126,"n":"Farine pizza Francine 1kg","p":1.39,"u":"1,39 €/KG","img":"https://fd1-photos.leclercdrive.fr/image.ashx?id=2173154&use=l&cat=p&typeid=i","cat":284503},{"id":163129,"n":"Petits pains grillés Krisprolls Complet - 425g","p":3.01,"u":"7,08 €/KG","img":"https://fd1-photos.leclercdrive.fr/image.ashx?id=2793716&use=l&cat=p&typeid=i","cat":284479},{"id":163130,"n":"Petits pains grillés Krisprolls Complet sans sucre ajoutés 425g","p":3.1,"u":"7,29 €/KG","img":"https://fd1-photos.leclercdrive.fr/image.ashx?id=2985558&use=l&cat=p&typeid=i","cat":284479},{"id":163133,"n":"Bière ambrée Kwak 8.4% - 75cl","p":4.6,"u":"6,13 €/L","img":"https://fd1-photos.leclercdrive.fr/image.ashx?id=2948423&use=l&cat=p&typeid=i","cat":334872},{"id":163143,"n":"Dragibus Soft Haribo Sachet bonbons - 300g","p":1.35,"u":"4,50 €/KG","img":"https://fd1-photos.leclercdrive.fr/image.ashx?id=2806123&use=l&cat=p&typeid=i","cat":304250},{"id":163145,"n":"Dragibus Original Haribo Multipack bonbons - 250g","p":1.71,"u":"6,84 €/KG","img":"https://fd1-photos.leclercdrive.fr/image.ashx?id=2984943&use=l&cat=p&typeid=i","cat":304250},{"id":163147,"n":"Bonbons Haribo Dragolo - 750g","p":4.43,"u":"5,91 €/KG","img":"https://fd1-photos.leclercdrive.fr/image.ashx?id=2803586&use=l&cat=p&typeid=i","cat":304250},{"id":163286,"n":"Gel de rasage Eucerin Nobacter - 150ml","p":7.99,"u":"53,27 €/L","img":"https://fd1-photos.leclercdrive.fr/image.ashx?id=2175602&use=l&cat=p&typeid=i","cat":291167},{"id":163334,"n":"Olives vertes dénoyautées  Croc'frais ail des ours - 150g","p":2.68,"u":"17,87 €/KG","img":"https://fd1-photos.leclercdrive.fr/image.ashx?id=2175927&use=l&cat=p&typeid=i","cat":316002},{"id":163350,"n":"Gobelets 25cl Homeside Chaud/froid - 25","p":1.9,"u":"0,08 €/P","img":"https://fd1-photos.leclercdrive.fr/image.ashx?id=2177355&use=l&cat=p&typeid=i","cat":334134},{"id":163353,"n":"Verres à biere 35cl Homeside x12","p":1.9,"u":"0,16 €/P","img":"https://fd1-photos.leclercdrive.fr/image.ashx?id=2177358&use=l&cat=p&typeid=i","cat":334134},{"id":163355,"n":"Gobelets 10cl Homeside Décor café - x20","p":1.1,"u":"0,06 €/P","img":"https://fd1-photos.leclercdrive.fr/image.ashx?id=2177361&use=l&cat=p&typeid=i","cat":334134},{"id":163420,"n":"Smarties Mini Bonbons Chocolats 21 boites - 315g","p":3.84,"u":"12,19 €/KG","img":"https://fd1-photos.leclercdrive.fr/image.ashx?id=2740862&use=l&cat=p&typeid=i","cat":304238},{"id":163428,"n":"Crayon à sourcils Maybelline  Duo crayon et poudre","p":9.5,"img":"https://fd1-photos.leclercdrive.fr/image.ashx?id=2377787&use=l&cat=p&typeid=i","cat":287029},{"id":163476,"n":"Petit pot bébé Bledina 6 mois purée Carottes Choux fleurs","p":1.79,"u":"4,48 €/KG","img":"https://fd1-photos.leclercdrive.fr/image.ashx?id=2909509&use=l&cat=p&typeid=i","cat":312235},{"id":163505,"n":"Ravioli Bolognaise Panzani Lot de 2 conserves de 800g","p":5.75,"u":"3,59 €/KG","img":"https://fd1-photos.leclercdrive.fr/image.ashx?id=2519756&use=l&cat=p&typeid=i","cat":284442},{"id":163521,"n":"Petit pot bébé Blédina 4-6 mois Épinards - 2x130g","p":1.45,"u":"5,58 €/KG","img":"https://fd1-photos.leclercdrive.fr/image.ashx?id=2986167&use=l&cat=p&typeid=i","cat":312234},{"id":163526,"n":"Petit pot bébé bledina 6 mois  Purée légumes agneau - 2x200g","p":2.45,"u":"6,13 €/KG","img":"https://fd1-photos.leclercdrive.fr/image.ashx?id=2976770&use=l&cat=p&typeid=i","cat":312236},{"id":163529,"n":"Compote bébé Blédina 4-6 mois Pomme - 2x130g","p":1.3,"u":"5,00 €/KG","img":"https://fd1-photos.leclercdrive.fr/image.ashx?id=2911211&use=l&cat=p&typeid=i","cat":312387},{"id":163543,"n":"Isey Skyr Vanille - 400g","p":2.95,"u":"7,38 €/KG","img":"https://fd1-photos.leclercdrive.fr/image.ashx?id=2598609&use=l&cat=p&typeid=i","cat":315000},{"id":163613,"n":"Mozzarella fromage râpé  Les Croisés - 150g","p":1.39,"u":"9,27 €/KG","img":"https://fd1-photos.leclercdrive.fr/image.ashx?id=2178848&use=l&cat=p&typeid=i","cat":314035},{"id":163620,"n":"Vinaigre de cidre Bio  50cl","p":2.19,"u":"4,38 €/L","img":"https://fd1-photos.leclercdrive.fr/image.ashx?id=2179104&use=l&cat=p&typeid=i","cat":298543},{"id":163706,"n":"Poisson Pané Cabillaud MSC Façon Fish & Chips x4 - 400g","p":5.95,"u":"14,88 €/KG","img":"https://fd1-photos.leclercdrive.fr/image.ashx?id=2985351&use=l&cat=p&typeid=i","cat":319788},{"id":163749,"n":"Mousseline Purina Gourmet Boeuf nappé de sauce - 4x57g","p":2.96,"u":"12,98 €/KG","img":"https://fd1-photos.leclercdrive.fr/image.ashx?id=2861773&use=l&cat=p&typeid=i","cat":285286},{"id":163750,"n":"Mousseline Purina Gourmet Poulet nappé de sauce - 4x57g","p":2.89,"u":"12,68 €/KG","img":"https://fd1-photos.leclercdrive.fr/image.ashx?id=2864197&use=l&cat=p&typeid=i","cat":285286},{"id":163930,"n":"Chorizo doux tranché L'Atelier Charcuterie - 100g","p":2.46,"u":"24,60 €/KG","img":"https://fd1-photos.leclercdrive.fr/image.ashx?id=2856666&use=l&cat=p&typeid=i","cat":316007},{"id":163931,"n":"Chiffonnade de chorizo L'Atelier Charcuterie - 80g","p":2.09,"u":"26,13 €/KG","img":"https://fd1-photos.leclercdrive.fr/image.ashx?id=2992675&use=l&cat=p&typeid=i","cat":316007},{"id":163970,"n":"Bleu des basques brebis Onetik 180g","p":4.42,"u":"24,56 €/KG","img":"https://fd1-photos.leclercdrive.fr/image.ashx?id=2182650&use=l&cat=p&typeid=i","cat":314032},{"id":163972,"n":"Pur brebis Onetik Piment d'espelette - 180g","p":5.04,"u":"28,00 €/KG","img":"https://fd1-photos.leclercdrive.fr/image.ashx?id=2224913&use=l&cat=p&typeid=i","cat":314031},{"id":163973,"n":"Ossau Iraty AOP Affiné Onetik 180g","p":3.77,"u":"20,94 €/KG","img":"https://fd1-photos.leclercdrive.fr/image.ashx?id=2224907&use=l&cat=p&typeid=i","cat":314031},{"id":163975,"n":"Tomme de chèvre brebis Onetik 180g","p":5.07,"u":"28,17 €/KG","img":"https://fd1-photos.leclercdrive.fr/image.ashx?id=2224910&use=l&cat=p&typeid=i","cat":314031},{"id":164271,"n":"Café grains Méo  Excellence - 1kg","p":18.95,"u":"18,95 €/KG","img":"https://fd1-photos.leclercdrive.fr/image.ashx?id=2601521&use=l&cat=p&typeid=i","cat":293237},{"id":164315,"n":"AOP Chinon rouge Bio Eclosion - 75cl","p":8.34,"u":"11,12 €/L","img":"https://fd1-photos.leclercdrive.fr/image.ashx?id=2185701&use=l&cat=p&typeid=i","cat":289556},{"id":164541,"n":"Maïs Bonduelle Sans Résidu De Pesticides 285g","p":1.13,"u":"3,96 €/KG","img":"https://fd1-photos.leclercdrive.fr/image.ashx?id=2972892&use=l&cat=p&typeid=i","cat":312611},{"id":164567,"n":"Eau nettoyante Cadum Bébé  Douceur - 750ml","p":3.3,"u":"4,40 €/L","img":"https://fd1-photos.leclercdrive.fr/image.ashx?id=2278451&use=l&cat=p&typeid=i","cat":284741},{"id":164569,"n":"Gel nettoyant Cadum Bébé  Corps et Cheveux - 750ml","p":3.65,"u":"4,87 €/L","img":"https://fd1-photos.leclercdrive.fr/image.ashx?id=2377799&use=l&cat=p&typeid=i","cat":284740},{"id":164570,"n":"Gel Douche Sans Savon Cadum Huile d'Amandes Douces - 750ml","p":3.25,"u":"4,33 €/L","img":"https://fd1-photos.leclercdrive.fr/image.ashx?id=2352870&use=l&cat=p&typeid=i","cat":284594},{"id":164584,"n":"Crème Douche surgras Cadum Beurre de Karité - 750ml","p":3.25,"u":"4,33 €/L","img":"https://fd1-photos.leclercdrive.fr/image.ashx?id=2395020&use=l&cat=p&typeid=i","cat":284594},{"id":164598,"n":"40 sacs congélation Alfapac avec lien Moyen modèle","p":2.28,"u":"0,06 €/P","img":"https://fd1-photos.leclercdrive.fr/image.ashx?id=2918700&use=l&cat=p&typeid=i","cat":334134},{"id":164603,"n":"Lessive liquide fleurie Epsil 25 lavages - 1,25L","p":3.91,"u":"3,13 €/L","img":"https://fd1-photos.leclercdrive.fr/image.ashx?id=2603000&use=l&cat=p&typeid=i","cat":284640},{"id":164604,"n":"Lessive liquide fraîcheur Epsil 25 lavages - 1,25L","p":3.33,"u":"2,66 €/L","img":"https://fd1-photos.leclercdrive.fr/image.ashx?id=2602994&use=l&cat=p&typeid=i","cat":284640},{"id":164611,"n":"Glacière isotherme Jute 26 L","p":4.99,"img":"https://fd1-photos.leclercdrive.fr/image.ashx?id=2188378&use=l&cat=p&typeid=i","cat":334139},{"id":164640,"n":"Granulés de bois Din+ - 15kg Il était une fois dans l'ouest","p":5.49,"u":"0,37 €/KG","img":"https://fd1-photos.leclercdrive.fr/image.ashx?id=2192712&use=l&cat=p&typeid=i","cat":300577},{"id":164644,"n":"Bonne nuit Babybio légumes/riz bio 2 x 200g","p":2.53,"u":"6,33 €/KG","img":"https://fd1-photos.leclercdrive.fr/image.ashx?id=2838347&use=l&cat=p&typeid=i","cat":312239},{"id":164656,"n":"Jus de Citron Jardin Bio Etic bio -1L","p":5.68,"u":"5,68 €/L","img":"https://fd1-photos.leclercdrive.fr/image.ashx?id=3002102&use=l&cat=p&typeid=i","cat":288383},{"id":164752,"n":"Pastis breton Ty Jaune  45% - 1L","p":24.16,"u":"24,16 €/L","img":"https://fd1-photos.leclercdrive.fr/image.ashx?id=2190530&use=l&cat=p&typeid=i","cat":284548},{"id":164869,"n":"Raclette nature pasteurisée L'Atelier Fromagerie - 250g","p":3.39,"u":"13,56 €/KG","img":"https://fd1-photos.leclercdrive.fr/image.ashx?id=2992678&use=l&cat=p&typeid=i","cat":314036},{"id":164870,"n":"Raclette au poivre pasteurisée L'Atelier Fromagerie - 250g","p":3.75,"u":"15,00 €/KG","img":"https://fd1-photos.leclercdrive.fr/image.ashx?id=2992681&use=l&cat=p&typeid=i","cat":314036},{"id":164871,"n":"Raclette fumée pasteurisée L'Atelier Fromagerie - 250g","p":3.75,"u":"15,00 €/KG","img":"https://fd1-photos.leclercdrive.fr/image.ashx?id=2992684&use=l&cat=p&typeid=i","cat":314036},{"id":164873,"n":"Raclette à l'oignon pasteurisée L'Atelier Fromagerie - 250g","p":3.75,"u":"15,00 €/KG","img":"https://fd1-photos.leclercdrive.fr/image.ashx?id=2856371&use=l&cat=p&typeid=i","cat":314036},{"id":164877,"n":"Tagliatelles saumon L'Atelier Traiteur - 270g","p":4.99,"u":"18,48 €/KG","img":"https://fd1-photos.leclercdrive.fr/image.ashx?id=2990101&use=l&cat=p&typeid=i","cat":333665},{"id":165062,"n":"Gel Lubrifiant Intime Cherry Arome Cerise Durex 100ml","p":8.98,"u":"89,80 €/L","img":"https://fd1-photos.leclercdrive.fr/image.ashx?id=2960696&use=l&cat=p&typeid=i","cat":285160},{"id":165063,"n":"Gel Lubrifiant Intime Hot Durex Effet Chauffant Base Eau 100ml","p":7.39,"u":"73,90 €/L","img":"https://fd1-photos.leclercdrive.fr/image.ashx?id=2785487&use=l&cat=p&typeid=i","cat":285160},{"id":165131,"n":"Crème de cassis d'Anjou  Giffard 16% - 50cl","p":5.5,"pp":4.95,"u":"9,90 €/L","img":"https://fd1-photos.leclercdrive.fr/image.ashx?id=2219150&use=l&cat=p&typeid=i","cat":286032},{"id":165134,"n":"Crème de mûre Giffard 16% - 50cl","p":5.5,"pp":4.95,"u":"9,90 €/L","img":"https://fd1-photos.leclercdrive.fr/image.ashx?id=2219660&use=l&cat=p&typeid=i","cat":286032},{"id":165137,"n":"Crème d'abricot Giffard 16% - 50cl","p":6.1,"u":"12,20 €/L","img":"https://fd1-photos.leclercdrive.fr/image.ashx?id=2219672&use=l&cat=p&typeid=i","cat":286032},{"id":165138,"n":"Crème de fleur de sureau  Giffard 16% - 50cl","p":5.5,"pp":4.95,"u":"9,90 €/L","img":"https://fd1-photos.leclercdrive.fr/image.ashx?id=2219165&use=l&cat=p&typeid=i","cat":286032},{"id":165156,"n":"Jus MultiFruits Désucré Jafaden - 1L","p":1.69,"u":"1,69 €/L","img":"https://fd1-photos.leclercdrive.fr/image.ashx?id=2497971&use=l&cat=p&typeid=i","cat":284917},{"id":165174,"n":"Spray aérien Puressentiel  Sommeil et détente - 75ml","p":10.59,"u":"141,20 €/L","img":"https://fd1-photos.leclercdrive.fr/image.ashx?id=2194253&use=l&cat=p&typeid=i","cat":298633},{"id":165193,"n":"Croquette chat Perfect Fit  Natural Vitality poisson - 1kg","p":7.29,"u":"7,29 €/KG","img":"https://fd1-photos.leclercdrive.fr/image.ashx?id=2195068&use=l&cat=p&typeid=i","cat":284680},{"id":165198,"n":"Pate à tartiner Bonne Maman Noisette et cacao - 250g","p":3.25,"u":"13,00 €/KG","img":"https://fd1-photos.leclercdrive.fr/image.ashx?id=2891103&use=l&cat=p&typeid=i","cat":284481},{"id":165199,"n":"Pate à tartiner Bonne Maman Noisette et cacao - 360g","p":3.73,"u":"10,36 €/KG","img":"https://fd1-photos.leclercdrive.fr/image.ashx?id=2891106&use=l&cat=p&typeid=i","cat":284481},{"id":165200,"n":"Pate à tartiner Bonne Maman Noisette et cacao - 580g","p":6.0,"u":"10,34 €/KG","img":"https://fd1-photos.leclercdrive.fr/image.ashx?id=2891109&use=l&cat=p&typeid=i","cat":284481},{"id":165224,"n":"Roller Pure Heat Articulations& Muscles - 75ml","p":10.99,"u":"146,53 €/L","img":"https://fd1-photos.leclercdrive.fr/image.ashx?id=2243620&use=l&cat=p&typeid=i","cat":284630},{"id":165225,"n":"Novanuit Triple action x30","p":11.37,"u":"252,67 €/KG","img":"https://fd1-photos.leclercdrive.fr/image.ashx?id=2237202&use=l&cat=p&typeid=i","cat":301265},{"id":165230,"n":"Biftecks façon Maître d'hôtel  L'Absolu Socopa - 220g","p":5.35,"u":"24,32 €/KG","img":"https://fd1-photos.leclercdrive.fr/image.ashx?id=2414615&use=l&cat=p&typeid=i","cat":284328},{"id":165614,"n":"BIB IGP Côtes de Gascogne Dom de L'Herré 2020 - 3L","p":16.5,"u":"5,50 €/L","img":"https://fd1-photos.leclercdrive.fr/image.ashx?id=2205661&use=l&cat=p&typeid=i","cat":289557},{"id":165616,"n":"BIB IGP Côtes de Gascogne Réserve de L'Herré 2020 - 3L","p":11.5,"u":"3,83 €/L","img":"https://fd1-photos.leclercdrive.fr/image.ashx?id=2439461&use=l&cat=p&typeid=i","cat":289557},{"id":165618,"n":"BIB Les cailloux rouge 5L","p":19.5,"u":"3,90 €/L","img":"https://fd1-photos.leclercdrive.fr/image.ashx?id=2973216&use=l&cat=p&typeid=i","cat":289556},{"id":165620,"n":"BIB Les 4 coins Chardonnay 3L","p":12.9,"u":"4,30 €/L","img":"https://fd1-photos.leclercdrive.fr/image.ashx?id=2973213&use=l&cat=p&typeid=i","cat":289557},{"id":165621,"n":"BIB Les 4 coins Merlot rouge 3L","p":12.9,"u":"4,30 €/L","img":"https://fd1-photos.leclercdrive.fr/image.ashx?id=2979959&use=l&cat=p&typeid=i","cat":289556},{"id":165622,"n":"BIB Les 4 coins Cabernet Sauvignon - 3L","p":12.9,"u":"4,30 €/L","img":"https://fd1-photos.leclercdrive.fr/image.ashx?id=2973219&use=l&cat=p&typeid=i","cat":289556},{"id":165623,"n":"BIB Les 4 coins Sauvignon Blanc - 3L","p":12.9,"u":"4,30 €/L","img":"https://fd1-photos.leclercdrive.fr/image.ashx?id=2973222&use=l&cat=p&typeid=i","cat":289557},{"id":165666,"n":"Confitures Léonce Blanc 70% 4 agrumes - 320g","p":2.29,"u":"7,16 €/KG","img":"https://fd1-photos.leclercdrive.fr/image.ashx?id=2362591&use=l&cat=p&typeid=i","cat":284480},{"id":165681,"n":"Tablette de chocolat noir bio Grain de Sail Caramel  - 100g","p":2.95,"u":"29,50 €/KG","img":"https://fd1-photos.leclercdrive.fr/image.ashx?id=2400388&use=l&cat=p&typeid=i","cat":284956},{"id":165849,"n":"Coffret volcans et dinosaures Buki France - Dès 8 ans","p":19.5,"img":"https://fd1-photos.leclercdrive.fr/image.ashx?id=2205487&use=l&cat=p&typeid=i","cat":334378},{"id":165858,"n":"Lynx Edition spéciale Educa Dès 6 ans","p":18.5,"img":"https://fd1-photos.leclercdrive.fr/image.ashx?id=2515221&use=l&cat=p&typeid=i","cat":334378},{"id":165907,"n":"Washimals Coffret-Crayola Dès 3 ans","p":20.8,"img":"https://fd1-photos.leclercdrive.fr/image.ashx?id=2515810&use=l&cat=p&typeid=i","cat":334381},{"id":165981,"n":"Puzzle 8 pièces ferme Kidway Dès 2 ans","p":6.9,"img":"https://fd1-photos.leclercdrive.fr/image.ashx?id=2222467&use=l&cat=p&typeid=i","cat":334378},{"id":165985,"n":"200 bûchettes de construction Kidway - Dès 3 ans","p":9.95,"img":"https://fd1-photos.leclercdrive.fr/image.ashx?id=2222503&use=l&cat=p&typeid=i","cat":334380},{"id":165986,"n":"Cuisine en bois Kidway Avec accessoires - Dès 3 ans","p":39.9,"u":"Dont 0,41 € d'éco-part.","img":"https://fd1-photos.leclercdrive.fr/image.ashx?id=2222494&use=l&cat=p&typeid=i","cat":334380},{"id":166035,"n":"Labyrinthe Pat Patrouille Ravensburger, Dès 4 ans","p":15.59,"img":"https://fd1-photos.leclercdrive.fr/image.ashx?id=2937652&use=l&cat=p&typeid=i","cat":334378},{"id":166079,"n":"Megasketcher facile à effacer Dès 3 ans","p":19.8,"img":"https://fd1-photos.leclercdrive.fr/image.ashx?id=2509751&use=l&cat=p&typeid=i","cat":334381},{"id":166173,"n":"Ninon ourson calins et chansons Dès 6 mois","p":14.9,"u":"Dont 0,20 € d'éco-part.","img":"https://fd1-photos.leclercdrive.fr/image.ashx?id=2222353&use=l&cat=p&typeid=i","cat":334379},{"id":166179,"n":"Gaston ourson calins et chanson Dès 6 mois","p":14.9,"u":"Dont 0,22 € d'éco-part.","img":"https://fd1-photos.leclercdrive.fr/image.ashx?id=2222350&use=l&cat=p&typeid=i","cat":334379},{"id":166190,"n":"Clementoni - Harper L'hippo danseur - Dès 10 mois","p":16.9,"u":"Dont 0,22 € d'éco-part.","img":"https://fd1-photos.leclercdrive.fr/image.ashx?id=2222356&use=l&cat=p&typeid=i","cat":334379},{"id":166276,"n":"Boisson gazeuse Fever Tree Tonic Water - 50cl","p":2.64,"u":"5,28 €/L","img":"https://fd1-photos.leclercdrive.fr/image.ashx?id=2379904&use=l&cat=p&typeid=i","cat":284531},{"id":166277,"n":"Boisson gazeuse Fever Tree  Ginger Ale - 50cl","p":2.62,"u":"5,24 €/L","img":"https://fd1-photos.leclercdrive.fr/image.ashx?id=2380664&use=l&cat=p&typeid=i","cat":284531},{"id":166278,"n":"Boisson gazeuse Fever Tree Ginger Beer Strong & Spicy 50cl","p":2.6,"u":"5,20 €/L","img":"https://fd1-photos.leclercdrive.fr/image.ashx?id=2380670&use=l&cat=p&typeid=i","cat":284531},{"id":166299,"n":"Filet de colin d'Alaska Findus MSC x4 - 400g","p":4.63,"u":"11,58 €/KG","img":"https://fd1-photos.leclercdrive.fr/image.ashx?id=2735323&use=l&cat=p&typeid=i","cat":319786},{"id":166389,"n":"Ginger beer Bundaberg sans alcool - 37,5cl","p":1.87,"u":"4,99 €/L","img":"https://fd1-photos.leclercdrive.fr/image.ashx?id=2352038&use=l&cat=p&typeid=i","cat":334877},{"id":166390,"n":"AOC Fitou Vin rouge Expression de Schistes - 75cl","p":9.25,"u":"12,33 €/L","img":"https://fd1-photos.leclercdrive.fr/image.ashx?id=3011377&use=l&cat=p&typeid=i","cat":289556},{"id":166394,"n":"IGP Pays D'Oc Cabernet Syrah  Jean Claude Mas rouge 75cl","p":5.5,"u":"7,33 €/L","img":"https://fd1-photos.leclercdrive.fr/image.ashx?id=2204775&use=l&cat=p&typeid=i","cat":289556},{"id":166399,"n":"AOC Jurançon blanc Matayac Petit et Gros Manseng - 75cl","p":7.9,"pp":5.53,"u":"7,37 €/L","img":"https://fd1-photos.leclercdrive.fr/image.ashx?id=2792324&use=l&cat=p&typeid=i","cat":289557},{"id":166401,"n":"Terra Argenta Malbec rouge 75cl","p":4.65,"u":"6,20 €/L","img":"https://fd1-photos.leclercdrive.fr/image.ashx?id=2973021&use=l&cat=p&typeid=i","cat":289556},{"id":166403,"n":"Lessive eco-recharge Uni Vert Aloe x30 lavages - 1.05L","p":4.12,"u":"3,92 €/L","img":"https://fd1-photos.leclercdrive.fr/image.ashx?id=2669780&use=l&cat=p&typeid=i","cat":284640},{"id":166404,"n":"Lessive eco-recharge Uni Vert  Aloe Vera x42 lavages - 1.5L","p":5.91,"u":"3,94 €/L","img":"https://fd1-photos.leclercdrive.fr/image.ashx?id=2838954&use=l&cat=p&typeid=i","cat":284640},{"id":166419,"n":"Signature Patato Pops McCain Pommes de terre - 650g","p":2.63,"u":"4,05 €/KG","img":"https://fd1-photos.leclercdrive.fr/image.ashx?id=2752233&use=l&cat=p&typeid=i","cat":319792},{"id":166472,"n":"Vodka Pyla Coeur du vin Avec étui 40% vol - 70cl","p":23.9,"u":"34,14 €/L","img":"https://fd1-photos.leclercdrive.fr/image.ashx?id=2675529&use=l&cat=p&typeid=i","cat":284550},{"id":166478,"n":"Démaquillant Maybelline  Waterproof biphase 2en1 - 150ml","p":2.51,"u":"16,73 €/L","img":"https://fd1-photos.leclercdrive.fr/image.ashx?id=2278169&use=l&cat=p&typeid=i","cat":284603},{"id":166521,"n":"Vinaigre d'alcool blanc 14° Saas Melfor - 1L","p":1.29,"u":"1,29 €/L","img":"https://fd1-photos.leclercdrive.fr/image.ashx?id=2221389&use=l&cat=p&typeid=i","cat":325365},{"id":166598,"n":"Sauce spaghetti bio Jardin Bio 510g","p":3.37,"u":"6,61 €/KG","img":"https://fd1-photos.leclercdrive.fr/image.ashx?id=2811164&use=l&cat=p&typeid=i","cat":288384},{"id":166655,"n":"1ère Crème lavante bébé Uriage Flacon pompe - 1L","p":12.71,"u":"12,71 €/L","img":"https://fd1-photos.leclercdrive.fr/image.ashx?id=2209531&use=l&cat=p&typeid=i","cat":290425},{"id":166656,"n":"1ère eau nettoyante bébé Uriage Flacon pompe - 500ml","p":7.5,"u":"15,00 €/L","img":"https://fd1-photos.leclercdrive.fr/image.ashx?id=2689970&use=l&cat=p&typeid=i","cat":290425},{"id":166657,"n":"1ère eau nettoyante bébé Uriage Flacon pompe - 1L","p":9.9,"u":"9,90 €/L","img":"https://fd1-photos.leclercdrive.fr/image.ashx?id=2209537&use=l&cat=p&typeid=i","cat":290425},{"id":166661,"n":"Crème La Roche Posay Tolériane Dermallergo - 40ml","p":17.66,"u":"441,50 €/L","img":"https://fd1-photos.leclercdrive.fr/image.ashx?id=2813444&use=l&cat=p&typeid=i","cat":291171},{"id":166665,"n":"Correcteur intensif SVR Sebiaclear Active Gel - 40ml","p":9.38,"u":"234,50 €/L","img":"https://fd1-photos.leclercdrive.fr/image.ashx?id=2965139&use=l&cat=p&typeid=i","cat":291166},{"id":166666,"n":"Gel lavant Topialyse SVR Apaisant hydratant 24h - 1L","p":9.36,"pp":7.02,"u":"7,02 €/L","img":"https://fd1-photos.leclercdrive.fr/image.ashx?id=2971655&use=l&cat=p&typeid=i","cat":301591},{"id":166667,"n":"Huile lavante Topialyse SVR 1L","p":15.91,"pp":11.93,"u":"11,93 €/L","img":"https://fd1-photos.leclercdrive.fr/image.ashx?id=2971185&use=l&cat=p&typeid=i","cat":301591},{"id":166674,"n":"Confiture Douceur du Verger Fraise - 750g","p":2.15,"u":"2,87 €/KG","img":"https://fd1-photos.leclercdrive.fr/image.ashx?id=2965545&use=l&cat=p&typeid=i","cat":284480},{"id":166675,"n":"Confiture Douceur du Verger Abricot - 370g","p":1.27,"u":"3,43 €/KG","img":"https://fd1-photos.leclercdrive.fr/image.ashx?id=2965572&use=l&cat=p&typeid=i","cat":284480},{"id":166686,"n":"Yaourt protéiné Hipro  Coco 0%mg - 2x160g","p":2.02,"u":"6,31 €/KG","img":"https://fd1-photos.leclercdrive.fr/image.ashx?id=2807423&use=l&cat=p&typeid=i","cat":315000},{"id":166687,"n":"Yaourt protéiné Hipro 0%mg  Banane beurre cacahuète -2x160g","p":2.02,"u":"6,31 €/KG","img":"https://fd1-photos.leclercdrive.fr/image.ashx?id=2807426&use=l&cat=p&typeid=i","cat":315000},{"id":166752,"n":"Lessive tri-dose Orient Epsil x20 - 490ml","p":4.49,"u":"9,16 €/L","img":"https://fd1-photos.leclercdrive.fr/image.ashx?id=2450116&use=l&cat=p&typeid=i","cat":284641},{"id":166753,"n":"Apéritif Apérol Spritz 12.5% vol - 1L","p":14.35,"u":"14,35 €/L","img":"https://fd1-photos.leclercdrive.fr/image.ashx?id=2957287&use=l&cat=p&typeid=i","cat":286032},{"id":166756,"n":"Blanc de poulet Fleury Michon Sans nitrite x4 - 130g","p":1.89,"u":"14,54 €/KG","img":"https://fd1-photos.leclercdrive.fr/image.ashx?id=2954833&use=l&cat=p&typeid=i","cat":316010},{"id":166757,"n":"Filet de poulet rôti Fleury Michon sans nitrite x6 - 160g","p":2.5,"u":"15,63 €/KG","img":"https://fd1-photos.leclercdrive.fr/image.ashx?id=2954830&use=l&cat=p&typeid=i","cat":316010},{"id":166759,"n":"Filet poulet rôti Fleury Michon  sans nitrite x4 - 116g","p":2.05,"u":"17,67 €/KG","img":"https://fd1-photos.leclercdrive.fr/image.ashx?id=2955173&use=l&cat=p&typeid=i","cat":316010},{"id":166819,"n":"Sucre en poudre Tablier Blanc 1kg","p":1.53,"u":"1,53 €/KG","img":"https://fd1-photos.leclercdrive.fr/image.ashx?id=3010434&use=l&cat=p&typeid=i","cat":284502},{"id":166991,"n":"Café en grains Grain de Sail bio Ethiopie  - 500g","p":9.5,"u":"19,00 €/KG","img":"https://fd1-photos.leclercdrive.fr/image.ashx?id=2656844&use=l&cat=p&typeid=i","cat":293237},{"id":167011,"n":"Pur jus de clémentine Jafaden 90cl","p":2.15,"u":"2,39 €/L","img":"https://fd1-photos.leclercdrive.fr/image.ashx?id=2723162&use=l&cat=p&typeid=i","cat":285435},{"id":167086,"n":"Mug enfant garni Rohan Rose - 154g","p":9.04,"u":"58,70 €/KG","img":"https://fd1-photos.leclercdrive.fr/image.ashx?id=2261025&use=l&cat=p&typeid=i","cat":284958},{"id":167246,"n":"Papillotes Revillon Noir Lait Féerique - 360g","p":11.59,"u":"32,19 €/KG","img":"https://fd1-photos.leclercdrive.fr/image.ashx?id=2863275&use=l&cat=p&typeid=i","cat":327597},{"id":167306,"n":"Soupe Déshydratée Oignon KNORR 4 portions - 94g","p":1.2,"u":"12,77 €/KG","img":"https://fd1-photos.leclercdrive.fr/image.ashx?id=2780088&use=l&cat=p&typeid=i","cat":284463},{"id":167338,"n":"Croustilles Star Belin Salé - 90g","p":1.51,"u":"16,78 €/KG","img":"https://fd1-photos.leclercdrive.fr/image.ashx?id=3002222&use=l&cat=p&typeid=i","cat":284449},{"id":167362,"n":"Chips Tuiles Pringles Sel et Vinaigre - 165g","p":1.96,"u":"11,88 €/KG","img":"https://fd1-photos.leclercdrive.fr/image.ashx?id=2661742&use=l&cat=p&typeid=i","cat":287899},{"id":167375,"n":"Pois chiches d'aucy Bien Cultivés - 250g","p":1.82,"u":"7,28 €/KG","img":"https://fd1-photos.leclercdrive.fr/image.ashx?id=2800764&use=l&cat=p&typeid=i","cat":312609},{"id":167389,"n":"Pur jus d'orange Jafaden Sans pulpe - 90cl","p":2.15,"u":"2,39 €/L","img":"https://fd1-photos.leclercdrive.fr/image.ashx?id=2723159&use=l&cat=p&typeid=i","cat":285435},{"id":167390,"n":"Pur jus de pamplemousse Jafaden Avec pulpe - 90cl","p":1.88,"u":"2,09 €/L","img":"https://fd1-photos.leclercdrive.fr/image.ashx?id=2819639&use=l&cat=p&typeid=i","cat":285435},{"id":167391,"n":"Jus de pomme Jafaden 90cl","p":1.91,"u":"2,12 €/L","img":"https://fd1-photos.leclercdrive.fr/image.ashx?id=2723171&use=l&cat=p&typeid=i","cat":285435},{"id":167395,"n":"Pur jus d'orange frais Jafaden Avec pulpe - 1,5L","p":3.66,"u":"2,44 €/L","img":"https://fd1-photos.leclercdrive.fr/image.ashx?id=2916719&use=l&cat=p&typeid=i","cat":285435},{"id":167397,"n":"Pur jus d'orange Jafaden Avec pulpe - 90cl","p":2.21,"u":"2,46 €/L","img":"https://fd1-photos.leclercdrive.fr/image.ashx?id=2723156&use=l&cat=p&typeid=i","cat":285435},{"id":167399,"n":"Mini cheese burgers Côté Croc x10 - 155g","p":6.29,"u":"40,58 €/KG","img":"https://fd1-photos.leclercdrive.fr/image.ashx?id=2898266&use=l&cat=p&typeid=i","cat":319774},{"id":167416,"n":"Gel douche Le Petit Marseillais Noix de coco - 250ml","p":1.47,"u":"5,88 €/L","img":"https://fd1-photos.leclercdrive.fr/image.ashx?id=2681856&use=l&cat=p&typeid=i","cat":284594},{"id":167420,"n":"Compote bébé Blédina 6 mois  Pomme mangue - 4x130g","p":2.69,"u":"5,17 €/KG","img":"https://fd1-photos.leclercdrive.fr/image.ashx?id=2901656&use=l&cat=p&typeid=i","cat":312387},{"id":167529,"n":"Lait bébé en poudre Gallia Calisma 1er âge 0-6 mois 830g","p":15.45,"u":"18,61 €/KG","img":"https://fd1-photos.leclercdrive.fr/image.ashx?id=2456201&use=l&cat=p&typeid=i","cat":284726},{"id":167530,"n":"Lait bébé en poudre Gallia Calisma 2e âge 6-12 mois 830g","p":15.17,"u":"18,28 €/KG","img":"https://fd1-photos.leclercdrive.fr/image.ashx?id=2479730&use=l&cat=p&typeid=i","cat":284727},{"id":167531,"n":"Lait bébé poudre Gallia Relais Calisma  1er âge 0-6 mois 830g","p":19.29,"u":"23,24 €/KG","img":"https://fd1-photos.leclercdrive.fr/image.ashx?id=2462460&use=l&cat=p&typeid=i","cat":284726},{"id":167532,"n":"Lait bébé poudre Gallia Relais Calisma 2e âge 6-12 mois 830g","p":18.6,"u":"22,41 €/KG","img":"https://fd1-photos.leclercdrive.fr/image.ashx?id=2911217&use=l&cat=p&typeid=i","cat":284727},{"id":167533,"n":"Tagliatelle Lustucru Selection  360g","p":1.44,"u":"4,00 €/KG","img":"https://fd1-photos.leclercdrive.fr/image.ashx?id=2885351&use=l&cat=p&typeid=i","cat":333682},{"id":167534,"n":"Tagliatelle Lustucru Selection  Maxi 600g","p":2.36,"u":"3,93 €/KG","img":"https://fd1-photos.leclercdrive.fr/image.ashx?id=2792399&use=l&cat=p&typeid=i","cat":333682},{"id":167535,"n":"Fettucini Lustucru Selection  350g","p":1.37,"u":"3,91 €/KG","img":"https://fd1-photos.leclercdrive.fr/image.ashx?id=2792402&use=l&cat=p&typeid=i","cat":333682},{"id":167558,"n":"Filet de poulet jaune  Plein Champ Loué x2 - 280g","p":5.87,"u":"20,96 €/KG","img":"https://fd1-photos.leclercdrive.fr/image.ashx?id=2561694&use=l&cat=p&typeid=i","cat":284336},{"id":167656,"n":"Whisky Glenfiddich 43%vol. 14 ans - Etui - 70cl","p":40.25,"u":"57,50 €/L","img":"https://fd1-photos.leclercdrive.fr/image.ashx?id=2491745&use=l&cat=p&typeid=i","cat":284547},{"id":167783,"n":"Tarte en Or feuilletée Herta Sans huile de palme - 230g","p":1.68,"u":"7,30 €/KG","img":"https://fd1-photos.leclercdrive.fr/image.ashx?id=2907938&use=l&cat=p&typeid=i","cat":333681},{"id":167784,"n":"Pâte brisée Herta Tarte en Or - 230g","p":2.27,"u":"9,87 €/KG","img":"https://fd1-photos.leclercdrive.fr/image.ashx?id=2907935&use=l&cat=p&typeid=i","cat":333681},{"id":167868,"n":"Couscous parfumé Tipiak Aux épices du monde - 4x65g","p":1.79,"u":"6,88 €/KG","img":"https://fd1-photos.leclercdrive.fr/image.ashx?id=2846694&use=l&cat=p&typeid=i","cat":284429},{"id":168065,"n":"Eau aromatisée Cristaline Citron - 1.5L","p":0.61,"u":"0,41 €/L","img":"https://fd1-photos.leclercdrive.fr/image.ashx?id=2817542&use=l&cat=p&typeid=i","cat":284537},{"id":168080,"n":"Foie gras de canard Les Eleveurs de l'Ouest - 180g","p":15.5,"u":"86,11 €/KG","img":"https://fd1-photos.leclercdrive.fr/image.ashx?id=2923912&use=l&cat=p&typeid=i","cat":316008},{"id":168097,"n":"Purée fruit bébé Blédina 6 mois Pomme pêche fraise - 4x100g","p":1.92,"u":"4,80 €/KG","img":"https://fd1-photos.leclercdrive.fr/image.ashx?id=2983027&use=l&cat=p&typeid=i","cat":312388},{"id":168108,"n":"Foie gras de canard au torchon Les Eleveurs de l'Ouest - 230g","p":21.9,"u":"95,22 €/KG","img":"https://fd1-photos.leclercdrive.fr/image.ashx?id=2923915&use=l&cat=p&typeid=i","cat":316008},{"id":168168,"n":"Huile d'olive Cauvin Vierge Extra - 75cl","p":8.93,"u":"11,91 €/L","img":"https://fd1-photos.leclercdrive.fr/image.ashx?id=2498353&use=l&cat=p&typeid=i","cat":284453},{"id":168169,"n":"Ferments Lactiques Tablier Blanc - 8g","p":2.42,"u":"302,50 €/KG","img":"https://fd1-photos.leclercdrive.fr/image.ashx?id=2900355&use=l&cat=p&typeid=i","cat":284504},{"id":168301,"n":"Skyr Yoplait  Nature 0%Mg - 850g","p":2.79,"u":"3,28 €/KG","img":"https://fd1-photos.leclercdrive.fr/image.ashx?id=2884444&use=l&cat=p&typeid=i","cat":315000},{"id":168354,"n":"Mascara Maybelline Sensational  - 1 pièce","p":9.45,"pp":6.24,"img":"https://fd1-photos.leclercdrive.fr/image.ashx?id=3010792&use=l&cat=p&typeid=i","cat":287029},{"id":168372,"n":"Mascara L'Oréal Paris Volume  Millions de cils baume Noir","p":12.0,"pp":7.92,"img":"https://fd1-photos.leclercdrive.fr/image.ashx?id=2418420&use=l&cat=p&typeid=i","cat":287029},{"id":168391,"n":"Jus de pomme désucré Jafaden 1L","p":1.39,"u":"1,39 €/L","img":"https://fd1-photos.leclercdrive.fr/image.ashx?id=2227035&use=l&cat=p&typeid=i","cat":284522},{"id":168441,"n":"Butternut bio La pièce","p":2.49,"img":"https://fd1-photos.leclercdrive.fr/image.ashx?id=1631580&use=l&cat=p&typeid=i","cat":284352},{"id":168569,"n":"Boulettes au bœuf Charal x30 - 900g","p":8.43,"u":"9,37 €/KG","img":"https://fd1-photos.leclercdrive.fr/image.ashx?id=2901845&use=l&cat=p&typeid=i","cat":319779},{"id":168631,"n":"Fleur D'oranger bio Vahiné Arôme Naturel - 50ml","p":3.24,"u":"64,80 €/L","img":"https://fd1-photos.leclercdrive.fr/image.ashx?id=2386602&use=l&cat=p&typeid=i","cat":284504},{"id":168676,"n":"Compotes Pom'Potes Gourdes  Multivariétés Inédits - 20x90g","p":7.89,"u":"4,38 €/KG","img":"https://fd1-photos.leclercdrive.fr/image.ashx?id=2870179&use=l&cat=p&typeid=i","cat":284508},{"id":168725,"n":"Riz au lait La Laitière Nature - 4x115g","p":1.75,"u":"3,80 €/KG","img":"https://fd1-photos.leclercdrive.fr/image.ashx?id=2642201&use=l&cat=p&typeid=i","cat":284418},{"id":168871,"n":"Mouchoirs Boîte 3 plis Univert Mouchoir papier non blanchi x80","p":1.26,"u":"0,02 €/P","img":"https://fd1-photos.leclercdrive.fr/image.ashx?id=2571941&use=l&cat=p&typeid=i","cat":284638},{"id":168964,"n":"Rhum blanc agricole La Favorite 50% vol. 1L","p":18.06,"pp":15.35,"u":"15,35 €/L","img":"https://fd1-photos.leclercdrive.fr/image.ashx?id=2374147&use=l&cat=p&typeid=i","cat":284550},{"id":168982,"n":"Tartinable de thon piquant Delicemer - 120g","p":1.99,"u":"16,58 €/KG","img":"https://fd1-photos.leclercdrive.fr/image.ashx?id=2594518&use=l&cat=p&typeid=i","cat":285191},{"id":168995,"n":"Yaourt brassé Perle de Lait Vanille - 4x125g","p":1.85,"u":"3,70 €/KG","img":"https://fd1-photos.leclercdrive.fr/image.ashx?id=2939715&use=l&cat=p&typeid=i","cat":314999},{"id":169003,"n":"Yaourt brassé Perle de Lait Nature - 4x125g","p":1.79,"u":"3,58 €/KG","img":"https://fd1-photos.leclercdrive.fr/image.ashx?id=2939706&use=l&cat=p&typeid=i","cat":314999},{"id":169072,"n":"Yaourt brassé Perle de Lait Citron  - 4x125g","p":1.99,"u":"4,15 €/P","img":"https://fd1-photos.leclercdrive.fr/image.ashx?id=2939712&use=l&cat=p&typeid=i","cat":314999},{"id":169130,"n":"Monster Munch Goût Cheddar - 85g","p":1.03,"u":"12,12 €/KG","img":"https://fd1-photos.leclercdrive.fr/image.ashx?id=2971610&use=l&cat=p&typeid=i","cat":284449},{"id":169167,"n":"Pommes Juliet Bio 1kg","p":3.99,"u":"3,99 €/KG","img":"https://fd1-photos.leclercdrive.fr/image.ashx?id=594767&use=l&cat=p&typeid=i","cat":284356},{"id":169216,"n":"Yaourt brassé Perle de Lait Coco - 4x125g","p":1.89,"u":"3,78 €/KG","img":"https://fd1-photos.leclercdrive.fr/image.ashx?id=2939709&use=l&cat=p&typeid=i","cat":286006},{"id":169218,"n":"Yaourt brassé Perle de Lait Nature - 8x125g","p":3.25,"u":"3,25 €/KG","img":"https://fd1-photos.leclercdrive.fr/image.ashx?id=2989225&use=l&cat=p&typeid=i","cat":284409},{"id":169228,"n":"Rillettes Les Mouettes d'Arvor Thon au fromage frais - 125g","p":2.85,"u":"22,80 €/KG","img":"https://fd1-photos.leclercdrive.fr/image.ashx?id=2237046&use=l&cat=p&typeid=i","cat":303867},{"id":169342,"n":"Lardons fumés Herta 200g","p":1.89,"u":"9,45 €/KG","img":"https://fd1-photos.leclercdrive.fr/image.ashx?id=2939307&use=l&cat=p&typeid=i","cat":316011},{"id":169344,"n":"Lardons fumés Herta Sans nitrite - 2x75g","p":1.83,"u":"12,20 €/KG","img":"https://fd1-photos.leclercdrive.fr/image.ashx?id=2731369&use=l&cat=p&typeid=i","cat":316011},{"id":169345,"n":"Lardons nature Herta 200g","p":1.99,"u":"9,95 €/KG","img":"https://fd1-photos.leclercdrive.fr/image.ashx?id=2731357&use=l&cat=p&typeid=i","cat":316011},{"id":169346,"n":"Allumettes fumées Herta Sans nitrite - 2x75g","p":1.88,"u":"12,53 €/KG","img":"https://fd1-photos.leclercdrive.fr/image.ashx?id=2868903&use=l&cat=p&typeid=i","cat":316011},{"id":169347,"n":"Allumettes nature Herta Sans nitrite - 2x75g","p":1.96,"u":"13,07 €/KG","img":"https://fd1-photos.leclercdrive.fr/image.ashx?id=2868906&use=l&cat=p&typeid=i","cat":316011},{"id":169349,"n":"Lardons fumés Herta -25% sel - 150g","p":1.75,"u":"11,67 €/KG","img":"https://fd1-photos.leclercdrive.fr/image.ashx?id=2731360&use=l&cat=p&typeid=i","cat":316011},{"id":169351,"n":"Allumettes fumées Herta 200g","p":1.85,"u":"9,25 €/KG","img":"https://fd1-photos.leclercdrive.fr/image.ashx?id=2817458&use=l&cat=p&typeid=i","cat":316011},{"id":169353,"n":"Pâte feuilletée Herta Tarte en Or - 230g","p":0.94,"u":"4,09 €/KG","img":"https://fd1-photos.leclercdrive.fr/image.ashx?id=2918658&use=l&cat=p&typeid=i","cat":333681},{"id":169354,"n":"Pâte brisée Herta Tarte en Or - 230g","p":1.04,"u":"4,52 €/KG","img":"https://fd1-photos.leclercdrive.fr/image.ashx?id=2739189&use=l&cat=p&typeid=i","cat":333681},{"id":169365,"n":"Pâte feuilletée rectangulaire  Herta Tarte en Or - 230g","p":1.25,"u":"5,43 €/KG","img":"https://fd1-photos.leclercdrive.fr/image.ashx?id=2721697&use=l&cat=p&typeid=i","cat":333681},{"id":169367,"n":"Pâte feuilletée Herta Tarte en Or -30%MG - 230g","p":1.37,"u":"5,96 €/KG","img":"https://fd1-photos.leclercdrive.fr/image.ashx?id=2814524&use=l&cat=p&typeid=i","cat":333681},{"id":169429,"n":"Tendres Effilés en Gelée Felix Selection poissons 12x85g","p":4.69,"u":"4,60 €/KG","img":"https://fd1-photos.leclercdrive.fr/image.ashx?id=2995439&use=l&cat=p&typeid=i","cat":285286},{"id":169430,"n":"Tendres Effilés en Gelée Felix Selection campagne 12x85g","p":4.69,"u":"4,60 €/KG","img":"https://fd1-photos.leclercdrive.fr/image.ashx?id=2957668&use=l&cat=p&typeid=i","cat":285286},{"id":169438,"n":"Délicieux Duos en Gelée Felix Sélection mixte - 24x85g","p":9.85,"u":"4,83 €/KG","img":"https://fd1-photos.leclercdrive.fr/image.ashx?id=2972074&use=l&cat=p&typeid=i","cat":285286},{"id":169447,"n":"Emincés En Gelée Felix Selection mixte - 12x85g","p":4.05,"u":"3,97 €/KG","img":"https://fd1-photos.leclercdrive.fr/image.ashx?id=2869657&use=l&cat=p&typeid=i","cat":285286},{"id":169448,"n":"Emincés En Gelée  Felix Volaille légumes - 12x85g","p":3.99,"u":"3,91 €/KG","img":"https://fd1-photos.leclercdrive.fr/image.ashx?id=2909212&use=l&cat=p&typeid=i","cat":285286},{"id":169454,"n":"FELIX Sensations En Gelée Felix Selection de la campagne 12x85g","p":5.15,"u":"5,05 €/KG","img":"https://fd1-photos.leclercdrive.fr/image.ashx?id=2986909&use=l&cat=p&typeid=i","cat":285286},{"id":169455,"n":"Sensations en gelée Felix 12x85g","p":5.45,"u":"5,34 €/KG","img":"https://fd1-photos.leclercdrive.fr/image.ashx?id=2957278&use=l&cat=p&typeid=i","cat":285286},{"id":169513,"n":"Crème lavante Uriage 500ml","p":8.89,"u":"17,78 €/L","img":"https://fd1-photos.leclercdrive.fr/image.ashx?id=2689973&use=l&cat=p&typeid=i","cat":301591},{"id":169559,"n":"Père Noël Smarties Bleu - 85g","p":3.25,"u":"38,24 €/KG","img":"https://fd1-photos.leclercdrive.fr/image.ashx?id=2265626&use=l&cat=p&typeid=i","cat":327592},{"id":169572,"n":"Gourdes de fruits Good Goût Bio Dès 4 mois - 4x120g","p":5.26,"u":"10,96 €/KG","img":"https://fd1-photos.leclercdrive.fr/image.ashx?id=2640698&use=l&cat=p&typeid=i","cat":312387},{"id":170075,"n":"Pâte à tartiner Milka 740g","p":6.12,"u":"8,27 €/KG","img":"https://fd1-photos.leclercdrive.fr/image.ashx?id=2828712&use=l&cat=p&typeid=i","cat":284481},{"id":170268,"n":"Bloc de foie gras Douce Foie Mi-cuit 30% morceaux - 1kg","p":52.95,"u":"52,95 €/KG","img":"https://fd1-photos.leclercdrive.fr/image.ashx?id=2248762&use=l&cat=p&typeid=i","cat":316008},{"id":170935,"n":"Rhum Havana Club 3 ans 37,5% vol - 1L","p":23.02,"u":"23,02 €/L","img":"https://fd1-photos.leclercdrive.fr/image.ashx?id=2953992&use=l&cat=p&typeid=i","cat":284550},{"id":170937,"n":"Vodka Absolut Lime 40%vol. - 70cl","p":19.99,"u":"28,56 €/L","img":"https://fd1-photos.leclercdrive.fr/image.ashx?id=2868521&use=l&cat=p&typeid=i","cat":284550},{"id":170957,"n":"Confiture Douceur du Verger Abricot - 750g","p":2.31,"u":"3,08 €/KG","img":"https://fd1-photos.leclercdrive.fr/image.ashx?id=2965581&use=l&cat=p&typeid=i","cat":284480},{"id":171068,"n":"Gel douche So Bio Etic Fleur d'oranger bio - 450ml","p":5.41,"u":"12,02 €/L","img":"https://fd1-photos.leclercdrive.fr/image.ashx?id=2794487&use=l&cat=p&typeid=i","cat":284594},{"id":171070,"n":"Gel douche So Bio Etic Abricot bio - 450ml","p":4.5,"u":"10,00 €/L","img":"https://fd1-photos.leclercdrive.fr/image.ashx?id=2793629&use=l&cat=p&typeid=i","cat":284594},{"id":171107,"n":"Bloc de foie gras Delpeyrat 30% morceaux Barquette 450g","p":44.77,"u":"99,49 €/KG","img":"https://fd1-photos.leclercdrive.fr/image.ashx?id=2730556&use=l&cat=p&typeid=i","cat":316008},{"id":171187,"n":"Barres glacées Snickers  Caramel & Cacahuètes x12 - 547g","p":4.99,"u":"9,12 €/KG","img":"https://fd1-photos.leclercdrive.fr/image.ashx?id=2295505&use=l&cat=p&typeid=i","cat":284264},{"id":171188,"n":"Glace Barre Glacée Snickers  Caramel & Cacahuètes x6 - 274g","p":2.66,"u":"9,71 €/KG","img":"https://fd1-photos.leclercdrive.fr/image.ashx?id=2295508&use=l&cat=p&typeid=i","cat":284264},{"id":171191,"n":"Barre glacée Mars  Caramel x6 - 240g","p":2.79,"img":"https://fd1-photos.leclercdrive.fr/image.ashx?id=2295924&use=l&cat=p&typeid=i","cat":284264},{"id":171409,"n":"Sac poubelle Elembal 50L - x40","p":5.99,"u":"0,15 €/P","img":"https://fd1-photos.leclercdrive.fr/image.ashx?id=2793311&use=l&cat=p&typeid=i","cat":285168},{"id":171470,"n":"Shampooing Klorane Grenade Cheveux colorés - 400ml","p":11.1,"u":"27,75 €/L","img":"https://fd1-photos.leclercdrive.fr/image.ashx?id=2878960&use=l&cat=p&typeid=i","cat":290400},{"id":171494,"n":"Shampooing Pivoine bio Klorane Apaisant anti-irritant - 400ml","p":10.1,"u":"25,25 €/L","img":"https://fd1-photos.leclercdrive.fr/image.ashx?id=2968250&use=l&cat=p&typeid=i","cat":290400},{"id":171509,"n":"Shampooing Klorane au lait d'avoien - 400ml","p":10.1,"u":"25,25 €/L","img":"https://fd1-photos.leclercdrive.fr/image.ashx?id=2857302&use=l&cat=p&typeid=i","cat":290400},{"id":171527,"n":"Shampooing volume Klorane aux fibres de lin - 400ml","p":11.1,"u":"27,75 €/L","img":"https://fd1-photos.leclercdrive.fr/image.ashx?id=2878969&use=l&cat=p&typeid=i","cat":290400},{"id":171544,"n":"Emulsion Keracny PP+ Ducray Traitante purifiante - 30ml","p":12.89,"u":"429,67 €/L","img":"https://fd1-photos.leclercdrive.fr/image.ashx?id=2968241&use=l&cat=p&typeid=i","cat":291166},{"id":171550,"n":"Emulsion Keracnyl Ducray Glycolic - 30ml","p":11.89,"u":"396,33 €/L","img":"https://fd1-photos.leclercdrive.fr/image.ashx?id=2968244&use=l&cat=p&typeid=i","cat":291166},{"id":171569,"n":"Eau micellaire A-Derma Biology nettoyante bio - 400ml","p":10.25,"u":"25,63 €/L","img":"https://fd1-photos.leclercdrive.fr/image.ashx?id=2290065&use=l&cat=p&typeid=i","cat":301587},{"id":171570,"n":"Crème riche A-Derma Biology Hydratante bio - 40ml","p":13.98,"u":"349,50 €/L","img":"https://fd1-photos.leclercdrive.fr/image.ashx?id=2377196&use=l&cat=p&typeid=i","cat":291171},{"id":171571,"n":"Crème légère A-Derma Biology hydratante bio - 40ml","p":13.98,"u":"349,50 €/L","img":"https://fd1-photos.leclercdrive.fr/image.ashx?id=2377199&use=l&cat=p&typeid=i","cat":291171},{"id":171575,"n":"Soin dermatologique A-Derma Biology Anti-rougeurs bio -40ml","p":14.35,"u":"358,75 €/L","img":"https://fd1-photos.leclercdrive.fr/image.ashx?id=2377205&use=l&cat=p&typeid=i","cat":291171},{"id":171666,"n":"Shampooing Extra doux Ducray Dermo-protecteur - 400ml","p":6.65,"u":"16,63 €/L","img":"https://fd1-photos.leclercdrive.fr/image.ashx?id=2326973&use=l&cat=p&typeid=i","cat":290400},{"id":171674,"n":"Shampooing Kertyol PSO Ducray Anti-démangeaison - 200ml","p":11.89,"u":"59,45 €/L","img":"https://fd1-photos.leclercdrive.fr/image.ashx?id=2394807&use=l&cat=p&typeid=i","cat":290400},{"id":171678,"n":"Stick lèvres nourrissant Avène Cold Cream - 2x4g","p":7.56,"u":"945,00 €/KG","img":"https://fd1-photos.leclercdrive.fr/image.ashx?id=2786540&use=l&cat=p&typeid=i","cat":291172},{"id":171680,"n":"Crème Densitium SVR 50ml","p":36.37,"u":"727,40 €/L","img":"https://fd1-photos.leclercdrive.fr/image.ashx?id=2971661&use=l&cat=p&typeid=i","cat":291171},{"id":171719,"n":"Lessive Epsil Perfect Tri-Doses Fleurie x20 - 490ml","p":4.49,"u":"9,16 €/L","img":"https://fd1-photos.leclercdrive.fr/image.ashx?id=2450119&use=l&cat=p&typeid=i","cat":284641},{"id":171836,"n":"Céréales Trésor Kellogg's Chocolat au lait - 620g","p":4.35,"u":"7,02 €/KG","img":"https://fd1-photos.leclercdrive.fr/image.ashx?id=2598334&use=l&cat=p&typeid=i","cat":309513},{"id":171846,"n":"Skyr vanille Délisse 450g","p":1.98,"u":"4,40 €/KG","img":"https://fd1-photos.leclercdrive.fr/image.ashx?id=2992585&use=l&cat=p&typeid=i","cat":315000},{"id":172588,"n":"Fromage blanc 0%MG Light & Free Nature - 8x100g","p":2.95,"u":"3,69 €/KG","img":"https://fd1-photos.leclercdrive.fr/image.ashx?id=3008008&use=l&cat=p&typeid=i","cat":315000},{"id":172592,"n":"Fromage blanc 0%MG Light & Free Vanille - 4x120g","p":1.77,"u":"3,69 €/KG","img":"https://fd1-photos.leclercdrive.fr/image.ashx?id=3008005&use=l&cat=p&typeid=i","cat":315000},{"id":172715,"n":"Allumettes fumées Herta -25% sel - 2x75g","p":1.75,"u":"11,67 €/KG","img":"https://fd1-photos.leclercdrive.fr/image.ashx?id=2731363&use=l&cat=p&typeid=i","cat":316011},{"id":172718,"n":"Lessive en poudre Xeor Savon de Marseille x50 - 2.5kg","p":5.99,"u":"2,40 €/KG","img":"https://fd1-photos.leclercdrive.fr/image.ashx?id=2450161&use=l&cat=p&typeid=i","cat":284642},{"id":172723,"n":"Eau aromatisée San Pellegrino Aranciata rossa - 6x33cl","p":3.85,"u":"1,94 €/L","img":"https://fd1-photos.leclercdrive.fr/image.ashx?id=2866109&use=l&cat=p&typeid=i","cat":284536},{"id":172725,"n":"Eau aromatisée San Pellegrino Limonata - 6x33cl","p":3.76,"u":"1,90 €/L","img":"https://fd1-photos.leclercdrive.fr/image.ashx?id=2525816&use=l&cat=p&typeid=i","cat":284536},{"id":172727,"n":"Eau aromatisée San Pellegrino Melograno e arancia - 6x33cl","p":4.05,"u":"2,05 €/L","img":"https://fd1-photos.leclercdrive.fr/image.ashx?id=2551555&use=l&cat=p&typeid=i","cat":284536},{"id":172731,"n":"Tablette chocolat Milka Chocolat au lait - 3x100g","p":4.29,"u":"14,30 €/KG","img":"https://fd1-photos.leclercdrive.fr/image.ashx?id=3009137&use=l&cat=p&typeid=i","cat":284497},{"id":172827,"n":"Protège matelas Mots d'Enfants 60x120cm","p":9.95,"img":"https://fd1-photos.leclercdrive.fr/image.ashx?id=2693371&use=l&cat=p&typeid=i","cat":286694},{"id":172829,"n":"Yaourt à boire protéiné Hipro  Mangue 0%mg - 300g","p":1.92,"u":"6,40 €/KG","img":"https://fd1-photos.leclercdrive.fr/image.ashx?id=2807432&use=l&cat=p&typeid=i","cat":315000},{"id":172977,"n":"Serviettes Hygiéniques Always Platinum Secure Night T4 - x14","p":4.09,"u":"0,29 €/P","img":"https://fd1-photos.leclercdrive.fr/image.ashx?id=2884111&use=l&cat=p&typeid=i","cat":284624},{"id":173329,"n":"Soupe liquide Liebig  Poissons - Brique 1L","p":3.02,"u":"3,02 €/L","img":"https://fd1-photos.leclercdrive.fr/image.ashx?id=2647468&use=l&cat=p&typeid=i","cat":287366},{"id":173332,"n":"Soupe liquide Liebig poireaux Saint jacques - Brique 1L","p":4.15,"u":"4,15 €/L","img":"https://fd1-photos.leclercdrive.fr/image.ashx?id=2472195&use=l&cat=p&typeid=i","cat":284462},{"id":173333,"n":"Soupe liquide Liebig  Poireaux saint jacques - 2x30cl","p":3.74,"u":"6,23 €/L","img":"https://fd1-photos.leclercdrive.fr/image.ashx?id=2472198&use=l&cat=p&typeid=i","cat":284462},{"id":173392,"n":"Chips Bret's au sel de Guérande - 250g","p":2.54,"u":"10,16 €/KG","img":"https://fd1-photos.leclercdrive.fr/image.ashx?id=2282619&use=l&cat=p&typeid=i","cat":284447},{"id":173998,"n":"Cylindre d'échange CO2 Sodastream - A clipser - 60L","p":10.9,"img":"https://fd1-photos.leclercdrive.fr/image.ashx?id=2650816&use=l&cat=p&typeid=i","cat":334140},{"id":174145,"n":"Confiture Douceur du Verger Cerises - 370 g","p":1.27,"u":"3,43 €/KG","img":"https://fd1-photos.leclercdrive.fr/image.ashx?id=2965599&use=l&cat=p&typeid=i","cat":284480},{"id":174147,"n":"Confiture Douceur du Verger Châtaignes/vanille - 370g","p":1.75,"u":"4,73 €/KG","img":"https://fd1-photos.leclercdrive.fr/image.ashx?id=2965593&use=l&cat=p&typeid=i","cat":284480},{"id":174148,"n":"Confiture Douceur du Verger Pêches - 370 g","p":1.6,"u":"4,32 €/KG","img":"https://fd1-photos.leclercdrive.fr/image.ashx?id=2965602&use=l&cat=p&typeid=i","cat":284480},{"id":174149,"n":"Confiture Douceur du Verger Fraises - 370 g","p":1.12,"u":"3,03 €/KG","img":"https://fd1-photos.leclercdrive.fr/image.ashx?id=2965539&use=l&cat=p&typeid=i","cat":284480},{"id":174150,"n":"Confiture Douceur du Verger Framboises - 370 g","p":1.99,"u":"5,38 €/KG","img":"https://fd1-photos.leclercdrive.fr/image.ashx?id=2965575&use=l&cat=p&typeid=i","cat":284480},{"id":174151,"n":"Confiture Douceur du Verger 4 fruits rouges - 370 g","p":1.18,"u":"3,19 €/KG","img":"https://fd1-photos.leclercdrive.fr/image.ashx?id=2965551&use=l&cat=p&typeid=i","cat":284480},{"id":174152,"n":"Sauce Tomate Provençale Panzani - 210G","p":1.17,"u":"5,57 €/KG","img":"https://fd1-photos.leclercdrive.fr/image.ashx?id=2880691&use=l&cat=p&typeid=i","cat":299047},{"id":174153,"n":"Sauce tomates cuisinées Panzani 210g","p":1.16,"u":"5,52 €/KG","img":"https://fd1-photos.leclercdrive.fr/image.ashx?id=2880688&use=l&cat=p&typeid=i","cat":299047},{"id":174154,"n":"Sauce Tomate Basilic Panzani - 210G","p":1.12,"u":"5,33 €/KG","img":"https://fd1-photos.leclercdrive.fr/image.ashx?id=2881290&use=l&cat=p&typeid=i","cat":288384},{"id":174155,"n":"Sauce tomate Panzani Provençale - 425g","p":1.4,"u":"3,29 €/KG","img":"https://fd1-photos.leclercdrive.fr/image.ashx?id=2742866&use=l&cat=p&typeid=i","cat":288384},{"id":174156,"n":"Sauce tomates cuisinées Panzani 425g","p":1.55,"u":"3,65 €/KG","img":"https://fd1-photos.leclercdrive.fr/image.ashx?id=2977276&use=l&cat=p&typeid=i","cat":288384},{"id":174157,"n":"Sauce Tomate Basilic Panzani - 400G","p":1.85,"u":"4,63 €/KG","img":"https://fd1-photos.leclercdrive.fr/image.ashx?id=2968088&use=l&cat=p&typeid=i","cat":288384},{"id":174158,"n":"Sauce Tomate Provençale Panzani - 650G","p":2.09,"u":"3,22 €/KG","img":"https://fd1-photos.leclercdrive.fr/image.ashx?id=2977942&use=l&cat=p&typeid=i","cat":299047},{"id":174159,"n":"Sauce Tomate Basilic Panzani - 650G","p":2.21,"u":"3,40 €/KG","img":"https://fd1-photos.leclercdrive.fr/image.ashx?id=2977945&use=l&cat=p&typeid=i","cat":288384},{"id":174160,"n":"Sauce tomates fraîches Panzani 3x190g","p":2.45,"u":"4,30 €/KG","img":"https://fd1-photos.leclercdrive.fr/image.ashx?id=2835274&use=l&cat=p&typeid=i","cat":288384},{"id":174204,"n":"Margarine Oméga 3 Fruit d'Or Sans huile de palme - 225g","p":1.85,"u":"8,22 €/KG","img":"https://fd1-photos.leclercdrive.fr/image.ashx?id=2887332&use=l&cat=p&typeid=i","cat":315229},{"id":174347,"n":"Chips à la crevette Suzi Wan 50g","p":1.09,"u":"21,80 €/KG","img":"https://fd1-photos.leclercdrive.fr/image.ashx?id=2270572&use=l&cat=p&typeid=i","cat":288992},{"id":174476,"n":"Brownies Saint Michel Chocolat blanc 240g","p":2.75,"u":"11,46 €/KG","img":"https://fd1-photos.leclercdrive.fr/image.ashx?id=2949949&use=l&cat=p&typeid=i","cat":294776},{"id":174477,"n":"Brownies Saint Michel Chocolat blanc pocket x8 - 240g","p":2.68,"u":"11,17 €/KG","img":"https://fd1-photos.leclercdrive.fr/image.ashx?id=2949952&use=l&cat=p&typeid=i","cat":294776},{"id":174489,"n":"Mini saucisson sec Saint Azay 160g","p":2.74,"u":"17,13 €/KG","img":"https://fd1-photos.leclercdrive.fr/image.ashx?id=2922709&use=l&cat=p&typeid=i","cat":316006},{"id":174493,"n":"Mini chorizo St Azay 160g","p":2.75,"u":"17,19 €/KG","img":"https://fd1-photos.leclercdrive.fr/image.ashx?id=2272012&use=l&cat=p&typeid=i","cat":316006},{"id":174517,"n":"Pur jus multifruits Jafaden 90cl","p":1.7,"u":"1,89 €/L","img":"https://fd1-photos.leclercdrive.fr/image.ashx?id=2723153&use=l&cat=p&typeid=i","cat":285435},{"id":174565,"n":"Fruits au sirop St Mamet Pêche Poire Ananas - 475g","p":3.47,"u":"7,31 €/KG","img":"https://fd1-photos.leclercdrive.fr/image.ashx?id=2412438&use=l&cat=p&typeid=i","cat":284507},{"id":174658,"n":"Eau gazeuse Plancoët Fines Bulles - 6x50 cl","p":2.15,"u":"0,72 €/L","img":"https://fd1-photos.leclercdrive.fr/image.ashx?id=2574284&use=l&cat=p&typeid=i","cat":284536},{"id":174675,"n":"Cidre brut quadrette Kerisac Pur Jus - 4.5%vol. - 4x25cl","p":4.0,"u":"4,00 €/L","img":"https://fd1-photos.leclercdrive.fr/image.ashx?id=2873925&use=l&cat=p&typeid=i","cat":334880},{"id":174709,"n":"Confiture Douceur du Verger 4 fruits rouges - 750 g","p":2.74,"u":"3,65 €/KG","img":"https://fd1-photos.leclercdrive.fr/image.ashx?id=2965557&use=l&cat=p&typeid=i","cat":284480},{"id":174710,"n":"Confiture Douceur du Verger Mirabelles - 370g","p":1.64,"u":"4,43 €/KG","img":"https://fd1-photos.leclercdrive.fr/image.ashx?id=2965560&use=l&cat=p&typeid=i","cat":284480},{"id":174712,"n":"Confiture Douceur du Verger Figues - 370g","p":1.58,"u":"4,27 €/KG","img":"https://fd1-photos.leclercdrive.fr/image.ashx?id=2965587&use=l&cat=p&typeid=i","cat":284480},{"id":174714,"n":"Confiture Douceur du Verger Mûres - 370g","p":1.99,"u":"5,38 €/KG","img":"https://fd1-photos.leclercdrive.fr/image.ashx?id=2970587&use=l&cat=p&typeid=i","cat":284480},{"id":174815,"n":"Confiture Douceur du Verger Myrtilles - 370g","p":1.72,"u":"4,65 €/KG","img":"https://fd1-photos.leclercdrive.fr/image.ashx?id=2965590&use=l&cat=p&typeid=i","cat":284480},{"id":174816,"n":"Confiture Douceur du Verger Rhubarbe - 370g","p":1.69,"u":"4,57 €/KG","img":"https://fd1-photos.leclercdrive.fr/image.ashx?id=2965584&use=l&cat=p&typeid=i","cat":284480},{"id":174817,"n":"Gelée Douceur du Verger Mûres - 370g","p":1.99,"u":"5,38 €/KG","img":"https://fd1-photos.leclercdrive.fr/image.ashx?id=2965578&use=l&cat=p&typeid=i","cat":284480},{"id":174875,"n":"Gelée douceur du Verger Groseilles - 370g","p":1.29,"u":"3,49 €/KG","img":"https://fd1-photos.leclercdrive.fr/image.ashx?id=2965563&use=l&cat=p&typeid=i","cat":284480},{"id":174881,"n":"Carottes râpées Bonduelle Au Citron de Sicile - 320g","p":1.41,"u":"4,41 €/KG","img":"https://fd1-photos.leclercdrive.fr/image.ashx?id=2894194&use=l&cat=p&typeid=i","cat":333657},{"id":174882,"n":"Carottes râpées Bonduelle Au citron de Sicile - 500g","p":1.79,"u":"3,58 €/KG","img":"https://fd1-photos.leclercdrive.fr/image.ashx?id=2904706&use=l&cat=p&typeid=i","cat":333657},{"id":174884,"n":"Céleri remoulade Bonduelle Au Fromage blanc - 320g","p":1.6,"u":"5,00 €/KG","img":"https://fd1-photos.leclercdrive.fr/image.ashx?id=2904709&use=l&cat=p&typeid=i","cat":333657},{"id":174887,"n":"Concombre Bonduelle Au Fromage blanc - 320g","p":1.65,"u":"5,16 €/KG","img":"https://fd1-photos.leclercdrive.fr/image.ashx?id=2905309&use=l&cat=p&typeid=i","cat":333657},{"id":174888,"n":"Betteraves Bonduelle Moutarde à l'ancienne - 320g","p":1.58,"u":"4,94 €/KG","img":"https://fd1-photos.leclercdrive.fr/image.ashx?id=2894200&use=l&cat=p&typeid=i","cat":333657},{"id":174954,"n":"Crème liquide UHT 3x20cl Soutenons Nos Agriculteurs","p":3.49,"u":"5,82 €/L","img":"https://fd1-photos.leclercdrive.fr/image.ashx?id=2291414&use=l&cat=p&typeid=i","cat":284381},{"id":174999,"n":"Jambon superieur 4 tranches Soutenons Nos Agriculteurs 140g","p":2.66,"u":"19,00 €/KG","img":"https://fd1-photos.leclercdrive.fr/image.ashx?id=2943707&use=l&cat=p&typeid=i","cat":316009},{"id":175058,"n":"Pois chiches Bonduelle Cuits Dans Très Peu De Jus 265g","p":1.09,"u":"4,11 €/KG","img":"https://fd1-photos.leclercdrive.fr/image.ashx?id=2926272&use=l&cat=p&typeid=i","cat":312609},{"id":175122,"n":"Crème Douche Nourrissante Cadum Surgras Coco - 750ml","p":3.8,"u":"5,07 €/L","img":"https://fd1-photos.leclercdrive.fr/image.ashx?id=2393284&use=l&cat=p&typeid=i","cat":284594},{"id":175125,"n":"Sauce Deluxe AMORA 250ml","p":1.88,"u":"7,52 €/L","img":"https://fd1-photos.leclercdrive.fr/image.ashx?id=3009266&use=l&cat=p&typeid=i","cat":318431},{"id":175189,"n":"Limonade Breizh Lim' 6x33cl","p":3.96,"u":"2,00 €/L","img":"https://fd1-photos.leclercdrive.fr/image.ashx?id=2332501&use=l&cat=p&typeid=i","cat":284531},{"id":175368,"n":"Bière Dremmwel 0°0 Bio - 6x25cl","p":5.53,"u":"3,69 €/L","img":"https://fd1-photos.leclercdrive.fr/image.ashx?id=2790129&use=l&cat=p&typeid=i","cat":334877},{"id":175482,"n":"AOC Vin Blanc Corse Terra Nostra - 75cl","p":5.95,"u":"7,93 €/L","img":"https://fd1-photos.leclercdrive.fr/image.ashx?id=2284496&use=l&cat=p&typeid=i","cat":289557},{"id":175525,"n":"Steak hachée pur bœuf 15%MG  Les Éleveurs de Bretagne - 800g","p":12.75,"u":"15,94 €/KG","img":"https://fd1-photos.leclercdrive.fr/image.ashx?id=2403444&use=l&cat=p&typeid=i","cat":284332},{"id":175560,"n":"Sérum nutrition Vitanove 100ml","p":3.99,"u":"39,90 €/L","img":"https://fd1-photos.leclercdrive.fr/image.ashx?id=2691441&use=l&cat=p&typeid=i","cat":284608},{"id":175564,"n":"Gel Douche Le Petit Marseillais  Haute tolerance aloevera 400ml","p":2.27,"u":"5,68 €/L","img":"https://fd1-photos.leclercdrive.fr/image.ashx?id=2677429&use=l&cat=p&typeid=i","cat":284594},{"id":175572,"n":"Thé noir Earl Grey Bio Village Bio - x20 - 36g","p":1.09,"u":"30,28 €/KG","img":"https://fd1-photos.leclercdrive.fr/image.ashx?id=2897913&use=l&cat=p&typeid=i","cat":293233},{"id":175574,"n":"Sauce bolognaise Panzani Extra riche - 400g","p":2.51,"u":"6,28 €/KG","img":"https://fd1-photos.leclercdrive.fr/image.ashx?id=2887527&use=l&cat=p&typeid=i","cat":299047},{"id":175576,"n":"Sachet fraicheur chat Sheba Filets au poulet et thon - 60g","p":1.09,"u":"18,17 €/KG","img":"https://fd1-photos.leclercdrive.fr/image.ashx?id=2292464&use=l&cat=p&typeid=i","cat":285286},{"id":175578,"n":"Sachet fraicheur chat Sheba Filets aux crevettes - 60g","p":1.1,"u":"18,33 €/KG","img":"https://fd1-photos.leclercdrive.fr/image.ashx?id=2292467&use=l&cat=p&typeid=i","cat":285286},{"id":175582,"n":"Sachet fraicheur chat Sheba Soupe filets de poulet - 4x40g","p":2.79,"u":"17,44 €/KG","img":"https://fd1-photos.leclercdrive.fr/image.ashx?id=2292590&use=l&cat=p&typeid=i","cat":285286},{"id":175585,"n":"Sachet fraicheur chat Sheba Soupe filets de thon - 4x40g","p":2.79,"u":"17,44 €/KG","img":"https://fd1-photos.leclercdrive.fr/image.ashx?id=2292593&use=l&cat=p&typeid=i","cat":285286},{"id":175602,"n":"AOP Crozes Hermitage Les hauts de pavières 75 cl","p":10.95,"u":"14,60 €/L","img":"https://fd1-photos.leclercdrive.fr/image.ashx?id=2881843&use=l&cat=p&typeid=i","cat":289556},{"id":175603,"n":"Thé vert bio Bio Village Menthe x20 - 36g","p":1.65,"u":"45,83 €/KG","img":"https://fd1-photos.leclercdrive.fr/image.ashx?id=2961722&use=l&cat=p&typeid=i","cat":293233},{"id":175611,"n":"Tasse Smart'360° 250ml Tigex","p":11.2,"img":"https://fd1-photos.leclercdrive.fr/image.ashx?id=2286705&use=l&cat=p&typeid=i","cat":284742},{"id":175614,"n":"Serviettes hygiéniques Tigex","p":7.6,"img":"https://fd1-photos.leclercdrive.fr/image.ashx?id=2286702&use=l&cat=p&typeid=i","cat":289435},{"id":175713,"n":"Bière \"La Goudale\" Rubis - 6x25cl","p":4.55,"u":"3,03 €/L","img":"https://fd1-photos.leclercdrive.fr/image.ashx?id=2778245&use=l&cat=p&typeid=i","cat":334878},{"id":175765,"n":"Chocolat au lait Lindt Création Praliné Feuillantine - 110g","p":3.37,"u":"30,64 €/KG","img":"https://fd1-photos.leclercdrive.fr/image.ashx?id=2287394&use=l&cat=p&typeid=i","cat":284497},{"id":175781,"n":"Gambas cuites d'Equateur ASC L'Atelier Poissonnerie - 500g","p":6.99,"u":"13,98 €/KG","img":"https://fd1-photos.leclercdrive.fr/image.ashx?id=2325335&use=l&cat=p&typeid=i","cat":327284},{"id":175790,"n":"Sachet fraicheur chat Sheba Filets au poulet - 60g","p":1.1,"u":"18,33 €/KG","img":"https://fd1-photos.leclercdrive.fr/image.ashx?id=2287523&use=l&cat=p&typeid=i","cat":285286},{"id":175797,"n":"Gelée aux 3 viandes Mon Petit Purina Gourmet - 6x50g","p":2.57,"u":"8,57 €/KG","img":"https://fd1-photos.leclercdrive.fr/image.ashx?id=2899683&use=l&cat=p&typeid=i","cat":285286},{"id":175932,"n":"Miel de montagne L'Apiculteur Crémeux - 1kg","p":13.4,"u":"13,40 €/KG","img":"https://fd1-photos.leclercdrive.fr/image.ashx?id=2310920&use=l&cat=p&typeid=i","cat":287643},{"id":175945,"n":"Bonbon Scoubidou play Lutti 180g","p":1.66,"u":"9,22 €/KG","img":"https://fd1-photos.leclercdrive.fr/image.ashx?id=2346837&use=l&cat=p&typeid=i","cat":304250},{"id":175954,"n":"Sauce Bolognaise Panzani Extra riche - 200g","p":1.54,"u":"7,70 €/KG","img":"https://fd1-photos.leclercdrive.fr/image.ashx?id=2918574&use=l&cat=p&typeid=i","cat":287599},{"id":175990,"n":"Sachets repas Gourmet Purina Perle Duo à la viande - 4x85g","p":1.99,"u":"5,85 €/KG","img":"https://fd1-photos.leclercdrive.fr/image.ashx?id=2901121&use=l&cat=p&typeid=i","cat":285286},{"id":175999,"n":"Barquette chien Cesar Terrine veau et carottes - 300g","p":1.66,"u":"5,53 €/KG","img":"https://fd1-photos.leclercdrive.fr/image.ashx?id=2289249&use=l&cat=p&typeid=i","cat":284673},{"id":176027,"n":"Frites Classiques McCain Just Au Four - 700g","p":2.49,"u":"3,56 €/KG","img":"https://fd1-photos.leclercdrive.fr/image.ashx?id=2997340&use=l&cat=p&typeid=i","cat":319791},{"id":176029,"n":"Frites Classiques McCain Just Au Four - 1,69kg","p":5.13,"u":"3,04 €/KG","img":"https://fd1-photos.leclercdrive.fr/image.ashx?id=2771319&use=l&cat=p&typeid=i","cat":319791},{"id":176030,"n":"Frites Allumettes McCain Just Au Four - 700g","p":2.55,"u":"3,64 €/KG","img":"https://fd1-photos.leclercdrive.fr/image.ashx?id=2772491&use=l&cat=p&typeid=i","cat":319791},{"id":176031,"n":"Frites Allumettes McCain Just Au Four - 1,69kg","p":5.2,"u":"3,08 €/KG","img":"https://fd1-photos.leclercdrive.fr/image.ashx?id=2997343&use=l&cat=p&typeid=i","cat":319791},{"id":176033,"n":"Frites Steakhouse McCain Just Au Four - 700g","p":2.69,"u":"3,84 €/KG","img":"https://fd1-photos.leclercdrive.fr/image.ashx?id=2737921&use=l&cat=p&typeid=i","cat":319791},{"id":176034,"n":"Frites Express McCain Just Au Four - 600g","p":2.99,"u":"4,98 €/KG","img":"https://fd1-photos.leclercdrive.fr/image.ashx?id=2997337&use=l&cat=p&typeid=i","cat":319791},{"id":176036,"n":"Frites friteuse McCain Tradition - 1,080kg","p":2.69,"u":"2,49 €/KG","img":"https://fd1-photos.leclercdrive.fr/image.ashx?id=2737930&use=l&cat=p&typeid=i","cat":319791},{"id":176038,"n":"Frites friteuse McCain Tradition - 2,66kg","p":5.97,"u":"2,24 €/KG","img":"https://fd1-photos.leclercdrive.fr/image.ashx?id=2737927&use=l&cat=p&typeid=i","cat":319791},{"id":176040,"n":"Frites friteuse McCain Golden Allumette - 1,080kg","p":2.9,"u":"2,69 €/KG","img":"https://fd1-photos.leclercdrive.fr/image.ashx?id=2737939&use=l&cat=p&typeid=i","cat":319791},{"id":176043,"n":"La Frite Belge McCain 1.080kg","p":3.03,"u":"2,81 €/KG","img":"https://fd1-photos.leclercdrive.fr/image.ashx?id=2737942&use=l&cat=p&typeid=i","cat":319791},{"id":176239,"n":"Gnocchi Lustucru Selection  390g","p":1.72,"u":"4,41 €/KG","img":"https://fd1-photos.leclercdrive.fr/image.ashx?id=2965999&use=l&cat=p&typeid=i","cat":333682},{"id":176295,"n":"Bonbons Ricola  Eucalyptus - 70g","p":1.67,"u":"23,86 €/KG","img":"https://fd1-photos.leclercdrive.fr/image.ashx?id=2647853&use=l&cat=p&typeid=i","cat":304252},{"id":176299,"n":"Biscottes Cracotte LU Fibre - 250g","p":2.17,"u":"8,68 €/KG","img":"https://fd1-photos.leclercdrive.fr/image.ashx?id=2871154&use=l&cat=p&typeid=i","cat":284479},{"id":176384,"n":"Soin Cheveux Magique Elsève Dream Long Embellisseur - 200ml","p":6.96,"u":"34,80 €/L","img":"https://fd1-photos.leclercdrive.fr/image.ashx?id=2439308&use=l&cat=p&typeid=i","cat":284608},{"id":176400,"n":"Gnocchi à poeler Lustucru  Lot de 2 + 1 offert - 900g","p":3.19,"u":"3,54 €/KG","img":"https://fd1-photos.leclercdrive.fr/image.ashx?id=2446671&use=l&cat=p&typeid=i","cat":333682},{"id":176436,"n":"Mini BN Cœur de Lait 175g","p":1.69,"u":"9,66 €/KG","img":"https://fd1-photos.leclercdrive.fr/image.ashx?id=2730484&use=l&cat=p&typeid=i","cat":284489},{"id":176535,"n":"Beurre bio Bio Village  Demi-sel - 80% MG - 250g","p":2.99,"u":"11,96 €/KG","img":"https://fd1-photos.leclercdrive.fr/image.ashx?id=2961719&use=l&cat=p&typeid=i","cat":284379},{"id":176580,"n":"Margarine ProActiv Expert Tartine Doux - 225g","p":2.33,"u":"10,36 €/KG","img":"https://fd1-photos.leclercdrive.fr/image.ashx?id=2352035&use=l&cat=p&typeid=i","cat":315229},{"id":176618,"n":"Whisky breton Bio  Armorik - 70cl - 40°","p":23.5,"pp":21.0,"u":"30,00 €/L","img":"https://fd1-photos.leclercdrive.fr/image.ashx?id=2304509&use=l&cat=p&typeid=i","cat":284547},{"id":176619,"n":"AOP Muscadet Landreau Village 75 cl","p":4.5,"pp":3.6,"u":"4,80 €/L","img":"https://fd1-photos.leclercdrive.fr/image.ashx?id=2793638&use=l&cat=p&typeid=i","cat":289557},{"id":176624,"n":"Chocolat noir Lindt Création Pâte d'Amande - 110g","p":3.49,"u":"31,73 €/KG","img":"https://fd1-photos.leclercdrive.fr/image.ashx?id=2295813&use=l&cat=p&typeid=i","cat":284956},{"id":176677,"n":"Sablés noisettes chocolat Bonne Maman - 150g","p":1.89,"u":"12,60 €/KG","img":"https://fd1-photos.leclercdrive.fr/image.ashx?id=2984386&use=l&cat=p&typeid=i","cat":284488},{"id":176825,"n":"Pizza Jambon fromage 470g","p":8.95,"u":"19,04 €/KG","img":"https://fd1-photos.leclercdrive.fr/image.ashx?id=740163&use=l&cat=p&typeid=i","cat":333679},{"id":176846,"n":"Knacki Original Herta x6 - 210g","p":1.61,"u":"7,67 €/KG","img":"https://fd1-photos.leclercdrive.fr/image.ashx?id=2299070&use=l&cat=p&typeid=i","cat":316012},{"id":176847,"n":"Knacki Original Herta x10 - 350g","p":1.69,"u":"4,83 €/KG","img":"https://fd1-photos.leclercdrive.fr/image.ashx?id=2304111&use=l&cat=p&typeid=i","cat":316012},{"id":176848,"n":"Knacki Original Herta Sans nitrite x6 - 210g","p":2.35,"u":"11,19 €/KG","img":"https://fd1-photos.leclercdrive.fr/image.ashx?id=2299073&use=l&cat=p&typeid=i","cat":316012},{"id":176930,"n":"Burger Moelleux Férial x4 - 440g","p":5.79,"u":"13,16 €/KG","img":"https://fd1-photos.leclercdrive.fr/image.ashx?id=2888410&use=l&cat=p&typeid=i","cat":284332},{"id":176974,"n":"Tablette de chocolat noir Lindt Corsé 70% - 100g","p":2.42,"u":"24,20 €/KG","img":"https://fd1-photos.leclercdrive.fr/image.ashx?id=2299696&use=l&cat=p&typeid=i","cat":284956},{"id":176988,"n":"Bonbon à sucer Ricola Menthol Stévia - 50g","p":1.52,"u":"30,40 €/KG","img":"https://fd1-photos.leclercdrive.fr/image.ashx?id=2382201&use=l&cat=p&typeid=i","cat":304252},{"id":176989,"n":"Bonbon à sucer Ricola Sans sucres -50g","p":1.54,"u":"30,80 €/KG","img":"https://fd1-photos.leclercdrive.fr/image.ashx?id=2382204&use=l&cat=p&typeid=i","cat":304252},{"id":176990,"n":"Bonbon à sucer Ricola Citron melisse stévia - 50g","p":1.51,"u":"30,20 €/KG","img":"https://fd1-photos.leclercdrive.fr/image.ashx?id=2382207&use=l&cat=p&typeid=i","cat":304252},{"id":176993,"n":"Bonbon à sucer Ricola Cassis Stevia - 50g","p":1.58,"u":"31,60 €/KG","img":"https://fd1-photos.leclercdrive.fr/image.ashx?id=2382213&use=l&cat=p&typeid=i","cat":304252},{"id":177003,"n":"Tiramisu au spéculoos Equador 2x100g","p":2.25,"u":"11,25 €/KG","img":"https://fd1-photos.leclercdrive.fr/image.ashx?id=2566691&use=l&cat=p&typeid=i","cat":284419},{"id":177111,"n":"Pralines Raffaello Noix de coco amandes x26 - 260g","p":6.99,"u":"26,88 €/KG","img":"https://fd1-photos.leclercdrive.fr/image.ashx?id=2964030&use=l&cat=p&typeid=i","cat":327595},{"id":177216,"n":"Bière blanche sans alcool 1664 0,0° - 6x25cl","p":5.03,"u":"3,35 €/L","img":"https://fd1-photos.leclercdrive.fr/image.ashx?id=2907890&use=l&cat=p&typeid=i","cat":334877},{"id":177219,"n":"Sorbet Plein Fruit L'Angélys Fraise - 500g","p":5.19,"u":"10,38 €/KG","img":"https://fd1-photos.leclercdrive.fr/image.ashx?id=2963610&use=l&cat=p&typeid=i","cat":284263},{"id":177319,"n":"Boulgour Tipiak 450g","p":1.78,"u":"3,96 €/KG","img":"https://fd1-photos.leclercdrive.fr/image.ashx?id=2766445&use=l&cat=p&typeid=i","cat":284429},{"id":177326,"n":"Polenta Onctueuse  Tipiak - 400g","p":1.38,"u":"3,45 €/KG","img":"https://fd1-photos.leclercdrive.fr/image.ashx?id=2795818&use=l&cat=p&typeid=i","cat":284431},{"id":177366,"n":"Feuille de chêne verte  Bonduelle - 175g","p":2.14,"u":"12,23 €/KG","img":"https://fd1-photos.leclercdrive.fr/image.ashx?id=2894203&use=l&cat=p&typeid=i","cat":284353},{"id":177367,"n":"Coeur de Laitue Bonduelle 280g","p":2.5,"pp":1.65,"u":"5,89 €/KG","img":"https://fd1-photos.leclercdrive.fr/image.ashx?id=2939265&use=l&cat=p&typeid=i","cat":284353},{"id":177369,"n":"Feuille de chêne rouge Bonduelle - 125g","p":1.59,"u":"12,72 €/KG","img":"https://fd1-photos.leclercdrive.fr/image.ashx?id=2939268&use=l&cat=p&typeid=i","cat":284353},{"id":177381,"n":"Bière blonde Ch'ti 6.8% vol. - 75cl","p":2.9,"u":"3,87 €/L","img":"https://fd1-photos.leclercdrive.fr/image.ashx?id=2840169&use=l&cat=p&typeid=i","cat":334852},{"id":177650,"n":"Jambon Le Fumé Fleury Michon Sans nitrite x4 - 140g","p":2.87,"u":"20,50 €/KG","img":"https://fd1-photos.leclercdrive.fr/image.ashx?id=2923948&use=l&cat=p&typeid=i","cat":316009},{"id":177652,"n":"Jambon Label Rouge Fleury Michon sans nitrite x4- 160g","p":3.57,"u":"22,31 €/KG","img":"https://fd1-photos.leclercdrive.fr/image.ashx?id=2923957&use=l&cat=p&typeid=i","cat":316009},{"id":177655,"n":"Blanc de poulet Fleury Michon Doré au Four x6 - 190g","p":1.85,"u":"9,74 €/KG","img":"https://fd1-photos.leclercdrive.fr/image.ashx?id=3004972&use=l&cat=p&typeid=i","cat":316010},{"id":177657,"n":"Blanc de dinde Fleury Michon Doré au Four x4 - 160g","p":1.93,"u":"12,06 €/KG","img":"https://fd1-photos.leclercdrive.fr/image.ashx?id=2816868&use=l&cat=p&typeid=i","cat":316010},{"id":177670,"n":"Crème fraîche entière Yoplait 30%MG - 450g","p":2.0,"u":"4,44 €/KG","img":"https://fd1-photos.leclercdrive.fr/image.ashx?id=2811044&use=l&cat=p&typeid=i","cat":284381},{"id":177672,"n":"Crème fraîche entière Yoplait 30%MG - 190g","p":0.93,"u":"4,89 €/KG","img":"https://fd1-photos.leclercdrive.fr/image.ashx?id=2811041&use=l&cat=p&typeid=i","cat":284381},{"id":177676,"n":"Skyr Yoplait  Nature 0%MG - 8x100G","p":2.99,"u":"3,74 €/KG","img":"https://fd1-photos.leclercdrive.fr/image.ashx?id=2884450&use=l&cat=p&typeid=i","cat":315000},{"id":177677,"n":"Skyr Yoplait  Lit Fruits Rouges 0%MG - 8x100G","p":2.98,"u":"3,73 €/KG","img":"https://fd1-photos.leclercdrive.fr/image.ashx?id=2884453&use=l&cat=p&typeid=i","cat":315000},{"id":177698,"n":"Knacki Original Herta Sans nitrite x4 - 140g","p":1.98,"u":"14,14 €/KG","img":"https://fd1-photos.leclercdrive.fr/image.ashx?id=2309423&use=l&cat=p&typeid=i","cat":316012},{"id":177704,"n":"Knacki Original Herta 100% Porc - 210g","p":2.27,"u":"10,81 €/KG","img":"https://fd1-photos.leclercdrive.fr/image.ashx?id=2309417&use=l&cat=p&typeid=i","cat":316012},{"id":177707,"n":"Mâche Bio Florette 80g","p":2.01,"u":"25,13 €/KG","img":"https://fd1-photos.leclercdrive.fr/image.ashx?id=2844049&use=l&cat=p&typeid=i","cat":284353},{"id":177717,"n":"Bière blonde Ch'ti  6,8° - 33cl","p":1.51,"u":"4,58 €/L","img":"https://fd1-photos.leclercdrive.fr/image.ashx?id=2309615&use=l&cat=p&typeid=i","cat":334873},{"id":177718,"n":"Bière blonde Ch'Ti Originale 6x25cl","p":5.91,"u":"3,94 €/L","img":"https://fd1-photos.leclercdrive.fr/image.ashx?id=2309612&use=l&cat=p&typeid=i","cat":334852},{"id":177787,"n":"Boisson riz Bio Bjorg Sans sucre - 1L","p":2.25,"u":"2,25 €/L","img":"https://fd1-photos.leclercdrive.fr/image.ashx?id=2864471&use=l&cat=p&typeid=i","cat":316067},{"id":177849,"n":"Lessive Sanytol désinfectante fraicheur florale - 1,70L","p":9.16,"u":"5,39 €/L","img":"https://fd1-photos.leclercdrive.fr/image.ashx?id=2902978&use=l&cat=p&typeid=i","cat":284640},{"id":177941,"n":"Courgettes Bio Bio Village Filet - 750g","p":3.99,"u":"5,32 €/KG","img":"https://fd1-photos.leclercdrive.fr/image.ashx?id=2625698&use=l&cat=p&typeid=i","cat":284352},{"id":178074,"n":"Aubergine Bio Bio Village x2","p":2.99,"u":"1,50 €/P","img":"https://fd1-photos.leclercdrive.fr/image.ashx?id=2928333&use=l&cat=p&typeid=i","cat":284352},{"id":178110,"n":"Pizza Dr.Oetker Ristorante Thon - 355g","p":2.59,"u":"7,30 €/KG","img":"https://fd1-photos.leclercdrive.fr/image.ashx?id=2993056&use=l&cat=p&typeid=i","cat":284256},{"id":178111,"n":"Pizza Dr.Oetker Ristorante 4 fromages - 340g","p":2.59,"u":"7,62 €/KG","img":"https://fd1-photos.leclercdrive.fr/image.ashx?id=2993050&use=l&cat=p&typeid=i","cat":284256},{"id":178112,"n":"Pizza Dr.Oetker Ristorante Mozzarella - 335g","p":2.7,"u":"8,06 €/KG","img":"https://fd1-photos.leclercdrive.fr/image.ashx?id=2993062&use=l&cat=p&typeid=i","cat":284256},{"id":178113,"n":"Pizza Dr.Oetker Ristorante  Vegetale aux légumes - 385g","p":2.79,"u":"7,25 €/KG","img":"https://fd1-photos.leclercdrive.fr/image.ashx?id=2993068&use=l&cat=p&typeid=i","cat":284256},{"id":178114,"n":"Pizza Ristorante Dr Oetker Royale - 350g","p":2.87,"u":"8,20 €/KG","img":"https://fd1-photos.leclercdrive.fr/image.ashx?id=2993044&use=l&cat=p&typeid=i","cat":284256},{"id":178144,"n":"Thé glacé MayTea Saveur Pêche - 1,2L","p":1.96,"u":"1,63 €/L","img":"https://fd1-photos.leclercdrive.fr/image.ashx?id=2648661&use=l&cat=p&typeid=i","cat":295019},{"id":178147,"n":"Céréales Trésor Kellogg's Chocolat noisettes - 620g","p":4.35,"u":"7,02 €/KG","img":"https://fd1-photos.leclercdrive.fr/image.ashx?id=2598331&use=l&cat=p&typeid=i","cat":309513},{"id":178161,"n":"Pizza Dr.Oetker Ristorante Jambon salami champignons 345g","p":2.75,"u":"7,97 €/KG","img":"https://fd1-photos.leclercdrive.fr/image.ashx?id=2993059&use=l&cat=p&typeid=i","cat":284256},{"id":178163,"n":"Thé glacé MayTea Saveur Menthe - 1,2L","p":1.95,"u":"1,63 €/L","img":"https://fd1-photos.leclercdrive.fr/image.ashx?id=2648664&use=l&cat=p&typeid=i","cat":295019},{"id":178165,"n":"Crème glacée Nuii  Cookies & Cream - x4 - 268g","p":4.27,"u":"15,93 €/KG","img":"https://fd1-photos.leclercdrive.fr/image.ashx?id=2506816&use=l&cat=p&typeid=i","cat":284265},{"id":178346,"n":"Thé glacé MayTea Saveur Framboise - 1,2L","p":1.95,"u":"1,63 €/L","img":"https://fd1-photos.leclercdrive.fr/image.ashx?id=2643863&use=l&cat=p&typeid=i","cat":295019},{"id":178355,"n":"Hachis Parmentier Fleury Michon à l'Emmental - 300g","p":2.39,"u":"7,97 €/KG","img":"https://fd1-photos.leclercdrive.fr/image.ashx?id=3003248&use=l&cat=p&typeid=i","cat":333665},{"id":178357,"n":"Salade Piémontaise  L'Atelier Traiteur - 300g","p":2.81,"u":"9,37 €/KG","img":"https://fd1-photos.leclercdrive.fr/image.ashx?id=2345649&use=l&cat=p&typeid=i","cat":333657},{"id":178358,"n":"Gratin d'Endives au jambon sans nitrite Fleury michon - 280g","p":3.21,"u":"11,46 €/KG","img":"https://fd1-photos.leclercdrive.fr/image.ashx?id=3003254&use=l&cat=p&typeid=i","cat":333665},{"id":178366,"n":"Museau de porc vinaigrette L'Atelier Traiteur - 300g","p":3.39,"u":"11,30 €/KG","img":"https://fd1-photos.leclercdrive.fr/image.ashx?id=2946475&use=l&cat=p&typeid=i","cat":333657},{"id":178370,"n":"Salade cervelas vinaigrette L'Atelier Traiteur VPF -  300g","p":3.39,"u":"11,30 €/KG","img":"https://fd1-photos.leclercdrive.fr/image.ashx?id=2946472&use=l&cat=p&typeid=i","cat":333657},{"id":178385,"n":"Margarine Proactive Tartine Doux - 450g","p":3.92,"u":"8,71 €/KG","img":"https://fd1-photos.leclercdrive.fr/image.ashx?id=2352032&use=l&cat=p&typeid=i","cat":315229},{"id":178539,"n":"Gel Lavant Bébé Mots d'Enfants 2en1 Bio 750ml","p":3.95,"u":"5,27 €/L","img":"https://fd1-photos.leclercdrive.fr/image.ashx?id=3014305&use=l&cat=p&typeid=i","cat":284740},{"id":178570,"n":"Tomate Cerises Savéol Sans pesticides - 1kg","p":7.99,"u":"7,99 €/KG","img":"https://fd1-photos.leclercdrive.fr/image.ashx?id=2957077&use=l&cat=p&typeid=i","cat":284352},{"id":178572,"n":"Patchs Chauffants Primoplast X2","p":4.99,"u":"2,50 €/P","img":"https://fd1-photos.leclercdrive.fr/image.ashx?id=2856600&use=l&cat=p&typeid=i","cat":284630},{"id":178620,"n":"Dentifrice L'Arbre Vert Bien-être - 75ml","p":2.57,"u":"34,27 €/L","img":"https://fd1-photos.leclercdrive.fr/image.ashx?id=2892808&use=l&cat=p&typeid=i","cat":284612},{"id":178622,"n":"Gel douche Naturé Moi relaxant Fleur de cerisier - 500ml","p":4.58,"u":"9,16 €/L","img":"https://fd1-photos.leclercdrive.fr/image.ashx?id=2849487&use=l&cat=p&typeid=i","cat":284594},{"id":178625,"n":"Recharge gel douche Sanex Zéro% Tous types de peaux - 500ml","p":3.01,"u":"6,02 €/L","img":"https://fd1-photos.leclercdrive.fr/image.ashx?id=2859986&use=l&cat=p&typeid=i","cat":284594},{"id":178729,"n":"Liniment Mots d'enfants Bio - 500g","p":4.05,"u":"8,10 €/L","img":"https://fd1-photos.leclercdrive.fr/image.ashx?id=3014302&use=l&cat=p&typeid=i","cat":284741},{"id":178777,"n":"Taboulé poulet  L'Atelier Traiteur - 300g","p":2.85,"u":"9,50 €/KG","img":"https://fd1-photos.leclercdrive.fr/image.ashx?id=2861881&use=l&cat=p&typeid=i","cat":333657},{"id":178785,"n":"Salade Caesar L'Atelier Traiteur - 300g","p":3.19,"u":"10,63 €/KG","img":"https://fd1-photos.leclercdrive.fr/image.ashx?id=2323255&use=l&cat=p&typeid=i","cat":333657},{"id":178791,"n":"Huile d'olive Terra Delyssa Bio - 75cl","p":9.88,"u":"13,17 €/L","img":"https://fd1-photos.leclercdrive.fr/image.ashx?id=2736847&use=l&cat=p&typeid=i","cat":284453},{"id":178793,"n":"Salade Strasbourgeoise L'Atelier Traiteur - 300g","p":2.99,"u":"9,97 €/KG","img":"https://fd1-photos.leclercdrive.fr/image.ashx?id=2680560&use=l&cat=p&typeid=i","cat":333657},{"id":178796,"n":"Céleri Rémoulade L'Atelier Traiteur - 300g","p":1.94,"u":"6,47 €/KG","img":"https://fd1-photos.leclercdrive.fr/image.ashx?id=2345631&use=l&cat=p&typeid=i","cat":333657},{"id":178797,"n":"Carottes râpées aux agrumes L'Atelier Traiteur - 300g","p":1.71,"u":"5,70 €/KG","img":"https://fd1-photos.leclercdrive.fr/image.ashx?id=2345634&use=l&cat=p&typeid=i","cat":333657},{"id":178798,"n":"Taboulé à l'Oriental L'Atelier Traiteur - 300g","p":1.94,"u":"6,47 €/KG","img":"https://fd1-photos.leclercdrive.fr/image.ashx?id=2345637&use=l&cat=p&typeid=i","cat":333657},{"id":178799,"n":"Mini penne Thon MSC Tomates L'Atelier Traiteur - 300g","p":3.49,"u":"11,63 €/KG","img":"https://fd1-photos.leclercdrive.fr/image.ashx?id=2345643&use=l&cat=p&typeid=i","cat":333657},{"id":178800,"n":"Trio Chou Jambon Comté L'Atelier Traiteur - 300g","p":3.49,"u":"11,63 €/KG","img":"https://fd1-photos.leclercdrive.fr/image.ashx?id=2345646&use=l&cat=p&typeid=i","cat":333657},{"id":178844,"n":"Tampon Tampax Compak Avec applicateur - Super - x24","p":3.03,"u":"0,13 €/P","img":"https://fd1-photos.leclercdrive.fr/image.ashx?id=2850246&use=l&cat=p&typeid=i","cat":284626},{"id":178845,"n":"Tampons Tampax Compak  Avec applicateur - Super+ - x22","p":3.02,"u":"0,14 €/P","img":"https://fd1-photos.leclercdrive.fr/image.ashx?id=2850405&use=l&cat=p&typeid=i","cat":284626},{"id":178897,"n":"Bière rouge Kwak 8% - 75cl","p":4.6,"u":"6,13 €/L","img":"https://fd1-photos.leclercdrive.fr/image.ashx?id=2548318&use=l&cat=p&typeid=i","cat":334872},{"id":178899,"n":"Bière blonde Kwak 7,4% - 75cl","p":4.6,"u":"6,13 €/L","img":"https://fd1-photos.leclercdrive.fr/image.ashx?id=2548321&use=l&cat=p&typeid=i","cat":334872},{"id":178948,"n":"Gâteau Savane Brossard Tout chocolat pocket x7 210g","p":2.38,"u":"11,33 €/KG","img":"https://fd1-photos.leclercdrive.fr/image.ashx?id=2870728&use=l&cat=p&typeid=i","cat":294776},{"id":178949,"n":"Gâteau Savane Brossard Max Barr' Pocket x7 - 210g","p":2.25,"u":"10,71 €/KG","img":"https://fd1-photos.leclercdrive.fr/image.ashx?id=2870731&use=l&cat=p&typeid=i","cat":294776},{"id":178951,"n":"Sacs poubelle Handy Bag   Ultra résistant 50L - x10","p":2.65,"u":"0,27 €/P","img":"https://fd1-photos.leclercdrive.fr/image.ashx?id=2918970&use=l&cat=p&typeid=i","cat":285168},{"id":178954,"n":"Mouchoirs Family Kleenex® Boîte x128","p":1.75,"u":"0,01 €/P","img":"https://fd1-photos.leclercdrive.fr/image.ashx?id=3009017&use=l&cat=p&typeid=i","cat":284638},{"id":178977,"n":"Bûche de Chèvre Soignon  120g","p":1.68,"u":"14,00 €/KG","img":"https://fd1-photos.leclercdrive.fr/image.ashx?id=2676717&use=l&cat=p&typeid=i","cat":314031},{"id":179002,"n":"Préservatifs Durex Confort Essential Confiance x24","p":7.72,"u":"0,32 €/P","img":"https://fd1-photos.leclercdrive.fr/image.ashx?id=2962029&use=l&cat=p&typeid=i","cat":284631},{"id":179010,"n":"Cheddar Cathedral City Extra mature - 200g","p":4.08,"u":"20,40 €/KG","img":"https://fd1-photos.leclercdrive.fr/image.ashx?id=2461210&use=l&cat=p&typeid=i","cat":314034},{"id":179012,"n":"Beurre gastronomique Président Demi-sel - 80% MG - 125g","p":1.66,"u":"13,28 €/KG","img":"https://fd1-photos.leclercdrive.fr/image.ashx?id=2653489&use=l&cat=p&typeid=i","cat":284379},{"id":179025,"n":"Sacs poubelle 30L Handy Bag Ultra résistant - x20","p":2.7,"u":"0,14 €/P","img":"https://fd1-photos.leclercdrive.fr/image.ashx?id=2603800&use=l&cat=p&typeid=i","cat":285168},{"id":179026,"n":"Sacs poubelle 50L Handy Bag Ultra résistant - x10","p":2.1,"u":"0,21 €/P","img":"https://fd1-photos.leclercdrive.fr/image.ashx?id=2906730&use=l&cat=p&typeid=i","cat":285168},{"id":179027,"n":"Sacs poubelle 30L Handy Bag Ultra résistant - x15","p":2.52,"u":"0,17 €/P","img":"https://fd1-photos.leclercdrive.fr/image.ashx?id=2992278&use=l&cat=p&typeid=i","cat":285168},{"id":179028,"n":"Gel douche Sanex zéro 0% Peaux normales - 725ml","p":4.63,"u":"6,39 €/L","img":"https://fd1-photos.leclercdrive.fr/image.ashx?id=2685540&use=l&cat=p&typeid=i","cat":284594},{"id":179029,"n":"Sacs poubelle 30L Handy Bag Dévor odeur Ultra Résistant-x12","p":3.99,"img":"https://fd1-photos.leclercdrive.fr/image.ashx?id=2906724&use=l&cat=p&typeid=i","cat":285168},{"id":179030,"n":"Sacs poubelle 30L Handy Bag Ultra résistant - x15","p":2.87,"u":"0,19 €/P","img":"https://fd1-photos.leclercdrive.fr/image.ashx?id=2633145&use=l&cat=p&typeid=i","cat":285168},{"id":179031,"n":"Gel douche Sanex zéro 0% Peaux normales - 475ml","p":3.14,"u":"6,61 €/L","img":"https://fd1-photos.leclercdrive.fr/image.ashx?id=2648851&use=l&cat=p&typeid=i","cat":284594},{"id":179032,"n":"Sac poubelle 50L Handy Bag Fixation élastique x10","p":3.78,"u":"0,08 €/L","img":"https://fd1-photos.leclercdrive.fr/image.ashx?id=2906721&use=l&cat=p&typeid=i","cat":285168},{"id":179036,"n":"Sacs poubelle 100L Handy Bag Jardin - x10","p":6.95,"u":"0,70 €/P","img":"https://fd1-photos.leclercdrive.fr/image.ashx?id=2906712&use=l&cat=p&typeid=i","cat":285168},{"id":179040,"n":"Zipper 3L Albal  8 sacs","p":2.42,"img":"https://fd1-photos.leclercdrive.fr/image.ashx?id=2929062&use=l&cat=p&typeid=i","cat":334134},{"id":179041,"n":"Ultra ZIP moyen modèle Albal  15 sacs","p":3.03,"img":"https://fd1-photos.leclercdrive.fr/image.ashx?id=2929068&use=l&cat=p&typeid=i","cat":334134},{"id":179056,"n":"Dentifrice Signal Integral 8  Fraîcheur et détox -75ml","p":1.78,"u":"23,73 €/L","img":"https://fd1-photos.leclercdrive.fr/image.ashx?id=2960228&use=l&cat=p&typeid=i","cat":284612},{"id":179072,"n":"Mascara Maybelline Colossal Very black","p":9.19,"img":"https://fd1-photos.leclercdrive.fr/image.ashx?id=2321959&use=l&cat=p&typeid=i","cat":287029},{"id":179076,"n":"Smoothie Pink True Fruits 75cl","p":3.91,"u":"5,21 €/L","img":"https://fd1-photos.leclercdrive.fr/image.ashx?id=2871085&use=l&cat=p&typeid=i","cat":285435},{"id":179087,"n":"Liquide Vaisselle Paic Citron - 750ml","p":1.7,"u":"2,27 €/L","img":"https://fd1-photos.leclercdrive.fr/image.ashx?id=2322835&use=l&cat=p&typeid=i","cat":284655},{"id":179088,"n":"Liquide Vaisselle Paic Citron Vert - 750ml","p":1.7,"u":"2,27 €/L","img":"https://fd1-photos.leclercdrive.fr/image.ashx?id=2322838&use=l&cat=p&typeid=i","cat":284655},{"id":179103,"n":"Chouchen fermier 12% - 75cl","p":8.22,"u":"10,96 €/L","img":"https://fd1-photos.leclercdrive.fr/image.ashx?id=2324993&use=l&cat=p&typeid=i","cat":284913},{"id":179104,"n":"Chouchen tradition 14% - 75cl","p":8.1,"u":"10,80 €/L","img":"https://fd1-photos.leclercdrive.fr/image.ashx?id=2324996&use=l&cat=p&typeid=i","cat":284913},{"id":179256,"n":"Jus Ocean Spray Classic  Cranberry - 1L","p":1.99,"u":"1,99 €/L","img":"https://fd1-photos.leclercdrive.fr/image.ashx?id=2324021&use=l&cat=p&typeid=i","cat":284915},{"id":179263,"n":"Sérum de nuit L'Oréal Paris Age Perfect anti-âge - 30ml","p":11.97,"pp":7.9,"u":"263,33 €/L","img":"https://fd1-photos.leclercdrive.fr/image.ashx?id=2867536&use=l&cat=p&typeid=i","cat":325345},{"id":179301,"n":"Eau Micellaire Garnier Peaux Sèches, Sensibles - 400ml","p":3.08,"u":"7,70 €/L","img":"https://fd1-photos.leclercdrive.fr/image.ashx?id=2323637&use=l&cat=p&typeid=i","cat":284603},{"id":179326,"n":"Gel douche Sanex Zéro 0% Peaux sèches - 475ml","p":3.17,"u":"6,67 €/L","img":"https://fd1-photos.leclercdrive.fr/image.ashx?id=2692857&use=l&cat=p&typeid=i","cat":284594},{"id":179352,"n":"Eco recharge gel douche Sanex 0% Peaux sèches - 500ml","p":3.42,"u":"6,84 €/L","img":"https://fd1-photos.leclercdrive.fr/image.ashx?id=2866199&use=l&cat=p&typeid=i","cat":284594},{"id":179374,"n":"Champagne Germain Président Rosé - 75cl","p":28.5,"u":"38,00 €/L","img":"https://fd1-photos.leclercdrive.fr/image.ashx?id=2999255&use=l&cat=p&typeid=i","cat":284542},{"id":179382,"n":"Crème nutritive SO'BiO étic bio Argan Peaux matures - 50ml","p":13.24,"u":"264,80 €/L","img":"https://fd1-photos.leclercdrive.fr/image.ashx?id=2775628&use=l&cat=p&typeid=i","cat":325345},{"id":179397,"n":"Dentifrice Colgate Soin complet - 75ml","p":2.35,"u":"31,33 €/L","img":"https://fd1-photos.leclercdrive.fr/image.ashx?id=2625269&use=l&cat=p&typeid=i","cat":284612},{"id":179408,"n":"Sacs poubelle 20L Handy Bag Ultra résistant - x15","p":3.25,"u":"0,22 €/P","img":"https://fd1-photos.leclercdrive.fr/image.ashx?id=2596317&use=l&cat=p&typeid=i","cat":285168},{"id":179409,"n":"Sacs poubelle 20/30L Handy Bag Poubelle haute - x15","p":3.7,"u":"0,25 €/P","img":"https://fd1-photos.leclercdrive.fr/image.ashx?id=2617066&use=l&cat=p&typeid=i","cat":285168},{"id":179410,"n":"Sac multi-usages Zipper Albal Petit modèle - 12 sacs","p":2.18,"u":"0,18 €/P","img":"https://fd1-photos.leclercdrive.fr/image.ashx?id=2929065&use=l&cat=p&typeid=i","cat":334134},{"id":179411,"n":"Sac congélation Ultra-Zip Petit modèle - 20 sacs","p":2.58,"u":"0,13 €/P","img":"https://fd1-photos.leclercdrive.fr/image.ashx?id=2929071&use=l&cat=p&typeid=i","cat":334134},{"id":179413,"n":"Piles Alcalines Energizer Max 9V - pack de 2","p":11.64,"img":"https://fd1-photos.leclercdrive.fr/image.ashx?id=2850713&use=l&cat=p&typeid=i","cat":300572},{"id":179415,"n":"Pile Alcalines Energizer Max Plus AA/LR6 - x4","p":6.75,"img":"https://fd1-photos.leclercdrive.fr/image.ashx?id=2393365&use=l&cat=p&typeid=i","cat":300572},{"id":179416,"n":"Pile Alcalines Energizer Max Plus AAA/LR03 - x4","p":4.98,"img":"https://fd1-photos.leclercdrive.fr/image.ashx?id=2393368&use=l&cat=p&typeid=i","cat":300572},{"id":179417,"n":"Pile Alcalines Energizer  Max AA/LR6 - x6","p":7.2,"img":"https://fd1-photos.leclercdrive.fr/image.ashx?id=2737198&use=l&cat=p&typeid=i","cat":300572},{"id":179431,"n":"Brioche Pitch Chocolat x8 - 300g","p":1.82,"u":"6,07 €/KG","img":"https://fd1-photos.leclercdrive.fr/image.ashx?id=2452119&use=l&cat=p&typeid=i","cat":293505},{"id":179432,"n":"Brioches Pitch Fraise x8 - 300g","p":1.89,"u":"6,30 €/KG","img":"https://fd1-photos.leclercdrive.fr/image.ashx?id=2452116&use=l&cat=p&typeid=i","cat":293505},{"id":179433,"n":"Brioche Pitch Chocolat au lait x8 - 300g","p":2.15,"u":"7,17 €/KG","img":"https://fd1-photos.leclercdrive.fr/image.ashx?id=2452113&use=l&cat=p&typeid=i","cat":293505},{"id":179437,"n":"Brioches Pitch Pépites chocolat x8 - 300g","p":1.99,"u":"6,63 €/KG","img":"https://fd1-photos.leclercdrive.fr/image.ashx?id=2452107&use=l&cat=p&typeid=i","cat":293505},{"id":179439,"n":"Brioches Pitch Choco barre noir x8-  300g","p":2.88,"u":"9,60 €/KG","img":"https://fd1-photos.leclercdrive.fr/image.ashx?id=2452101&use=l&cat=p&typeid=i","cat":293505},{"id":179440,"n":"Brioches Pitch  Choco barre lait x8 - 300g","p":2.29,"u":"7,63 €/KG","img":"https://fd1-photos.leclercdrive.fr/image.ashx?id=2454115&use=l&cat=p&typeid=i","cat":293505},{"id":179443,"n":"Brioches Pitch Crousti x8 - 300g","p":2.78,"u":"9,27 €/KG","img":"https://fd1-photos.leclercdrive.fr/image.ashx?id=2454109&use=l&cat=p&typeid=i","cat":293505},{"id":179487,"n":"Gel douche Sanex Zéro 0% Peaux sèches - 2x475ml","p":6.3,"u":"6,63 €/L","img":"https://fd1-photos.leclercdrive.fr/image.ashx?id=2676921&use=l&cat=p&typeid=i","cat":284594},{"id":179488,"n":"Gel douche Sanex Zéro 0% Peaux normales - 2x475ml","p":6.3,"u":"6,63 €/L","img":"https://fd1-photos.leclercdrive.fr/image.ashx?id=2676924&use=l&cat=p&typeid=i","cat":284594},{"id":179524,"n":"Jambon Fleury Michon Label  Rouge sans nitrite x2 - 80g","p":2.22,"u":"27,75 €/KG","img":"https://fd1-photos.leclercdrive.fr/image.ashx?id=2923954&use=l&cat=p&typeid=i","cat":316009},{"id":179533,"n":"Soda Fanta citron  bouteille - 1.25L","p":1.65,"u":"1,32 €/L","img":"https://fd1-photos.leclercdrive.fr/image.ashx?id=2659394&use=l&cat=p&typeid=i","cat":284532},{"id":179645,"n":"Limonade double zest Lorina Bouteille - 1,25L","p":1.29,"u":"1,03 €/L","img":"https://fd1-photos.leclercdrive.fr/image.ashx?id=2723836&use=l&cat=p&typeid=i","cat":284531},{"id":179652,"n":"Champagne Nicolas Feuillatte Demi-sec 12%vol - 75cl","p":22.35,"u":"29,80 €/L","img":"https://fd1-photos.leclercdrive.fr/image.ashx?id=2504797&use=l&cat=p&typeid=i","cat":284542},{"id":179669,"n":"Liquide vaisselle Paic Citron - 1,5L","p":2.76,"u":"1,84 €/L","img":"https://fd1-photos.leclercdrive.fr/image.ashx?id=2328673&use=l&cat=p&typeid=i","cat":284655},{"id":179673,"n":"Blocs WC Ball Syphon Tropical - x2","p":2.32,"u":"1,16 €/P","img":"https://fd1-photos.leclercdrive.fr/image.ashx?id=2925723&use=l&cat=p&typeid=i","cat":284662},{"id":179772,"n":"Rhum blanc Damoiseau Agricole - 40° - 2L","p":30.25,"u":"15,13 €/L","img":"https://fd1-photos.leclercdrive.fr/image.ashx?id=2333186&use=l&cat=p&typeid=i","cat":284550},{"id":179860,"n":"Glaces Kinder Bueno noisettes chocolat lait x4 248g","p":3.9,"u":"15,73 €/KG","img":"https://fd1-photos.leclercdrive.fr/image.ashx?id=2759068&use=l&cat=p&typeid=i","cat":284264},{"id":179961,"n":"Haricots verts Jardin Bio Etic Bio - sans sel ajouté - 185g","p":2.81,"u":"15,19 €/KG","img":"https://fd1-photos.leclercdrive.fr/image.ashx?id=2835421&use=l&cat=p&typeid=i","cat":312606},{"id":179967,"n":"Beurre de cacahuete Jardin Bio Bio - Creamy - 500g","p":6.43,"u":"12,86 €/KG","img":"https://fd1-photos.leclercdrive.fr/image.ashx?id=2926503&use=l&cat=p&typeid=i","cat":284481},{"id":179970,"n":"Thé noir bio Jardin Bio Etic Fruits rouges x20 - 28g","p":3.07,"u":"109,64 €/KG","img":"https://fd1-photos.leclercdrive.fr/image.ashx?id=2419089&use=l&cat=p&typeid=i","cat":293233},{"id":179976,"n":"Chocolat noir Lindt Excellence 28 bouchées - 154g","p":5.01,"u":"32,53 €/KG","img":"https://fd1-photos.leclercdrive.fr/image.ashx?id=2425592&use=l&cat=p&typeid=i","cat":284499},{"id":179985,"n":"Bière ambrée Ch'ti   6,2°  -75cl","p":3.29,"u":"4,39 €/L","img":"https://fd1-photos.leclercdrive.fr/image.ashx?id=2329473&use=l&cat=p&typeid=i","cat":334852},{"id":179996,"n":"Boisson arômatisée à base de Vin désacoolisé - 75cl","p":2.99,"u":"3,99 €/L","img":"https://fd1-photos.leclercdrive.fr/image.ashx?id=2825221&use=l&cat=p&typeid=i","cat":284549},{"id":180024,"n":"Tablette de chocolat noir Lindt Noisette caramel - 100g","p":2.39,"u":"23,90 €/KG","img":"https://fd1-photos.leclercdrive.fr/image.ashx?id=2881296&use=l&cat=p&typeid=i","cat":284956},{"id":180030,"n":"Sauce Crudités Bénédicta Nature - 735g","p":3.27,"u":"4,45 €/KG","img":"https://fd1-photos.leclercdrive.fr/image.ashx?id=2549777&use=l&cat=p&typeid=i","cat":284456},{"id":180041,"n":"Chips Tuiles Pringles Paprika - 175g","p":1.74,"u":"9,94 €/KG","img":"https://fd1-photos.leclercdrive.fr/image.ashx?id=2902301&use=l&cat=p&typeid=i","cat":287899},{"id":180061,"n":"Thé vert bio Bio village  36g","p":1.33,"u":"36,94 €/KG","img":"https://fd1-photos.leclercdrive.fr/image.ashx?id=2983853&use=l&cat=p&typeid=i","cat":293233},{"id":180065,"n":"Rillettes de thon Petit Navire 125g","p":1.81,"u":"14,48 €/KG","img":"https://fd1-photos.leclercdrive.fr/image.ashx?id=2533388&use=l&cat=p&typeid=i","cat":303867},{"id":180069,"n":"Rillettes au saumon  Petit Navire - 125g","p":1.64,"u":"13,12 €/KG","img":"https://fd1-photos.leclercdrive.fr/image.ashx?id=2533391&use=l&cat=p&typeid=i","cat":305147},{"id":180074,"n":"Fond de veau Maggi - 240g","p":3.57,"u":"14,88 €/KG","img":"https://fd1-photos.leclercdrive.fr/image.ashx?id=2918047&use=l&cat=p&typeid=i","cat":288379},{"id":180079,"n":"Biscuits chocolats Kinder Duo Chocolat blanc et lait - 150g","p":2.06,"u":"13,73 €/KG","img":"https://fd1-photos.leclercdrive.fr/image.ashx?id=2959127&use=l&cat=p&typeid=i","cat":284488},{"id":180110,"n":"Chocolat noir Lindt Excellence Fleur de sel et Lait x28 - 154g","p":5.21,"u":"33,83 €/KG","img":"https://fd1-photos.leclercdrive.fr/image.ashx?id=2329765&use=l&cat=p&typeid=i","cat":284499},{"id":180118,"n":"Mais d'aucy  Bio - 2x140g","p":1.71,"u":"6,11 €/KG","img":"https://fd1-photos.leclercdrive.fr/image.ashx?id=2651825&use=l&cat=p&typeid=i","cat":312611},{"id":180121,"n":"Riz curry et poulet individuel William Saurin - 300g","p":2.69,"u":"8,97 €/KG","img":"https://fd1-photos.leclercdrive.fr/image.ashx?id=2335184&use=l&cat=p&typeid=i","cat":284953},{"id":180150,"n":"Crème de coco - brique de 400ml","p":2.52,"u":"6,30 €/L","img":"https://fd1-photos.leclercdrive.fr/image.ashx?id=2906901&use=l&cat=p&typeid=i","cat":288992},{"id":180153,"n":"Gâche des gourmands tranchée La Fournée dorée - 450g","p":2.19,"u":"4,87 €/KG","img":"https://fd1-photos.leclercdrive.fr/image.ashx?id=2424557&use=l&cat=p&typeid=i","cat":284478},{"id":180157,"n":"Gelée de Groseilles Bonne Maman - 370g","p":1.86,"u":"5,03 €/KG","img":"https://fd1-photos.leclercdrive.fr/image.ashx?id=2482975&use=l&cat=p&typeid=i","cat":284480},{"id":180171,"n":"Olives Tramier apéro  farcies Poivron - 130g","p":2.95,"u":"22,69 €/KG","img":"https://fd1-photos.leclercdrive.fr/image.ashx?id=2648899&use=l&cat=p&typeid=i","cat":284450},{"id":180173,"n":"Pâté de foie Hénaff supérieur  sel de Guérande - 3x78g","p":2.11,"u":"9,02 €/KG","img":"https://fd1-photos.leclercdrive.fr/image.ashx?id=2582132&use=l&cat=p&typeid=i","cat":305149},{"id":180178,"n":"Quenelles de brochet  Petit Jean - 400g","p":1.99,"u":"4,98 €/KG","img":"https://fd1-photos.leclercdrive.fr/image.ashx?id=2677228&use=l&cat=p&typeid=i","cat":284441},{"id":180179,"n":"Sauce tomate aux champignons  Panzani Bolets et cèpes - 210g","p":1.42,"u":"6,76 €/KG","img":"https://fd1-photos.leclercdrive.fr/image.ashx?id=2880676&use=l&cat=p&typeid=i","cat":299047},{"id":180180,"n":"Ramen Tanoshi saveur boeuf nouilles japonaises - 360g","p":2.78,"u":"7,72 €/KG","img":"https://fd1-photos.leclercdrive.fr/image.ashx?id=2922974&use=l&cat=p&typeid=i","cat":288992},{"id":180181,"n":"Sardines à l'huile d'olive Connétable - 135g","p":2.66,"u":"19,70 €/KG","img":"https://fd1-photos.leclercdrive.fr/image.ashx?id=2762115&use=l&cat=p&typeid=i","cat":305146},{"id":180182,"n":"Sardines Connétable huile  d'olive piment de Cayenne -135g","p":2.71,"u":"20,07 €/KG","img":"https://fd1-photos.leclercdrive.fr/image.ashx?id=2902714&use=l&cat=p&typeid=i","cat":305146},{"id":180187,"n":"Sauce Pesto Tomates Basilic Panzani - 200G","p":1.64,"u":"8,20 €/KG","img":"https://fd1-photos.leclercdrive.fr/image.ashx?id=2977930&use=l&cat=p&typeid=i","cat":287599},{"id":180192,"n":"Sucre en grains Béghin Say doypack - 350g","p":2.37,"u":"6,77 €/KG","img":"https://fd1-photos.leclercdrive.fr/image.ashx?id=2866358&use=l&cat=p&typeid=i","cat":284502},{"id":180193,"n":"Soupe déshydratée Knorr Cèpes  champignons  - 75cl","p":1.84,"u":"20,22 €/KG","img":"https://fd1-photos.leclercdrive.fr/image.ashx?id=2790318&use=l&cat=p&typeid=i","cat":284463},{"id":180196,"n":"Brioches Pitch  Pomme poire - x8 - 300g","p":2.11,"u":"7,03 €/KG","img":"https://fd1-photos.leclercdrive.fr/image.ashx?id=2454100&use=l&cat=p&typeid=i","cat":293505},{"id":180197,"n":"Langue Pik Haribo Sachet bonbons acidulés - 180g","p":1.59,"u":"8,83 €/KG","img":"https://fd1-photos.leclercdrive.fr/image.ashx?id=2984949&use=l&cat=p&typeid=i","cat":304250},{"id":180198,"n":"Thé noir Tetley English  breakfast x100 - 200 g","p":4.73,"u":"23,65 €/KG","img":"https://fd1-photos.leclercdrive.fr/image.ashx?id=2647182&use=l&cat=p&typeid=i","cat":293233},{"id":180201,"n":"Thé Earl Grey Twinings 50 sachets - 100g","p":3.95,"u":"39,50 €/KG","img":"https://fd1-photos.leclercdrive.fr/image.ashx?id=2893018&use=l&cat=p&typeid=i","cat":293233},{"id":180202,"n":"Purée de tomate Panzani Tomacouli ail & herbes - 500g","p":1.51,"u":"3,02 €/KG","img":"https://fd1-photos.leclercdrive.fr/image.ashx?id=2890610&use=l&cat=p&typeid=i","cat":288384},{"id":180204,"n":"Nouilles instantanées Tanoshi Blé bœuf - sachet 85g","p":0.81,"u":"9,53 €/KG","img":"https://fd1-photos.leclercdrive.fr/image.ashx?id=2955791&use=l&cat=p&typeid=i","cat":288992},{"id":180206,"n":"Haricots verts et beurre bio Extra fins Jardin Bio-400g","p":3.84,"u":"9,60 €/KG","img":"https://fd1-photos.leclercdrive.fr/image.ashx?id=2534848&use=l&cat=p&typeid=i","cat":312606},{"id":180210,"n":"Thé vert Tetley x100 - 150g","p":5.13,"u":"34,20 €/KG","img":"https://fd1-photos.leclercdrive.fr/image.ashx?id=2330700&use=l&cat=p&typeid=i","cat":293233},{"id":180218,"n":"Pâté de campagne Hénaff sel de Guérande - 3x78g","p":2.15,"u":"9,19 €/KG","img":"https://fd1-photos.leclercdrive.fr/image.ashx?id=2663878&use=l&cat=p&typeid=i","cat":305149},{"id":180219,"n":"Terrine forestière campagne confit de foie Hénaff- 3x180g","p":5.41,"u":"10,02 €/KG","img":"https://fd1-photos.leclercdrive.fr/image.ashx?id=3005098&use=l&cat=p&typeid=i","cat":305149},{"id":180221,"n":"Tortilla Pops Na! Finement salé - 80g","p":1.93,"u":"24,13 €/KG","img":"https://fd1-photos.leclercdrive.fr/image.ashx?id=2647844&use=l&cat=p&typeid=i","cat":287899},{"id":180225,"n":"Rice Crackers N.A Fromage - 85g","p":1.75,"u":"20,59 €/KG","img":"https://fd1-photos.leclercdrive.fr/image.ashx?id=2354923&use=l&cat=p&typeid=i","cat":297000},{"id":180246,"n":"Couscous moyen Ferrero Bio - 800g","p":3.18,"u":"3,98 €/KG","img":"https://fd1-photos.leclercdrive.fr/image.ashx?id=2869558&use=l&cat=p&typeid=i","cat":284429},{"id":180302,"n":"Biscuits Palmier St Michel  au beurre - 87g","p":1.15,"u":"13,22 €/KG","img":"https://fd1-photos.leclercdrive.fr/image.ashx?id=2555379&use=l&cat=p&typeid=i","cat":284487},{"id":180317,"n":"Pistaches non salées Tokapi 125g","p":2.33,"u":"18,64 €/KG","img":"https://fd1-photos.leclercdrive.fr/image.ashx?id=2793302&use=l&cat=p&typeid=i","cat":284448},{"id":180321,"n":"Palmiers feuilletés Tokapi olive - 75g","p":1.84,"u":"24,53 €/KG","img":"https://fd1-photos.leclercdrive.fr/image.ashx?id=2331243&use=l&cat=p&typeid=i","cat":297000},{"id":180325,"n":"Palmiers feuilletés Tokapi  tomate épicée - 75g","p":1.85,"u":"24,67 €/KG","img":"https://fd1-photos.leclercdrive.fr/image.ashx?id=2330963&use=l&cat=p&typeid=i","cat":297000},{"id":180330,"n":"Rice Crackers N.A Sel de mer - 85g","p":1.59,"u":"18,71 €/KG","img":"https://fd1-photos.leclercdrive.fr/image.ashx?id=2339757&use=l&cat=p&typeid=i","cat":297000},{"id":180333,"n":"Grignot' cacahuètes Tokapi - 140g","p":0.99,"u":"7,07 €/KG","img":"https://fd1-photos.leclercdrive.fr/image.ashx?id=2331066&use=l&cat=p&typeid=i","cat":284449},{"id":180335,"n":"Chocolat noir Poulain extra-fin à cuisiner - 2x180g","p":3.75,"u":"10,42 €/KG","img":"https://fd1-photos.leclercdrive.fr/image.ashx?id=2986672&use=l&cat=p&typeid=i","cat":284956},{"id":180340,"n":"Lait bébé 1A GUIGOZ OPTIPRO  0-6 mois - 2x600g","p":20.67,"u":"17,23 €/KG","img":"https://fd1-photos.leclercdrive.fr/image.ashx?id=2846147&use=l&cat=p&typeid=i","cat":284726},{"id":180344,"n":"Fromage enfant Mini Babybel 6 portions goûter - 132g","p":2.31,"u":"17,50 €/KG","img":"https://fd1-photos.leclercdrive.fr/image.ashx?id=2970822&use=l&cat=p&typeid=i","cat":314030},{"id":180345,"n":"Fromage enfant Mini Babybel 12 portions goûter - 264g","p":4.32,"u":"16,36 €/KG","img":"https://fd1-photos.leclercdrive.fr/image.ashx?id=2970825&use=l&cat=p&typeid=i","cat":314030},{"id":180348,"n":"Rondelles de cornichons Rustica aigres doux - 185g","p":1.6,"u":"8,65 €/KG","img":"https://fd1-photos.leclercdrive.fr/image.ashx?id=2916725&use=l&cat=p&typeid=i","cat":284458},{"id":180350,"n":"Vinaigre d'alcool Bio Village  blanc 8% Bio - 1L","p":1.05,"u":"1,05 €/L","img":"https://fd1-photos.leclercdrive.fr/image.ashx?id=2869528&use=l&cat=p&typeid=i","cat":325365},{"id":180352,"n":"Friandises chat Sheba Creamy snacks saumon - 4x12g","p":2.9,"u":"60,42 €/KG","img":"https://fd1-photos.leclercdrive.fr/image.ashx?id=2331150&use=l&cat=p&typeid=i","cat":285285},{"id":180360,"n":"Tablette de chocolat noir Lindt Sel rose de l'Himalaya - 100g","p":2.73,"u":"27,30 €/KG","img":"https://fd1-photos.leclercdrive.fr/image.ashx?id=2750393&use=l&cat=p&typeid=i","cat":284956},{"id":180362,"n":"Chocolat au lait Lindt Nougat amandes - 150g","p":4.19,"u":"27,93 €/KG","img":"https://fd1-photos.leclercdrive.fr/image.ashx?id=2331165&use=l&cat=p&typeid=i","cat":284497},{"id":180370,"n":"Tablette de chocolat Lindt Orange sanguine de Sicile 100g","p":2.73,"u":"27,30 €/KG","img":"https://fd1-photos.leclercdrive.fr/image.ashx?id=2689508&use=l&cat=p&typeid=i","cat":284956},{"id":180378,"n":"Chocolat au lait Bio Village  Noisettes Bio - 200g","p":3.55,"u":"17,75 €/KG","img":"https://fd1-photos.leclercdrive.fr/image.ashx?id=2649677&use=l&cat=p&typeid=i","cat":284497},{"id":180391,"n":"Bonbons Lutti Fili Dooo XL Fraise - 180g","p":1.59,"u":"8,83 €/KG","img":"https://fd1-photos.leclercdrive.fr/image.ashx?id=2817449&use=l&cat=p&typeid=i","cat":304250},{"id":180395,"n":"Dragées M&M'S chocolat caramel salé - 176g","p":2.63,"u":"14,94 €/KG","img":"https://fd1-photos.leclercdrive.fr/image.ashx?id=2331267&use=l&cat=p&typeid=i","cat":304238},{"id":180397,"n":"Barres Chocolatées KINDER BUENO  Chocolat au Lait x3 - 129g","p":2.23,"u":"17,29 €/KG","img":"https://fd1-photos.leclercdrive.fr/image.ashx?id=2762295&use=l&cat=p&typeid=i","cat":284498},{"id":180401,"n":"Mayonnaise Bénédicta Nature - 255g","p":1.79,"u":"7,02 €/KG","img":"https://fd1-photos.leclercdrive.fr/image.ashx?id=2658734&use=l&cat=p&typeid=i","cat":298295},{"id":180410,"n":"Savane Brossard Pocket max pépites chocolat x7 - 210g","p":2.57,"u":"12,24 €/KG","img":"https://fd1-photos.leclercdrive.fr/image.ashx?id=2870734&use=l&cat=p&typeid=i","cat":294776},{"id":180414,"n":"Chips Tuiles Pringles Pizza - 175g","p":2.49,"u":"14,23 €/KG","img":"https://fd1-photos.leclercdrive.fr/image.ashx?id=2661748&use=l&cat=p&typeid=i","cat":287899},{"id":180418,"n":"Pois chiches Sultanines 530g","p":1.4,"u":"2,64 €/KG","img":"https://fd1-photos.leclercdrive.fr/image.ashx?id=2331363&use=l&cat=p&typeid=i","cat":312609},{"id":180421,"n":"Bûchettes de sucre Saint Louis 4g x 125 - coffret de 500g","p":2.39,"u":"4,78 €/KG","img":"https://fd1-photos.leclercdrive.fr/image.ashx?id=2331387&use=l&cat=p&typeid=i","cat":284502},{"id":180432,"n":"Thé noir Twinings vanille x20 - 32g","p":2.67,"u":"83,44 €/KG","img":"https://fd1-photos.leclercdrive.fr/image.ashx?id=2893057&use=l&cat=p&typeid=i","cat":293233},{"id":180433,"n":"Sérum Physiologique  Mercurochrome 30x5ml","p":3.59,"u":"23,93 €/L","img":"https://fd1-photos.leclercdrive.fr/image.ashx?id=2731474&use=l&cat=p&typeid=i","cat":284741},{"id":180453,"n":"Thé glacé Fuze Tea  Pêche Intense - 6x33cl","p":3.78,"u":"1,91 €/L","img":"https://fd1-photos.leclercdrive.fr/image.ashx?id=2940405&use=l&cat=p&typeid=i","cat":295019},{"id":180458,"n":"Amandes en poudre Vahiné 125g","p":2.97,"u":"23,76 €/KG","img":"https://fd1-photos.leclercdrive.fr/image.ashx?id=2785934&use=l&cat=p&typeid=i","cat":284504},{"id":180498,"n":"Chips ancienne nature Lay's Sel - 155g","p":1.3,"u":"8,39 €/KG","img":"https://fd1-photos.leclercdrive.fr/image.ashx?id=2996596&use=l&cat=p&typeid=i","cat":284447},{"id":180543,"n":"Blocs WC Ball Activ'Effect Floral - x1","p":2.36,"img":"https://fd1-photos.leclercdrive.fr/image.ashx?id=2683574&use=l&cat=p&typeid=i","cat":284662},{"id":180545,"n":"Serviettes hygiéniques Nana Ultra - Régulier+ - x14","p":1.95,"u":"0,14 €/P","img":"https://fd1-photos.leclercdrive.fr/image.ashx?id=3011881&use=l&cat=p&typeid=i","cat":284624},{"id":180546,"n":"Serviettes Ultra Régulier+ Nana Deo Ailettes Flux modéré - x14","p":2.19,"u":"0,16 €/P","img":"https://fd1-photos.leclercdrive.fr/image.ashx?id=2767225&use=l&cat=p&typeid=i","cat":284624},{"id":180550,"n":"Serviettes hygiéniques Nana Ultra - Spécial Nuit - x10","p":1.85,"u":"0,19 €/P","img":"https://fd1-photos.leclercdrive.fr/image.ashx?id=2944990&use=l&cat=p&typeid=i","cat":284624},{"id":180551,"n":"Serviettes hygiéniques Nana Ultra - Spécial Nuit - x20","p":2.84,"u":"0,14 €/P","img":"https://fd1-photos.leclercdrive.fr/image.ashx?id=2756401&use=l&cat=p&typeid=i","cat":284624},{"id":180552,"n":"Soda à l'orange Orangina 6x25cl verre","p":5.05,"u":"3,37 €/L","img":"https://fd1-photos.leclercdrive.fr/image.ashx?id=2476431&use=l&cat=p&typeid=i","cat":284532},{"id":180563,"n":"Viande des Grisons Aoste 10 Tranches - 70g","p":4.44,"u":"63,43 €/KG","img":"https://fd1-photos.leclercdrive.fr/image.ashx?id=2939838&use=l&cat=p&typeid=i","cat":316007},{"id":180797,"n":"Mouchoirs UltraSoft Kleenex® Boîte x64","p":1.43,"img":"https://fd1-photos.leclercdrive.fr/image.ashx?id=2853350&use=l&cat=p&typeid=i","cat":284638},{"id":181724,"n":"Chips Bret's Cheddar oignons - 125g","p":1.71,"u":"13,68 €/KG","img":"https://fd1-photos.leclercdrive.fr/image.ashx?id=2341582&use=l&cat=p&typeid=i","cat":284447},{"id":181741,"n":"Saucisse sèche au Comté AOP Galibier - 200g","p":5.29,"u":"26,45 €/KG","img":"https://fd1-photos.leclercdrive.fr/image.ashx?id=2341564&use=l&cat=p&typeid=i","cat":316006},{"id":181755,"n":"Complément alimentaire  Confort Urinaire  Pépins courge","p":6.1,"u":"160,53 €/KG","img":"https://fd1-photos.leclercdrive.fr/image.ashx?id=2341489&use=l&cat=p&typeid=i","cat":313217},{"id":182071,"n":"Croquettes chien Ultima Mini Adulte poulet - 1.35kg","p":5.19,"u":"3,84 €/KG","img":"https://fd1-photos.leclercdrive.fr/image.ashx?id=2926645&use=l&cat=p&typeid=i","cat":294526},{"id":182083,"n":"Rillettes de thon Petit Navire  Maxi format - 220g","p":2.97,"u":"13,50 €/KG","img":"https://fd1-photos.leclercdrive.fr/image.ashx?id=2519675&use=l&cat=p&typeid=i","cat":303867},{"id":182157,"n":"Dentifrice enfants Bionaia Bio - 50ml","p":1.15,"u":"23,00 €/L","img":"https://fd1-photos.leclercdrive.fr/image.ashx?id=2498837&use=l&cat=p&typeid=i","cat":288898},{"id":182159,"n":"Recharge gel lavant Bionaia Bio - abricot - 250ml","p":0.9,"u":"3,60 €/L","img":"https://fd1-photos.leclercdrive.fr/image.ashx?id=2935543&use=l&cat=p&typeid=i","cat":284597},{"id":182179,"n":"Boisson aux fruits Oasis Tropical - 1,5L","p":2.04,"u":"1,36 €/L","img":"https://fd1-photos.leclercdrive.fr/image.ashx?id=2666698&use=l&cat=p&typeid=i","cat":295018},{"id":182186,"n":"Infusion bio nuit 20 sachets","p":3.51,"u":"117,00 €/KG","img":"https://fd1-photos.leclercdrive.fr/image.ashx?id=2751126&use=l&cat=p&typeid=i","cat":293234},{"id":182188,"n":"Infusion bio ligne Pagès 20 sachets","p":3.59,"u":"119,67 €/KG","img":"https://fd1-photos.leclercdrive.fr/image.ashx?id=2751141&use=l&cat=p&typeid=i","cat":293234},{"id":182212,"n":"Semoule moyenne panzani 500g","p":1.41,"u":"2,82 €/KG","img":"https://fd1-photos.leclercdrive.fr/image.ashx?id=2745562&use=l&cat=p&typeid=i","cat":284429},{"id":182218,"n":"Chips paysanne nature Lay's Sel - 155g","p":1.23,"u":"7,94 €/KG","img":"https://fd1-photos.leclercdrive.fr/image.ashx?id=2818602&use=l&cat=p&typeid=i","cat":284447},{"id":182224,"n":"IGP Côtes de Gascogne rosé Domus by Uby - Bib 3L","p":14.9,"u":"4,97 €/L","img":"https://fd1-photos.leclercdrive.fr/image.ashx?id=2362966&use=l&cat=p&typeid=i","cat":289558},{"id":182227,"n":"AOP Champagne brut  Brochet Prevost 75cl","p":22.9,"u":"30,53 €/L","img":"https://fd1-photos.leclercdrive.fr/image.ashx?id=2364438&use=l&cat=p&typeid=i","cat":284542},{"id":182228,"n":"IGP Val de Loire Chardonnay 75cl","p":5.2,"u":"6,93 €/L","img":"https://fd1-photos.leclercdrive.fr/image.ashx?id=2352816&use=l&cat=p&typeid=i","cat":289557},{"id":182231,"n":"IGP iLe de beauté vin blanc La Petite Paillotte - 75cl","p":5.61,"u":"7,48 €/L","img":"https://fd1-photos.leclercdrive.fr/image.ashx?id=2705623&use=l&cat=p&typeid=i","cat":289557},{"id":182240,"n":"AOP Eclat Saumur Mlle Ladubay Blanc brut millésimé - 75cl","p":6.5,"u":"8,67 €/L","img":"https://fd1-photos.leclercdrive.fr/image.ashx?id=2979701&use=l&cat=p&typeid=i","cat":284544},{"id":182241,"n":"Vin de Tunisie Beni M'Tir Sidi Brahim - Rouge 12% vol - 75cl","p":3.51,"u":"4,68 €/L","img":"https://fd1-photos.leclercdrive.fr/image.ashx?id=2344543&use=l&cat=p&typeid=i","cat":289556},{"id":182242,"n":"Vin mousseux Charles Volner Brut - 3x20cl","p":4.7,"u":"7,83 €/L","img":"https://fd1-photos.leclercdrive.fr/image.ashx?id=2344903&use=l&cat=p&typeid=i","cat":284544},{"id":182243,"n":"Vin mousseux Charles Volner 1/2 sec - 3x20cl","p":4.7,"u":"7,83 €/L","img":"https://fd1-photos.leclercdrive.fr/image.ashx?id=2344906&use=l&cat=p&typeid=i","cat":284544},{"id":182248,"n":"AOP Lubéron blanc Ours blanc - 75cl","p":5.2,"u":"6,93 €/L","img":"https://fd1-photos.leclercdrive.fr/image.ashx?id=2563607&use=l&cat=p&typeid=i","cat":289557},{"id":182259,"n":"Chips ancienne nature Lay's Sel format familial - 295g","p":2.34,"u":"7,93 €/KG","img":"https://fd1-photos.leclercdrive.fr/image.ashx?id=2999243&use=l&cat=p&typeid=i","cat":284447},{"id":182260,"n":"Chips paysanne nature Lay's Sel format familial - 295g","p":2.25,"u":"7,63 €/KG","img":"https://fd1-photos.leclercdrive.fr/image.ashx?id=2848716&use=l&cat=p&typeid=i","cat":284447},{"id":182266,"n":"Shampooing sec Batiste Original - 200ml","p":3.25,"u":"16,25 €/L","img":"https://fd1-photos.leclercdrive.fr/image.ashx?id=2344046&use=l&cat=p&typeid=i","cat":289143},{"id":182267,"n":"Shampooing sec Batiste Blush - 200ml","p":3.29,"u":"16,45 €/L","img":"https://fd1-photos.leclercdrive.fr/image.ashx?id=2630454&use=l&cat=p&typeid=i","cat":289143},{"id":182315,"n":"Rillettes de thon Petit Navire Olives vertes - 125g","p":1.84,"u":"14,72 €/KG","img":"https://fd1-photos.leclercdrive.fr/image.ashx?id=2523924&use=l&cat=p&typeid=i","cat":303867},{"id":182340,"n":"Lait en poudre Guigoz Optipro 2ème âge - 6-12 mois - 830g","p":15.39,"u":"18,54 €/KG","img":"https://fd1-photos.leclercdrive.fr/image.ashx?id=2737747&use=l&cat=p&typeid=i","cat":284727},{"id":182342,"n":"Lait bébé en poudre Guigoz Gest 2ème âge - 6-12 mois - 830g","p":17.75,"u":"21,39 €/KG","img":"https://fd1-photos.leclercdrive.fr/image.ashx?id=2469478&use=l&cat=p&typeid=i","cat":284727},{"id":182344,"n":"AOP Côtes de Provence Bio Rosé de Satin - 75cl","p":7.0,"u":"9,33 €/L","img":"https://fd1-photos.leclercdrive.fr/image.ashx?id=2477742&use=l&cat=p&typeid=i","cat":289558},{"id":182347,"n":"Emincés de porc marinés Hénaff Au Caramel - 280g","p":4.63,"u":"16,54 €/KG","img":"https://fd1-photos.leclercdrive.fr/image.ashx?id=2794502&use=l&cat=p&typeid=i","cat":284331},{"id":182352,"n":"Emincés de porc marinés Hénaff Tex Mex - 280g","p":4.62,"u":"16,50 €/KG","img":"https://fd1-photos.leclercdrive.fr/image.ashx?id=2794505&use=l&cat=p&typeid=i","cat":284331},{"id":182354,"n":"Emincés de porc marinés Hénaff Au Curry - 280g","p":4.55,"u":"16,25 €/KG","img":"https://fd1-photos.leclercdrive.fr/image.ashx?id=2794508&use=l&cat=p&typeid=i","cat":284331},{"id":182365,"n":"Jambon de Bayonne Saint Azay 4 tranches - 100g","p":2.48,"u":"24,80 €/KG","img":"https://fd1-photos.leclercdrive.fr/image.ashx?id=2345848&use=l&cat=p&typeid=i","cat":316007},{"id":182371,"n":"Mayonnaise bio Bio Village 238g","p":2.05,"u":"8,61 €/KG","img":"https://fd1-photos.leclercdrive.fr/image.ashx?id=2664872&use=l&cat=p&typeid=i","cat":298295},{"id":182373,"n":"Skyr Siggi's  Mangue Passion - 2x140g","p":1.91,"u":"6,82 €/KG","img":"https://fd1-photos.leclercdrive.fr/image.ashx?id=2792027&use=l&cat=p&typeid=i","cat":315000},{"id":182479,"n":"Huile d'Olive Tramier Vierge  Extra Sans Pesticides 75cl","p":8.97,"u":"11,96 €/L","img":"https://fd1-photos.leclercdrive.fr/image.ashx?id=2647188&use=l&cat=p&typeid=i","cat":284453},{"id":182480,"n":"Lait bébé en poudre Guigoz Gest 1er âge - 0-6 mois - 830g","p":18.43,"u":"22,20 €/KG","img":"https://fd1-photos.leclercdrive.fr/image.ashx?id=2895047&use=l&cat=p&typeid=i","cat":284726},{"id":182490,"n":"Lait bébé Guigoz Pelargon Poudre- 2e âge- 6-12 mois -780g","p":18.0,"u":"23,08 €/KG","img":"https://fd1-photos.leclercdrive.fr/image.ashx?id=2347386&use=l&cat=p&typeid=i","cat":284727},{"id":182519,"n":"Croquettes petit chien Ultima  Adulte bœuf - 1,35kg","p":5.29,"u":"3,92 €/KG","img":"https://fd1-photos.leclercdrive.fr/image.ashx?id=2921909&use=l&cat=p&typeid=i","cat":294526},{"id":182524,"n":"Brioch' Bagel La Fournée Dorée x4 - 300g","p":1.92,"u":"6,40 €/KG","img":"https://fd1-photos.leclercdrive.fr/image.ashx?id=2479300&use=l&cat=p&typeid=i","cat":284985},{"id":182669,"n":"Bière Britt Session IPA 3,5D - 6x25cl","p":5.65,"u":"3,77 €/L","img":"https://fd1-photos.leclercdrive.fr/image.ashx?id=2348523&use=l&cat=p&typeid=i","cat":334878},{"id":182670,"n":"Bière Britt blanche 75cl","p":3.49,"u":"4,65 €/L","img":"https://fd1-photos.leclercdrive.fr/image.ashx?id=2902780&use=l&cat=p&typeid=i","cat":334878},{"id":182671,"n":"Bière Britt Summer IPA 75cl","p":3.39,"u":"4,52 €/L","img":"https://fd1-photos.leclercdrive.fr/image.ashx?id=2348526&use=l&cat=p&typeid=i","cat":334872},{"id":182692,"n":"Nappage Caramel Vahiné 200g","p":1.65,"u":"8,25 €/KG","img":"https://fd1-photos.leclercdrive.fr/image.ashx?id=2833336&use=l&cat=p&typeid=i","cat":284504},{"id":182799,"n":"Cumin Moulu Ducros 40g","p":2.6,"u":"65,00 €/KG","img":"https://fd1-photos.leclercdrive.fr/image.ashx?id=2983222&use=l&cat=p&typeid=i","cat":298297},{"id":182808,"n":"Croquettes chiens Ultima Mini Senior Agevital - 1.35kg","p":5.19,"u":"3,84 €/KG","img":"https://fd1-photos.leclercdrive.fr/image.ashx?id=2921918&use=l&cat=p&typeid=i","cat":294526},{"id":182825,"n":"Whisky Blended Cask finish Etu - 40° - 50cl","p":33.45,"u":"66,90 €/L","img":"https://fd1-photos.leclercdrive.fr/image.ashx?id=2349245&use=l&cat=p&typeid=i","cat":284547},{"id":182836,"n":"Gâteaux moelleux Brookie Milka Chocolat - 152g","p":3.05,"u":"20,07 €/KG","img":"https://fd1-photos.leclercdrive.fr/image.ashx?id=2836679&use=l&cat=p&typeid=i","cat":284495},{"id":182873,"n":"Sirop La Maison Guiot Noix de coco - 70cl","p":3.29,"u":"4,70 €/L","img":"https://fd1-photos.leclercdrive.fr/image.ashx?id=2349821&use=l&cat=p&typeid=i","cat":295020},{"id":182887,"n":"Fromage à tartiner Boursin Ail & fines herbes - 150g","p":2.16,"u":"14,40 €/KG","img":"https://fd1-photos.leclercdrive.fr/image.ashx?id=2964449&use=l&cat=p&typeid=i","cat":314029},{"id":182888,"n":"Lait bébé poudre Guigoz Optipro 1er âge - 0-6mois - 830g","p":16.34,"u":"19,69 €/KG","img":"https://fd1-photos.leclercdrive.fr/image.ashx?id=2806423&use=l&cat=p&typeid=i","cat":284726},{"id":182912,"n":"Yakisoba Céréal Bio   Bio légumes repas express 240g","p":2.52,"u":"10,50 €/KG","img":"https://fd1-photos.leclercdrive.fr/image.ashx?id=2665628&use=l&cat=p&typeid=i","cat":287600},{"id":182928,"n":"Papier cuisson Alfapac 15 feuilles","p":1.77,"img":"https://fd1-photos.leclercdrive.fr/image.ashx?id=2887740&use=l&cat=p&typeid=i","cat":334134},{"id":182938,"n":"Sauce crudités Caesar Amora 380ml","p":2.9,"u":"7,63 €/L","img":"https://fd1-photos.leclercdrive.fr/image.ashx?id=2655223&use=l&cat=p&typeid=i","cat":284456},{"id":182939,"n":"Chips Tuiles Pringles Barbecue - 175g","p":2.05,"u":"11,71 €/KG","img":"https://fd1-photos.leclercdrive.fr/image.ashx?id=2662502&use=l&cat=p&typeid=i","cat":287899},{"id":183104,"n":"Nutella Biscuit pâte à tartiner Cacao Noisettes - 207g","p":2.48,"u":"11,98 €/KG","img":"https://fd1-photos.leclercdrive.fr/image.ashx?id=2834035&use=l&cat=p&typeid=i","cat":284488},{"id":183105,"n":"Eau gazeuse San Pellegrino Essenza citron - 6x33cL","p":3.45,"u":"1,74 €/L","img":"https://fd1-photos.leclercdrive.fr/image.ashx?id=2864203&use=l&cat=p&typeid=i","cat":284536},{"id":183106,"n":"Eau gazeuse San Pellegrino Essenza sanguine - 6x33cl","p":3.4,"u":"1,72 €/L","img":"https://fd1-photos.leclercdrive.fr/image.ashx?id=2852010&use=l&cat=p&typeid=i","cat":284536},{"id":183117,"n":"Boisson Citronnade Pulco Saveur Citron et Framboise - 1L","p":1.89,"u":"1,89 €/L","img":"https://fd1-photos.leclercdrive.fr/image.ashx?id=2942266&use=l&cat=p&typeid=i","cat":295018},{"id":183128,"n":"Epinards hachés à la crème  Findus légume - 500g","p":2.25,"u":"4,50 €/KG","img":"https://fd1-photos.leclercdrive.fr/image.ashx?id=3008767&use=l&cat=p&typeid=i","cat":319805},{"id":183129,"n":"Epinards Légumes Findus branches à la crème - 480g","p":2.44,"u":"5,08 €/KG","img":"https://fd1-photos.leclercdrive.fr/image.ashx?id=2937349&use=l&cat=p&typeid=i","cat":319805},{"id":183139,"n":"Mini cakes aux fruits Brossard 10x30g","p":3.25,"u":"10,83 €/KG","img":"https://fd1-photos.leclercdrive.fr/image.ashx?id=2976827&use=l&cat=p&typeid=i","cat":284493},{"id":183159,"n":"Pizza Ristorante Dr.Oetker Bolognaise - 375g","p":2.86,"u":"7,63 €/KG","img":"https://fd1-photos.leclercdrive.fr/image.ashx?id=2993071&use=l&cat=p&typeid=i","cat":284256},{"id":183193,"n":"Pile alcaline Varta  Longlife power 9V 6LR61 - x2","p":8.15,"u":"4,08 €/P","img":"https://fd1-photos.leclercdrive.fr/image.ashx?id=2353821&use=l&cat=p&typeid=i","cat":300572},{"id":183211,"n":"Madeleines longues Le Ster Marbrées choco - 4x250g","p":4.08,"u":"4,08 €/KG","img":"https://fd1-photos.leclercdrive.fr/image.ashx?id=2827224&use=l&cat=p&typeid=i","cat":284492},{"id":183212,"n":"Madeleines longues Le Ster Sucre - 4x250g","p":4.98,"u":"4,98 €/KG","img":"https://fd1-photos.leclercdrive.fr/image.ashx?id=2827221&use=l&cat=p&typeid=i","cat":284492},{"id":183289,"n":"Biberon col large Serenity+ Nuk 0-6 mois - 300ml","p":6.5,"img":"https://fd1-photos.leclercdrive.fr/image.ashx?id=2400154&use=l&cat=p&typeid=i","cat":284742},{"id":183290,"n":"Biberon col large Serenity+ Nuk 6-18 mois - 360ml","p":7.5,"img":"https://fd1-photos.leclercdrive.fr/image.ashx?id=2355554&use=l&cat=p&typeid=i","cat":284742},{"id":183312,"n":"Sucettes Classic silicone Nuk 6-18 mois Mixte - x2","p":5.4,"img":"https://fd1-photos.leclercdrive.fr/image.ashx?id=2680975&use=l&cat=p&typeid=i","cat":284743},{"id":183357,"n":"Cœurs de Palmiers Rochefontaine - 220g","p":3.5,"u":"15,91 €/KG","img":"https://fd1-photos.leclercdrive.fr/image.ashx?id=2650513&use=l&cat=p&typeid=i","cat":312611},{"id":183375,"n":"Minis brownies choc au lait Brossard - 240g","p":3.28,"u":"13,67 €/KG","img":"https://fd1-photos.leclercdrive.fr/image.ashx?id=2977498&use=l&cat=p&typeid=i","cat":294776},{"id":183395,"n":"Huile d'olive Puget 75cl","p":8.95,"u":"11,93 €/L","img":"https://fd1-photos.leclercdrive.fr/image.ashx?id=2460925&use=l&cat=p&typeid=i","cat":284453},{"id":183414,"n":"Croquettes Ultima Light Petit chien - 1,35kg","p":5.19,"u":"3,84 €/KG","img":"https://fd1-photos.leclercdrive.fr/image.ashx?id=2921912&use=l&cat=p&typeid=i","cat":294526},{"id":183496,"n":"Brocolis fleurette Notre Jardin 900g","p":1.99,"u":"2,21 €/KG","img":"https://fd1-photos.leclercdrive.fr/image.ashx?id=2873162&use=l&cat=p&typeid=i","cat":319805},{"id":183677,"n":"AOP Entre-Deux-Mers blanc  BIB 3L","p":13.5,"u":"4,50 €/L","img":"https://fd1-photos.leclercdrive.fr/image.ashx?id=2804493&use=l&cat=p&typeid=i","cat":289557},{"id":183705,"n":"AOP Saint-Joseph rouge  Romain Duvernay - 75cl","p":16.7,"u":"22,27 €/L","img":"https://fd1-photos.leclercdrive.fr/image.ashx?id=2360857&use=l&cat=p&typeid=i","cat":289556},{"id":183795,"n":"Yaourt brassé Ker Ronan Mangue Passion - 4x125g","p":2.21,"u":"4,42 €/KG","img":"https://fd1-photos.leclercdrive.fr/image.ashx?id=2359843&use=l&cat=p&typeid=i","cat":284410},{"id":183798,"n":"Cidre traditionnel Kerisac   4x25cl","p":4.0,"u":"4,00 €/L","img":"https://fd1-photos.leclercdrive.fr/image.ashx?id=2361891&use=l&cat=p&typeid=i","cat":334880},{"id":183800,"n":"Cidre fermier doux Henriot 75cl","p":2.71,"u":"3,61 €/L","img":"https://fd1-photos.leclercdrive.fr/image.ashx?id=2873931&use=l&cat=p&typeid=i","cat":334880},{"id":183806,"n":"Bière blonde Morgane Bio 12x25cl","p":12.2,"u":"4,07 €/L","img":"https://fd1-photos.leclercdrive.fr/image.ashx?id=2359546&use=l&cat=p&typeid=i","cat":334873},{"id":183810,"n":"Whisky breton Armorik Sherry Single malt Bio - 70cl","p":32.5,"pp":30.0,"u":"42,86 €/L","img":"https://fd1-photos.leclercdrive.fr/image.ashx?id=2359129&use=l&cat=p&typeid=i","cat":284547},{"id":183819,"n":"Vin mousseux Celtic bulles Naoned blanc brut 75cl","p":5.3,"u":"7,07 €/L","img":"https://fd1-photos.leclercdrive.fr/image.ashx?id=2601124&use=l&cat=p&typeid=i","cat":284544},{"id":183839,"n":"Mélange à l'espagnole Ducros 48g","p":1.96,"u":"40,83 €/KG","img":"https://fd1-photos.leclercdrive.fr/image.ashx?id=2559508&use=l&cat=p&typeid=i","cat":298297},{"id":183840,"n":"Curcuma moulu Ducros 45g","p":2.03,"u":"45,11 €/KG","img":"https://fd1-photos.leclercdrive.fr/image.ashx?id=2486644&use=l&cat=p&typeid=i","cat":298297},{"id":183849,"n":"Déodorant L'Arbre Vert Argan   Hamamélis - 50ml","p":2.55,"u":"51,00 €/L","img":"https://fd1-photos.leclercdrive.fr/image.ashx?id=2862491&use=l&cat=p&typeid=i","cat":284595},{"id":183854,"n":"Déodorant Rexona Men anti transpirant Cobalt Dry - 200ml","p":3.06,"u":"15,30 €/L","img":"https://fd1-photos.leclercdrive.fr/image.ashx?id=2858711&use=l&cat=p&typeid=i","cat":284618},{"id":183856,"n":"Yaourt Gourmand Mamie Nova Mandarine Citron x2 - 300g","p":1.18,"u":"3,93 €/KG","img":"https://fd1-photos.leclercdrive.fr/image.ashx?id=2879053&use=l&cat=p&typeid=i","cat":284410},{"id":183857,"n":"Gel Douche Le Petit Marseillais  Lait d'amande douce - 650ml","p":3.22,"u":"4,95 €/L","img":"https://fd1-photos.leclercdrive.fr/image.ashx?id=2684197&use=l&cat=p&typeid=i","cat":284594},{"id":183866,"n":"Dentifrice blancheur Colgate Max white one - 75ml","p":1.95,"u":"26,00 €/L","img":"https://fd1-photos.leclercdrive.fr/image.ashx?id=2767255&use=l&cat=p&typeid=i","cat":284612},{"id":183873,"n":"Détachant poudre Vanish  Stop Odeurs - 470g","p":5.75,"u":"12,23 €/KG","img":"https://fd1-photos.leclercdrive.fr/image.ashx?id=2679936&use=l&cat=p&typeid=i","cat":284651},{"id":183907,"n":"Dentifrice blancheur Colgate Max white optic - 75ml","p":2.09,"u":"27,87 €/L","img":"https://fd1-photos.leclercdrive.fr/image.ashx?id=2738395&use=l&cat=p&typeid=i","cat":284612},{"id":183910,"n":"Perles de Cire Chaude Expert  Veet A la Cire d'abeille 250ml","p":4.94,"u":"21,48 €/KG","img":"https://fd1-photos.leclercdrive.fr/image.ashx?id=2960678&use=l&cat=p&typeid=i","cat":325351},{"id":183913,"n":"Crème dépilatoire Zones Intimes Veet Men 100+50ml","p":7.02,"u":"46,80 €/L","img":"https://fd1-photos.leclercdrive.fr/image.ashx?id=2964971&use=l&cat=p&typeid=i","cat":284617},{"id":183915,"n":"Shampooing Nat&Nove Bio Nutrition cheveux secs - 250 ml","p":4.35,"u":"17,40 €/L","img":"https://fd1-photos.leclercdrive.fr/image.ashx?id=2583153&use=l&cat=p&typeid=i","cat":284606},{"id":183917,"n":"Huile Miraculeuse Expert Veet Pré et Post Epilation 100ml","p":8.81,"u":"88,10 €/L","img":"https://fd1-photos.leclercdrive.fr/image.ashx?id=2828547&use=l&cat=p&typeid=i","cat":325351},{"id":183935,"n":"Fond de Teint L'Oréal Paris Infaillible 24H 130 Beige Peau","p":15.99,"pp":10.55,"img":"https://fd1-photos.leclercdrive.fr/image.ashx?id=2358183&use=l&cat=p&typeid=i","cat":287029},{"id":184009,"n":"Gel WC Canard Forêt Aquatique - 750ml","p":2.55,"u":"3,40 €/L","img":"https://fd1-photos.leclercdrive.fr/image.ashx?id=2746313&use=l&cat=p&typeid=i","cat":284662},{"id":184071,"n":"Infusion Twinings Ayurveda pêche vanille fleur oranger x20","p":2.75,"u":"91,67 €/KG","img":"https://fd1-photos.leclercdrive.fr/image.ashx?id=2922122&use=l&cat=p&typeid=i","cat":293234},{"id":184126,"n":"AOP Chiroubles Maison Jambon - 75cl","p":9.98,"u":"13,31 €/L","img":"https://fd1-photos.leclercdrive.fr/image.ashx?id=2624739&use=l&cat=p&typeid=i","cat":289556},{"id":184141,"n":"Desserts Lactés P'TIT BRASSE Mangue 6M+ - 4x90g","p":2.09,"u":"5,81 €/KG","img":"https://fd1-photos.leclercdrive.fr/image.ashx?id=2594226&use=l&cat=p&typeid=i","cat":312392},{"id":184148,"n":"Biscuits croquants Délichoc Chocolat au lait - 150g","p":1.86,"u":"12,40 €/KG","img":"https://fd1-photos.leclercdrive.fr/image.ashx?id=2867365&use=l&cat=p&typeid=i","cat":284488},{"id":184181,"n":"Purée mangue bébé Good Goût bio - 120g - dès 4 mois","p":1.59,"u":"13,25 €/KG","img":"https://fd1-photos.leclercdrive.fr/image.ashx?id=2640707&use=l&cat=p&typeid=i","cat":312387},{"id":184182,"n":"Purée poire bébé Good Goût bio - 120g - dès 4 mois","p":1.45,"u":"12,08 €/L","img":"https://fd1-photos.leclercdrive.fr/image.ashx?id=2640043&use=l&cat=p&typeid=i","cat":312387},{"id":184192,"n":"Purée fraise banane bébé Good Goût bio - 120g - dès 4 mois","p":1.5,"u":"12,50 €/KG","img":"https://fd1-photos.leclercdrive.fr/image.ashx?id=2640046&use=l&cat=p&typeid=i","cat":312387},{"id":184193,"n":"Barres Chocolatées KINDER Maxi Chocolat au Lait x4 - 84g","p":1.74,"u":"20,71 €/KG","img":"https://fd1-photos.leclercdrive.fr/image.ashx?id=2964027&use=l&cat=p&typeid=i","cat":284498},{"id":184208,"n":"Echalote Ducros  1ère Saveur - 10g","p":2.86,"u":"286,00 €/KG","img":"https://fd1-photos.leclercdrive.fr/image.ashx?id=2490506&use=l&cat=p&typeid=i","cat":298297},{"id":184302,"n":"AOP Bordeaux Supérieur  Château Le Breton - 75cl","p":5.25,"u":"7,00 €/L","img":"https://fd1-photos.leclercdrive.fr/image.ashx?id=2386737&use=l&cat=p&typeid=i","cat":289556},{"id":184305,"n":"Carré de porc sans os L'Atelier Boucherie x10 - 440g","p":4.94,"u":"11,23 €/KG","img":"https://fd1-photos.leclercdrive.fr/image.ashx?id=2932701&use=l&cat=p&typeid=i","cat":284331},{"id":184307,"n":"Côtes de porc première L'Atelier Boucherie x2 - 300g","p":2.7,"u":"9,00 €/KG","img":"https://fd1-photos.leclercdrive.fr/image.ashx?id=2930552&use=l&cat=p&typeid=i","cat":284331},{"id":184308,"n":"Côtes de porc échine L'Atelier Boucherie x4 - 680g","p":5.14,"u":"7,56 €/KG","img":"https://fd1-photos.leclercdrive.fr/image.ashx?id=2930555&use=l&cat=p&typeid=i","cat":284331},{"id":184310,"n":"Entrecôte de boeuf*** L'Atelier Boucherie x1 - 200g","p":6.09,"u":"30,45 €/KG","img":"https://fd1-photos.leclercdrive.fr/image.ashx?id=2913781&use=l&cat=p&typeid=i","cat":284328},{"id":184312,"n":"Faux-filet de boeuf*** L'Atelier Boucherie x1 - 180g","p":5.12,"u":"28,44 €/KG","img":"https://fd1-photos.leclercdrive.fr/image.ashx?id=2913784&use=l&cat=p&typeid=i","cat":284328},{"id":184315,"n":"Steak de boeuf** L'Atelier Boucherie x2 - 260g","p":5.39,"u":"20,73 €/KG","img":"https://fd1-photos.leclercdrive.fr/image.ashx?id=2930582&use=l&cat=p&typeid=i","cat":284328},{"id":184316,"n":"Bavette d'Aloyau*** L'Atelier Boucherie x1 - 150g","p":4.95,"u":"33,00 €/KG","img":"https://fd1-photos.leclercdrive.fr/image.ashx?id=2930585&use=l&cat=p&typeid=i","cat":284328},{"id":184317,"n":"Rumsteck en tournedos*** L'Atelier Boucherie x2 - 280g","p":7.19,"u":"25,68 €/KG","img":"https://fd1-photos.leclercdrive.fr/image.ashx?id=2930588&use=l&cat=p&typeid=i","cat":284328},{"id":184318,"n":"Rôti de boeuf*** L'Atelier Boucherie - 600g","p":14.39,"u":"23,98 €/KG","img":"https://fd1-photos.leclercdrive.fr/image.ashx?id=2930591&use=l&cat=p&typeid=i","cat":284328},{"id":184319,"n":"Pièce à fondue / Brochette L'Atelier Boucherie - 500g","p":12.99,"u":"25,98 €/KG","img":"https://fd1-photos.leclercdrive.fr/image.ashx?id=2930594&use=l&cat=p&typeid=i","cat":284328},{"id":184320,"n":"Rôti de porc L'Atelier Boucherie - 600g","p":6.59,"u":"10,98 €/KG","img":"https://fd1-photos.leclercdrive.fr/image.ashx?id=2953749&use=l&cat=p&typeid=i","cat":284331},{"id":184321,"n":"Filet mignon de porc L'Atelier Boucherie x2 - 990g","p":13.59,"u":"13,73 €/KG","img":"https://fd1-photos.leclercdrive.fr/image.ashx?id=2932704&use=l&cat=p&typeid=i","cat":284331},{"id":184322,"n":"Escalope de veau*** L'Atelier Boucherie x2 - 260g","p":6.99,"u":"26,88 €/KG","img":"https://fd1-photos.leclercdrive.fr/image.ashx?id=2930597&use=l&cat=p&typeid=i","cat":284329},{"id":184323,"n":"Sauté de veau*** à mijoter L'Atelier Boucherie - 500g","p":9.99,"u":"19,98 €/KG","img":"https://fd1-photos.leclercdrive.fr/image.ashx?id=2930600&use=l&cat=p&typeid=i","cat":284329},{"id":184351,"n":"Oignons frits Kühne Goût Bacon - 100g","p":1.59,"u":"15,90 €/KG","img":"https://fd1-photos.leclercdrive.fr/image.ashx?id=2868897&use=l&cat=p&typeid=i","cat":298297},{"id":184353,"n":"Soda Coca-Cola Vanille Canette - Pack 6x33CL","p":4.53,"u":"2,29 €/L","img":"https://fd1-photos.leclercdrive.fr/image.ashx?id=2997238&use=l&cat=p&typeid=i","cat":284530},{"id":184355,"n":"Boisson énergisante Red Bull  Goût Fruit du Dragon, 250ml","p":1.2,"u":"4,80 €/L","img":"https://fd1-photos.leclercdrive.fr/image.ashx?id=3011992&use=l&cat=p&typeid=i","cat":284533},{"id":184393,"n":"Gousses de vanille Vahiné En poudre sucrées - 8g","p":4.7,"u":"587,50 €/KG","img":"https://fd1-photos.leclercdrive.fr/image.ashx?id=2490587&use=l&cat=p&typeid=i","cat":284504},{"id":184396,"n":"Vanille en poudre Vahiné - 5g","p":7.38,"img":"https://fd1-photos.leclercdrive.fr/image.ashx?id=2559856&use=l&cat=p&typeid=i","cat":284504},{"id":184406,"n":"Romarin de Provence Ducros - 18g","p":2.21,"u":"122,78 €/KG","img":"https://fd1-photos.leclercdrive.fr/image.ashx?id=2486614&use=l&cat=p&typeid=i","cat":298297},{"id":184411,"n":"Croquettes chiens Ultima mini stérilisé poulet - 1,35kg","p":5.19,"u":"3,84 €/KG","img":"https://fd1-photos.leclercdrive.fr/image.ashx?id=2902184&use=l&cat=p&typeid=i","cat":294526},{"id":184427,"n":"Thé glacé Oasis Ice Tea Saveur Pêche - 1,5L","p":1.81,"u":"1,21 €/L","img":"https://fd1-photos.leclercdrive.fr/image.ashx?id=2688836&use=l&cat=p&typeid=i","cat":295019},{"id":184452,"n":"AOP Champagne brut Champagne Montaudon 75cl","p":26.9,"u":"35,87 €/L","img":"https://fd1-photos.leclercdrive.fr/image.ashx?id=2527251&use=l&cat=p&typeid=i","cat":284542},{"id":184514,"n":"Lingettes bébé Waterwipes 99,9% d'eau - x60","p":4.25,"u":"0,07 €/P","img":"https://fd1-photos.leclercdrive.fr/image.ashx?id=2363084&use=l&cat=p&typeid=i","cat":290387},{"id":184540,"n":"Fromage Fouetté Nature à tartiner Les Croisés - 150g","p":1.41,"u":"9,40 €/KG","img":"https://fd1-photos.leclercdrive.fr/image.ashx?id=2933452&use=l&cat=p&typeid=i","cat":314029},{"id":184551,"n":"Lessive en poudre Xeor fraîcheur x50 - 2.5kg","p":5.99,"u":"2,40 €/KG","img":"https://fd1-photos.leclercdrive.fr/image.ashx?id=2450101&use=l&cat=p&typeid=i","cat":284642},{"id":184553,"n":"Blocs WC Syphon fraîcheur marine x2 - 110g","p":2.0,"u":"18,18 €/KG","img":"https://fd1-photos.leclercdrive.fr/image.ashx?id=2670359&use=l&cat=p&typeid=i","cat":284662},{"id":184555,"n":"Blocs WC Syphon fraîcheur pin - x2","p":2.09,"u":"1,05 €/P","img":"https://fd1-photos.leclercdrive.fr/image.ashx?id=2670362&use=l&cat=p&typeid=i","cat":284662},{"id":184561,"n":"Glaces Kinder Bueno x4 noisettes chocolat blanc - 248g","p":3.96,"u":"15,97 €/KG","img":"https://fd1-photos.leclercdrive.fr/image.ashx?id=2759071&use=l&cat=p&typeid=i","cat":284264},{"id":184566,"n":"Boisson végétale Bio Village Noisette bio - 1l","p":1.87,"u":"1,87 €/L","img":"https://fd1-photos.leclercdrive.fr/image.ashx?id=2362504&use=l&cat=p&typeid=i","cat":316067},{"id":184571,"n":"Sauce barbecue Amora 285g","p":1.64,"u":"5,75 €/KG","img":"https://fd1-photos.leclercdrive.fr/image.ashx?id=3004447&use=l&cat=p&typeid=i","cat":318431},{"id":184583,"n":"Brumisateur Evian - 150ml","p":2.99,"u":"19,93 €/L","img":"https://fd1-photos.leclercdrive.fr/image.ashx?id=2862500&use=l&cat=p&typeid=i","cat":290295},{"id":184584,"n":"Brumisateur Evian - 400ml","p":3.56,"u":"8,90 €/L","img":"https://fd1-photos.leclercdrive.fr/image.ashx?id=2363431&use=l&cat=p&typeid=i","cat":290295},{"id":184620,"n":"AOP Gewurztraminer blanc Arthur Metz - 75cl","p":7.81,"u":"10,41 €/L","img":"https://fd1-photos.leclercdrive.fr/image.ashx?id=2376866&use=l&cat=p&typeid=i","cat":289557},{"id":184670,"n":"AOP Vacqueras rouge bio Les Mas des Genêts - 75cl","p":13.47,"u":"17,96 €/L","img":"https://fd1-photos.leclercdrive.fr/image.ashx?id=2381988&use=l&cat=p&typeid=i","cat":289556},{"id":184683,"n":"Caprice des Dieux Lot de 2x200g","p":4.35,"u":"10,88 €/KG","img":"https://fd1-photos.leclercdrive.fr/image.ashx?id=2367283&use=l&cat=p&typeid=i","cat":314033},{"id":184736,"n":"Pâte feuilletée bio 230g","p":1.84,"u":"8,00 €/KG","img":"https://fd1-photos.leclercdrive.fr/image.ashx?id=2792714&use=l&cat=p&typeid=i","cat":333681},{"id":184740,"n":"Pâte à pizza bio Au levain - 260g","p":2.38,"u":"9,15 €/KG","img":"https://fd1-photos.leclercdrive.fr/image.ashx?id=2792720&use=l&cat=p&typeid=i","cat":333681},{"id":184796,"n":"AOC Haut Médoc rouge Château Larrivaux - 75cl","p":13.95,"u":"18,60 €/L","img":"https://fd1-photos.leclercdrive.fr/image.ashx?id=2367745&use=l&cat=p&typeid=i","cat":289556},{"id":184811,"n":"Meringue vanille x2 - 90g","p":2.15,"u":"23,89 €/KG","img":"https://fd1-photos.leclercdrive.fr/image.ashx?id=2367484&use=l&cat=p&typeid=i","cat":284360},{"id":184828,"n":"Persillade Ducros Première saveur 19g","p":3.48,"u":"183,16 €/KG","img":"https://fd1-photos.leclercdrive.fr/image.ashx?id=2559502&use=l&cat=p&typeid=i","cat":298297},{"id":184829,"n":"Fines herbes Ducros Première saveur - 16g","p":2.83,"u":"176,88 €/KG","img":"https://fd1-photos.leclercdrive.fr/image.ashx?id=2486626&use=l&cat=p&typeid=i","cat":298297},{"id":184830,"n":"Persillade provençale Ducros Première saveur 19g","p":2.79,"u":"146,84 €/KG","img":"https://fd1-photos.leclercdrive.fr/image.ashx?id=2486629&use=l&cat=p&typeid=i","cat":298297},{"id":184831,"n":"Ail semoule Ducros 140g","p":2.77,"u":"19,79 €/KG","img":"https://fd1-photos.leclercdrive.fr/image.ashx?id=2559511&use=l&cat=p&typeid=i","cat":298297},{"id":184832,"n":"Noix de Muscade Ducros Moulue 42g","p":2.23,"u":"53,10 €/KG","img":"https://fd1-photos.leclercdrive.fr/image.ashx?id=2983219&use=l&cat=p&typeid=i","cat":298297},{"id":184834,"n":"Macédoine fruits confits Vahiné 150g","p":2.74,"u":"18,27 €/KG","img":"https://fd1-photos.leclercdrive.fr/image.ashx?id=2490569&use=l&cat=p&typeid=i","cat":284504},{"id":184837,"n":"Compotes Pom'Potes Gourdes  Pomme Banane - 4x90g","p":2.25,"u":"6,25 €/KG","img":"https://fd1-photos.leclercdrive.fr/image.ashx?id=2978637&use=l&cat=p&typeid=i","cat":284508},{"id":184996,"n":"Infusion verveine Elephant Menthe, bio - x20","p":2.07,"u":"79,62 €/KG","img":"https://fd1-photos.leclercdrive.fr/image.ashx?id=2507578&use=l&cat=p&typeid=i","cat":293234},{"id":184997,"n":"Infusion bio Elephant Detox - x20","p":1.85,"u":"54,41 €/KG","img":"https://fd1-photos.leclercdrive.fr/image.ashx?id=2507566&use=l&cat=p&typeid=i","cat":293234},{"id":184998,"n":"Infusion Bio Elephant Gingembre Citron - 20 Sachets","p":1.84,"u":"54,12 €/KG","img":"https://fd1-photos.leclercdrive.fr/image.ashx?id=2507575&use=l&cat=p&typeid=i","cat":293234},{"id":184999,"n":"Infusion bio Elephant Relax - x20","p":2.13,"u":"81,92 €/KG","img":"https://fd1-photos.leclercdrive.fr/image.ashx?id=2507572&use=l&cat=p&typeid=i","cat":293234},{"id":185000,"n":"Infusion Bio Eléphant Menthe Thym - x20 sachets","p":2.0,"u":"76,92 €/KG","img":"https://fd1-photos.leclercdrive.fr/image.ashx?id=2507563&use=l&cat=p&typeid=i","cat":293234},{"id":185003,"n":"Infusion Eléphant Douce Nuit x20- 32g","p":2.2,"u":"68,75 €/KG","img":"https://fd1-photos.leclercdrive.fr/image.ashx?id=2507569&use=l&cat=p&typeid=i","cat":293234},{"id":185004,"n":"Infusion Bio Elephant Verveine - x20 sachets","p":2.07,"u":"79,62 €/KG","img":"https://fd1-photos.leclercdrive.fr/image.ashx?id=2520755&use=l&cat=p&typeid=i","cat":293234},{"id":185165,"n":"Skyr Yoplait  Coco 1%Mg - 4x100g","p":1.86,"u":"4,65 €/KG","img":"https://fd1-photos.leclercdrive.fr/image.ashx?id=2884459&use=l&cat=p&typeid=i","cat":315000},{"id":185166,"n":"Skyr Yoplait  Vanille 0%MG - 4x100G","p":2.1,"u":"5,25 €/KG","img":"https://fd1-photos.leclercdrive.fr/image.ashx?id=2884456&use=l&cat=p&typeid=i","cat":315000},{"id":185186,"n":"Gaufrettes Mini Kinder Bueno  Chocolat au lait - 108g","p":2.35,"u":"21,76 €/KG","img":"https://fd1-photos.leclercdrive.fr/image.ashx?id=2680395&use=l&cat=p&typeid=i","cat":284498},{"id":185243,"n":"Pancakes au chocolat Whaou ! 7 pancakes + 3 offerts - 370g","p":2.4,"u":"6,49 €/KG","img":"https://fd1-photos.leclercdrive.fr/image.ashx?id=2740655&use=l&cat=p&typeid=i","cat":284495},{"id":185250,"n":"Crème de rhum Damoiseau 18%vol. - 70cl","p":14.94,"u":"21,34 €/L","img":"https://fd1-photos.leclercdrive.fr/image.ashx?id=2372754&use=l&cat=p&typeid=i","cat":284550},{"id":185264,"n":"Piles Energizer AA - x10","p":13.08,"u":"1,31 €/P","img":"https://fd1-photos.leclercdrive.fr/image.ashx?id=2850719&use=l&cat=p&typeid=i","cat":300572},{"id":185265,"n":"Piles Energizer AAA - x10","p":13.08,"u":"1,31 €/P","img":"https://fd1-photos.leclercdrive.fr/image.ashx?id=2850725&use=l&cat=p&typeid=i","cat":300572},{"id":185274,"n":"Chips Tuiles Pringles Bacon - 175g","p":2.16,"u":"12,34 €/KG","img":"https://fd1-photos.leclercdrive.fr/image.ashx?id=2661754&use=l&cat=p&typeid=i","cat":287899},{"id":185276,"n":"Soufflés Donuts Curly Cacahuètes caramélisées - 160g","p":1.64,"u":"10,25 €/KG","img":"https://fd1-photos.leclercdrive.fr/image.ashx?id=2373125&use=l&cat=p&typeid=i","cat":284449},{"id":185280,"n":"Cup nouilles Tanoshi Corée Poulet Gochugaru - 65g","p":1.43,"u":"22,00 €/KG","img":"https://fd1-photos.leclercdrive.fr/image.ashx?id=2732266&use=l&cat=p&typeid=i","cat":288992},{"id":185282,"n":"Nouilles Ramen Tanoshi Japon Nature Bio - 340g","p":3.39,"u":"9,97 €/KG","img":"https://fd1-photos.leclercdrive.fr/image.ashx?id=2906241&use=l&cat=p&typeid=i","cat":288992},{"id":185288,"n":"Crème fouettée Président Extra  Vanille Bourbon - 250g","p":3.5,"u":"14,00 €/KG","img":"https://fd1-photos.leclercdrive.fr/image.ashx?id=2799374&use=l&cat=p&typeid=i","cat":284382},{"id":185443,"n":"Thé vert citron Yate x25 - 37,5g","p":0.79,"u":"20,79 €/KG","img":"https://fd1-photos.leclercdrive.fr/image.ashx?id=2646008&use=l&cat=p&typeid=i","cat":293233},{"id":185494,"n":"Herbes de provence Ducros 35g","p":3.2,"u":"91,43 €/KG","img":"https://fd1-photos.leclercdrive.fr/image.ashx?id=2559505&use=l&cat=p&typeid=i","cat":298297},{"id":185495,"n":"Persillade de France Ducros 25g","p":1.79,"u":"71,60 €/KG","img":"https://fd1-photos.leclercdrive.fr/image.ashx?id=2374713&use=l&cat=p&typeid=i","cat":298297},{"id":185504,"n":"AOC Muscadet Sèvre et Maine HE Landreau Village - 75cl","p":4.58,"u":"6,11 €/L","img":"https://fd1-photos.leclercdrive.fr/image.ashx?id=2379751&use=l&cat=p&typeid=i","cat":289557},{"id":185508,"n":"Biscuits fourrés BN  Vanille - 285g","p":1.19,"u":"4,18 €/KG","img":"https://fd1-photos.leclercdrive.fr/image.ashx?id=2475005&use=l&cat=p&typeid=i","cat":284488},{"id":185510,"n":"AOP Fitou rouge  Château de Cascastel - 75cl","p":6.34,"u":"8,45 €/L","img":"https://fd1-photos.leclercdrive.fr/image.ashx?id=2896633&use=l&cat=p&typeid=i","cat":289556},{"id":185568,"n":"Gel Lavant Biolane Corps et cheveux 750 ml","p":5.43,"u":"7,24 €/L","img":"https://fd1-photos.leclercdrive.fr/image.ashx?id=2586867&use=l&cat=p&typeid=i","cat":284740},{"id":185571,"n":"Eau pure H2O Biolane 750 ml","p":5.06,"u":"6,75 €/L","img":"https://fd1-photos.leclercdrive.fr/image.ashx?id=2733247&use=l&cat=p&typeid=i","cat":284741},{"id":185572,"n":"Confitures Léonce Blanc 70% Figues - 320g","p":2.85,"u":"8,91 €/KG","img":"https://fd1-photos.leclercdrive.fr/image.ashx?id=2504188&use=l&cat=p&typeid=i","cat":284480},{"id":185574,"n":"Confitures Léonce Blanc 70% Mangues - 320g","p":3.23,"u":"10,09 €/KG","img":"https://fd1-photos.leclercdrive.fr/image.ashx?id=2504191&use=l&cat=p&typeid=i","cat":284480},{"id":185767,"n":"Gelée à la fraise Bonne Maman 370g","p":2.86,"u":"7,73 €/KG","img":"https://fd1-photos.leclercdrive.fr/image.ashx?id=2476620&use=l&cat=p&typeid=i","cat":284480},{"id":185779,"n":"Sémillon Sauvignon Vin blanc 5L","p":14.9,"u":"2,98 €/L","img":"https://fd1-photos.leclercdrive.fr/image.ashx?id=2905423&use=l&cat=p&typeid=i","cat":289557},{"id":185789,"n":"Myrtilles Panier du Primeur 125g","p":1.99,"u":"15,92 €/KG","img":"https://fd1-photos.leclercdrive.fr/image.ashx?id=2375773&use=l&cat=p&typeid=i","cat":284356},{"id":185831,"n":"Préparation Gâteau alsa Moelleux Marbré - 435g","p":2.19,"u":"5,03 €/KG","img":"https://fd1-photos.leclercdrive.fr/image.ashx?id=2996428&use=l&cat=p&typeid=i","cat":284505},{"id":185840,"n":"RECH SPRAY AUTO BIEN AIR AGRUMES 250ML","p":2.39,"u":"9,56 €/L","img":"https://fd1-photos.leclercdrive.fr/image.ashx?id=2531104&use=l&cat=p&typeid=i","cat":311629},{"id":185841,"n":"Cornichons extra fins Rustica 6 aromates - 550g","p":3.1,"u":"5,64 €/KG","img":"https://fd1-photos.leclercdrive.fr/image.ashx?id=2916728&use=l&cat=p&typeid=i","cat":284458},{"id":185884,"n":"Tartinade Hénaff  Truite et petits légumes - 90g","p":1.95,"u":"21,67 €/KG","img":"https://fd1-photos.leclercdrive.fr/image.ashx?id=3008674&use=l&cat=p&typeid=i","cat":284451},{"id":185885,"n":"Tartinade Hénaff  Thon germon et tomate - 90g","p":1.94,"u":"21,56 €/KG","img":"https://fd1-photos.leclercdrive.fr/image.ashx?id=2838374&use=l&cat=p&typeid=i","cat":284451},{"id":185999,"n":"Boisson végétale Bio Village Riz nature bio - 1l","p":1.65,"u":"1,65 €/L","img":"https://fd1-photos.leclercdrive.fr/image.ashx?id=2601016&use=l&cat=p&typeid=i","cat":316067},{"id":186002,"n":"Porto blanc Dorrao 18%vol - 75cl","p":6.07,"u":"8,09 €/L","img":"https://fd1-photos.leclercdrive.fr/image.ashx?id=2869880&use=l&cat=p&typeid=i","cat":284913},{"id":186043,"n":"Lardons Nature Herta  Sans nitrite - 2x75g","p":1.91,"u":"12,73 €/KG","img":"https://fd1-photos.leclercdrive.fr/image.ashx?id=2785802&use=l&cat=p&typeid=i","cat":316011},{"id":186055,"n":"Boisson énergisante Red Bull Goût Pastèque, 250ml","p":1.33,"u":"5,32 €/L","img":"https://fd1-photos.leclercdrive.fr/image.ashx?id=2471655&use=l&cat=p&typeid=i","cat":284533},{"id":186056,"n":"Boisson énergisante Red Bull Goût Coco-Acaï, 250ml","p":1.24,"u":"4,96 €/L","img":"https://fd1-photos.leclercdrive.fr/image.ashx?id=2471658&use=l&cat=p&typeid=i","cat":284533},{"id":186070,"n":"Mousse à raser Avène 200ml","p":9.85,"u":"49,25 €/L","img":"https://fd1-photos.leclercdrive.fr/image.ashx?id=2382833&use=l&cat=p&typeid=i","cat":291167},{"id":186071,"n":"Brandade à la morue gratinée  Maison Briau - 750g","p":8.17,"u":"10,89 €/KG","img":"https://fd1-photos.leclercdrive.fr/image.ashx?id=2851072&use=l&cat=p&typeid=i","cat":285340},{"id":186072,"n":"Fluide solaire SPF 50+ Avène  50ml","p":14.1,"u":"282,00 €/L","img":"https://fd1-photos.leclercdrive.fr/image.ashx?id=2382836&use=l&cat=p&typeid=i","cat":290396},{"id":186073,"n":"Fluide solaire SPF 50+ Avène Sans parfum - 50ml","p":14.3,"u":"286,00 €/L","img":"https://fd1-photos.leclercdrive.fr/image.ashx?id=2382839&use=l&cat=p&typeid=i","cat":290396},{"id":186074,"n":"Crème solaire SPF 50+ Avène 50ml","p":14.5,"u":"290,00 €/L","img":"https://fd1-photos.leclercdrive.fr/image.ashx?id=2382845&use=l&cat=p&typeid=i","cat":290396},{"id":186075,"n":"Crème solaire SPF 50+ Avène Sans parfum - 50ml","p":14.4,"u":"288,00 €/L","img":"https://fd1-photos.leclercdrive.fr/image.ashx?id=2382848&use=l&cat=p&typeid=i","cat":290396},{"id":186076,"n":"Crème solaire SPF 50+ Avène Teintée - 50ml","p":14.3,"u":"286,00 €/L","img":"https://fd1-photos.leclercdrive.fr/image.ashx?id=2382851&use=l&cat=p&typeid=i","cat":290396},{"id":186077,"n":"Crème émolliente A-Derma Exomega Control - 400ml","p":18.9,"u":"47,25 €/L","img":"https://fd1-photos.leclercdrive.fr/image.ashx?id=2382857&use=l&cat=p&typeid=i","cat":290421},{"id":186079,"n":"Baume émollient A-Derma Exomega Control - 400ml","p":19.6,"u":"49,00 €/L","img":"https://fd1-photos.leclercdrive.fr/image.ashx?id=2382860&use=l&cat=p&typeid=i","cat":290421},{"id":186080,"n":"Lait émollient A-Derma Exomega Control - 400ml","p":18.9,"u":"47,25 €/L","img":"https://fd1-photos.leclercdrive.fr/image.ashx?id=2382863&use=l&cat=p&typeid=i","cat":290421},{"id":186081,"n":"Baume émollient A-Derma Exomega Allergo - 200ml","p":17.5,"u":"87,50 €/L","img":"https://fd1-photos.leclercdrive.fr/image.ashx?id=2382866&use=l&cat=p&typeid=i","cat":290421},{"id":186085,"n":"Fluide hydratant Avène Tolerance Hydra-10 - 40ml","p":14.9,"u":"372,50 €/L","img":"https://fd1-photos.leclercdrive.fr/image.ashx?id=2382875&use=l&cat=p&typeid=i","cat":291171},{"id":186087,"n":"Crème hydratante Avène Tolerance Hydra-10 - 40ml","p":15.5,"u":"387,50 €/L","img":"https://fd1-photos.leclercdrive.fr/image.ashx?id=2382878&use=l&cat=p&typeid=i","cat":291171},{"id":186108,"n":"Savon solide Bio Mots d'enfants 100g","p":1.29,"u":"12,90 €/KG","img":"https://fd1-photos.leclercdrive.fr/image.ashx?id=3015126&use=l&cat=p&typeid=i","cat":284740},{"id":186113,"n":"Shampoing illuminateur Klorane Camomille - 400ml","p":11.1,"u":"27,75 €/L","img":"https://fd1-photos.leclercdrive.fr/image.ashx?id=2878972&use=l&cat=p&typeid=i","cat":290400},{"id":186124,"n":"Crème Sensifine AR SVR Anti-rougeurs - 40ml","p":12.9,"u":"322,50 €/KG","img":"https://fd1-photos.leclercdrive.fr/image.ashx?id=2966035&use=l&cat=p&typeid=i","cat":291171},{"id":186130,"n":"Acérola Vitamine C Herbesan Goût cerise - 90 comprimés","p":12.9,"pp":9.03,"u":"0,10 €/P","img":"https://fd1-photos.leclercdrive.fr/image.ashx?id=2382896&use=l&cat=p&typeid=i","cat":301264},{"id":186140,"n":"Huile de Massage Vergetures Weleda - 2x100ml","p":28.65,"u":"143,25 €/L","img":"https://fd1-photos.leclercdrive.fr/image.ashx?id=2505615&use=l&cat=p&typeid=i","cat":290422},{"id":186162,"n":"Spray désinfectant Septimyl Chlorhexidine 0,5% - 100ml","p":3.7,"u":"37,00 €/L","img":"https://fd1-photos.leclercdrive.fr/image.ashx?id=2383112&use=l&cat=p&typeid=i","cat":291163},{"id":186164,"n":"Ampoule vitamine C SVR 30ml","p":29.89,"u":"996,33 €/L","img":"https://fd1-photos.leclercdrive.fr/image.ashx?id=2971649&use=l&cat=p&typeid=i","cat":291171},{"id":186165,"n":"Ampoule vitamine B3 SVR 30ml","p":23.99,"u":"799,67 €/L","img":"https://fd1-photos.leclercdrive.fr/image.ashx?id=2971179&use=l&cat=p&typeid=i","cat":291171},{"id":186171,"n":"Baume réparateur Eucerin Aquaphor - 40ml","p":7.11,"u":"177,75 €/L","img":"https://fd1-photos.leclercdrive.fr/image.ashx?id=2383176&use=l&cat=p&typeid=i","cat":290421},{"id":186172,"n":"Emollient 10% d'Urée Eucerin UreaRepair Plus - 400ml","p":18.69,"u":"46,73 €/L","img":"https://fd1-photos.leclercdrive.fr/image.ashx?id=2736217&use=l&cat=p&typeid=i","cat":290421},{"id":186173,"n":"Crème mains 5% d'Urée Eucerin UreaRepair Plus - 75ml","p":5.15,"u":"68,67 €/L","img":"https://fd1-photos.leclercdrive.fr/image.ashx?id=2832311&use=l&cat=p&typeid=i","cat":290424},{"id":186174,"n":"Biberon verre 1er âge MAM  Blanc - 260ml","p":11.78,"img":"https://fd1-photos.leclercdrive.fr/image.ashx?id=2980170&use=l&cat=p&typeid=i","cat":290386},{"id":186176,"n":"Dentifrice Parogencyl Prévention gencives - 2x75ml","p":7.15,"u":"47,67 €/L","img":"https://fd1-photos.leclercdrive.fr/image.ashx?id=2659439&use=l&cat=p&typeid=i","cat":290419},{"id":186181,"n":"Baume réparateur Eucerin Aquaphore - 198g","p":13.8,"u":"69,70 €/KG","img":"https://fd1-photos.leclercdrive.fr/image.ashx?id=2383197&use=l&cat=p&typeid=i","cat":290421},{"id":186184,"n":"Soin de nuit Eucerin Hyaluron-Filler - 50ml","p":27.3,"u":"546,00 €/L","img":"https://fd1-photos.leclercdrive.fr/image.ashx?id=2926813&use=l&cat=p&typeid=i","cat":291168},{"id":186196,"n":"Gel-crème Après soleil Bioderma Photoderm - 500ml","p":16.56,"u":"33,12 €/L","img":"https://fd1-photos.leclercdrive.fr/image.ashx?id=2956523&use=l&cat=p&typeid=i","cat":290394},{"id":186207,"n":"Soin de jour peau sèche Eucerin Hyaluron-Filler - 50ml","p":27.35,"u":"547,00 €/L","img":"https://fd1-photos.leclercdrive.fr/image.ashx?id=2926810&use=l&cat=p&typeid=i","cat":291168},{"id":186214,"n":"Gel-crème Après soleil Bioderma Photoderm - 200ml","p":10.53,"u":"52,65 €/L","img":"https://fd1-photos.leclercdrive.fr/image.ashx?id=2956520&use=l&cat=p&typeid=i","cat":290394},{"id":186232,"n":"Sucettes +18 mois Dodie Silicone - x2","p":6.0,"u":"3,00 €/P","img":"https://fd1-photos.leclercdrive.fr/image.ashx?id=2852588&use=l&cat=p&typeid=i","cat":290430},{"id":186238,"n":"Crème blur mousse SPF50 SVR 50ml","p":12.89,"u":"257,80 €/L","img":"https://fd1-photos.leclercdrive.fr/image.ashx?id=2971191&use=l&cat=p&typeid=i","cat":290396},{"id":186240,"n":"Baume Protect+ Topialyse SVR 400ml","p":19.5,"pp":14.62,"u":"36,55 €/L","img":"https://fd1-photos.leclercdrive.fr/image.ashx?id=2971658&use=l&cat=p&typeid=i","cat":290421},{"id":186246,"n":"Sérum anti-imperfections SVR SEBIACLEAR - 30ml","p":14.7,"u":"490,00 €/L","img":"https://fd1-photos.leclercdrive.fr/image.ashx?id=2965136&use=l&cat=p&typeid=i","cat":291166},{"id":186258,"n":"Lessive Capsules Tout-en-1 Skip Fraîcheur Intense x26 Capsules","p":11.12,"u":"20,18 €/KG","img":"https://fd1-photos.leclercdrive.fr/image.ashx?id=2978934&use=l&cat=p&typeid=i","cat":284641},{"id":186265,"n":"Lingettes bébé Harmonie Aqua Pampers - 48 lingettes","p":3.11,"u":"0,06 €/P","img":"https://fd1-photos.leclercdrive.fr/image.ashx?id=2805903&use=l&cat=p&typeid=i","cat":284738},{"id":186267,"n":"Lingettes bébé visage et mains Biolane - 64 lingettes","p":2.26,"u":"0,04 €/P","img":"https://fd1-photos.leclercdrive.fr/image.ashx?id=2876539&use=l&cat=p&typeid=i","cat":284738},{"id":186296,"n":"Lessive Capsules Skip Tout-en-1 Active Clean x38","p":13.35,"u":"16,56 €/KG","img":"https://fd1-photos.leclercdrive.fr/image.ashx?id=2757114&use=l&cat=p&typeid=i","cat":284641},{"id":186306,"n":"Liniment oléo-calcaire Biolane 300ml","p":3.37,"u":"11,23 €/L","img":"https://fd1-photos.leclercdrive.fr/image.ashx?id=2586861&use=l&cat=p&typeid=i","cat":284741},{"id":186310,"n":"Gel WC Désinfectant Canard Action Intense Fresh - 750ml","p":1.57,"u":"2,09 €/L","img":"https://fd1-photos.leclercdrive.fr/image.ashx?id=2488013&use=l&cat=p&typeid=i","cat":284662},{"id":186394,"n":"Felix Naturally Delicious Saumon - 100g","p":2.59,"u":"25,90 €/KG","img":"https://fd1-photos.leclercdrive.fr/image.ashx?id=2447214&use=l&cat=p&typeid=i","cat":285285},{"id":186459,"n":"Pâtes Tortiglioni Panzani 500g","p":1.29,"u":"2,58 €/KG","img":"https://fd1-photos.leclercdrive.fr/image.ashx?id=2902951&use=l&cat=p&typeid=i","cat":284427},{"id":186460,"n":"Pâtes Pipe Rigate Panzani 500g","p":1.21,"u":"2,42 €/KG","img":"https://fd1-photos.leclercdrive.fr/image.ashx?id=2902954&use=l&cat=p&typeid=i","cat":284427},{"id":186461,"n":"Ail lyophilisé Ducros 19g","p":3.29,"u":"173,16 €/KG","img":"https://fd1-photos.leclercdrive.fr/image.ashx?id=2486617&use=l&cat=p&typeid=i","cat":298297},{"id":186462,"n":"Ciboulette lyophilisée Ducros 3g","p":2.75,"u":"916,67 €/KG","img":"https://fd1-photos.leclercdrive.fr/image.ashx?id=2486620&use=l&cat=p&typeid=i","cat":298297},{"id":186466,"n":"Mayonnaise citron Bénédicta Bocal - 255g","p":2.11,"u":"8,27 €/KG","img":"https://fd1-photos.leclercdrive.fr/image.ashx?id=2828148&use=l&cat=p&typeid=i","cat":298295},{"id":186467,"n":"Mayonnaise Comme à la maison Bénédicta - Bocal - 255g","p":2.02,"u":"7,92 €/KG","img":"https://fd1-photos.leclercdrive.fr/image.ashx?id=2629265&use=l&cat=p&typeid=i","cat":298295},{"id":186468,"n":"Pulpe de tomates Cirio 680g","p":1.89,"u":"2,78 €/KG","img":"https://fd1-photos.leclercdrive.fr/image.ashx?id=2857830&use=l&cat=p&typeid=i","cat":288384},{"id":186470,"n":"Sauce tomates cuisinées Mutti 400g","p":2.25,"u":"5,63 €/KG","img":"https://fd1-photos.leclercdrive.fr/image.ashx?id=2854774&use=l&cat=p&typeid=i","cat":288384},{"id":186548,"n":"Bougie Floral 30h Bien Air","p":2.34,"img":"https://fd1-photos.leclercdrive.fr/image.ashx?id=2939091&use=l&cat=p&typeid=i","cat":284666},{"id":186626,"n":"Arrangé rhum Rivière du Mât Gingembre 35%vol. - 70cl","p":18.0,"pp":16.2,"u":"23,14 €/L","img":"https://fd1-photos.leclercdrive.fr/image.ashx?id=2650465&use=l&cat=p&typeid=i","cat":284550},{"id":186657,"n":"Crème dessert Delisse Chocolat - 6x125g","p":1.42,"u":"1,89 €/KG","img":"https://fd1-photos.leclercdrive.fr/image.ashx?id=2441492&use=l&cat=p&typeid=i","cat":285041},{"id":186659,"n":"Crème dessert Delisse Vanille - 6x125g","p":1.33,"u":"1,77 €/KG","img":"https://fd1-photos.leclercdrive.fr/image.ashx?id=2441498&use=l&cat=p&typeid=i","cat":285041},{"id":186661,"n":"Crème dessert Delisse Caramel - 6x125g","p":1.39,"u":"1,85 €/KG","img":"https://fd1-photos.leclercdrive.fr/image.ashx?id=2441504&use=l&cat=p&typeid=i","cat":285041},{"id":186686,"n":"Déodorant stick Homme Mennen Marine Sans Alcool - 60ml","p":3.18,"u":"53,00 €/L","img":"https://fd1-photos.leclercdrive.fr/image.ashx?id=2869107&use=l&cat=p&typeid=i","cat":284618},{"id":186688,"n":"Déodorant stick Homme Mennen Sans Alcool Anti-Traces - 60ml","p":3.18,"u":"53,00 €/L","img":"https://fd1-photos.leclercdrive.fr/image.ashx?id=2869110&use=l&cat=p&typeid=i","cat":284618},{"id":186693,"n":"Vin de France rouge Nous Cinq - 75cl","p":5.99,"u":"7,99 €/L","img":"https://fd1-photos.leclercdrive.fr/image.ashx?id=2686063&use=l&cat=p&typeid=i","cat":289556},{"id":186920,"n":"Tuiles Monster Munch Crazy Original - 150g","p":1.9,"u":"12,67 €/KG","img":"https://fd1-photos.leclercdrive.fr/image.ashx?id=2921735&use=l&cat=p&typeid=i","cat":287899},{"id":186923,"n":"Tuiles Monster Munch  Crazy crème oignon - 150g","p":1.9,"u":"12,67 €/KG","img":"https://fd1-photos.leclercdrive.fr/image.ashx?id=2916881&use=l&cat=p&typeid=i","cat":287899},{"id":186926,"n":"Tuiles Monster Munch Crazy paprika - 150g","p":1.9,"u":"12,67 €/KG","img":"https://fd1-photos.leclercdrive.fr/image.ashx?id=2955339&use=l&cat=p&typeid=i","cat":287899},{"id":186931,"n":"Soin ultra-hydratant Saforelle Le flacon de 500ml","p":10.14,"u":"20,28 €/L","img":"https://fd1-photos.leclercdrive.fr/image.ashx?id=2583434&use=l&cat=p&typeid=i","cat":301348},{"id":186946,"n":"Mouliné Bio Village Bio - légumes variés  - 2x30cl","p":1.69,"u":"5,63 €/L","img":"https://fd1-photos.leclercdrive.fr/image.ashx?id=2404157&use=l&cat=p&typeid=i","cat":284462},{"id":187028,"n":"Crème de change bébé bio Mots d'enfants - 75ml","p":2.5,"u":"33,33 €/L","img":"https://fd1-photos.leclercdrive.fr/image.ashx?id=3014308&use=l&cat=p&typeid=i","cat":284741},{"id":187029,"n":"Coton-tiges ouatés Inell Boîte - x300 bâtonnets","p":0.73,"img":"https://fd1-photos.leclercdrive.fr/image.ashx?id=2824301&use=l&cat=p&typeid=i","cat":284636},{"id":187059,"n":"Champignon Émincé Bonduelle Sans Sulfite, Sans Additif 230g","p":1.23,"u":"5,35 €/KG","img":"https://fd1-photos.leclercdrive.fr/image.ashx?id=2913118&use=l&cat=p&typeid=i","cat":312610},{"id":187061,"n":"Chips Bret's Pesto Mozzarella 125g","p":1.45,"u":"11,60 €/KG","img":"https://fd1-photos.leclercdrive.fr/image.ashx?id=2629115&use=l&cat=p&typeid=i","cat":284447},{"id":187131,"n":"Marrons glacés Frutignac x9 - 155g","p":9.31,"u":"60,06 €/KG","img":"https://fd1-photos.leclercdrive.fr/image.ashx?id=2394243&use=l&cat=p&typeid=i","cat":327603},{"id":187241,"n":"Savon Le Petit Marseillais  Solide amande douce - 2x100g","p":1.43,"u":"7,15 €/KG","img":"https://fd1-photos.leclercdrive.fr/image.ashx?id=2684203&use=l&cat=p&typeid=i","cat":284597},{"id":187246,"n":"Serviettes hygiéniques Always Cotton Protection Normal - x11","p":2.71,"u":"0,25 €/P","img":"https://fd1-photos.leclercdrive.fr/image.ashx?id=2853584&use=l&cat=p&typeid=i","cat":284624},{"id":187247,"n":"Serviettes hygiéniques Always Cotton Protection Long - x9","p":2.71,"u":"0,30 €/P","img":"https://fd1-photos.leclercdrive.fr/image.ashx?id=2910225&use=l&cat=p&typeid=i","cat":284624},{"id":187330,"n":"Porto Tawny Dorrao 18°C - 75cl","p":6.42,"u":"8,56 €/L","img":"https://fd1-photos.leclercdrive.fr/image.ashx?id=2869877&use=l&cat=p&typeid=i","cat":284913},{"id":187342,"n":"Bûche Nestlé 3 Chocolats 540g","p":5.99,"u":"11,09 €/KG","img":"https://fd1-photos.leclercdrive.fr/image.ashx?id=2936713&use=l&cat=p&typeid=i","cat":284266},{"id":187355,"n":"Bûche Signature Eskiss Nougat - 487g","p":5.37,"u":"11,03 €/KG","img":"https://fd1-photos.leclercdrive.fr/image.ashx?id=2974822&use=l&cat=p&typeid=i","cat":284266},{"id":187357,"n":"Bûche Signature Eskiss Vanille Caramel - 490g","p":5.59,"u":"11,41 €/KG","img":"https://fd1-photos.leclercdrive.fr/image.ashx?id=2974828&use=l&cat=p&typeid=i","cat":284266},{"id":187358,"n":"Bûche Signature Eskiss Façon rocher - 501g","p":5.37,"u":"10,72 €/KG","img":"https://fd1-photos.leclercdrive.fr/image.ashx?id=2974831&use=l&cat=p&typeid=i","cat":284266},{"id":187365,"n":"Desserts Lactés P'TIT BRASSE Nature 6M+ - 4x90g","p":2.12,"u":"5,89 €/KG","img":"https://fd1-photos.leclercdrive.fr/image.ashx?id=2594223&use=l&cat=p&typeid=i","cat":312392},{"id":187366,"n":"Gros sel Le Guérandais 750g","p":2.54,"u":"3,39 €/KG","img":"https://fd1-photos.leclercdrive.fr/image.ashx?id=2397974&use=l&cat=p&typeid=i","cat":284457},{"id":187369,"n":"Escargots de Bourgogne Escal x60 - 336g","p":19.13,"u":"56,93 €/KG","img":"https://fd1-photos.leclercdrive.fr/image.ashx?id=2913241&use=l&cat=p&typeid=i","cat":319775},{"id":187448,"n":"Frites ondulées McCain Côté Burger - 650g","p":2.64,"u":"4,06 €/KG","img":"https://fd1-photos.leclercdrive.fr/image.ashx?id=2920027&use=l&cat=p&typeid=i","cat":319791},{"id":187453,"n":"Thé noir Lipton Yellow x100 sachets - 200g","p":3.89,"u":"19,45 €/KG","img":"https://fd1-photos.leclercdrive.fr/image.ashx?id=2517655&use=l&cat=p&typeid=i","cat":293233},{"id":187454,"n":"Crème dessert Sojasun Caramel pointe de sel - 4x100g","p":1.46,"u":"3,65 €/KG","img":"https://fd1-photos.leclercdrive.fr/image.ashx?id=2397349&use=l&cat=p&typeid=i","cat":316071},{"id":187471,"n":"Bûche glacée L'Angélys Chocolat Mandarine - 330g","p":9.2,"u":"27,88 €/KG","img":"https://fd1-photos.leclercdrive.fr/image.ashx?id=2902208&use=l&cat=p&typeid=i","cat":284266},{"id":187475,"n":"Dés de Chorizo Fleury Michon 120g","p":2.21,"u":"18,42 €/KG","img":"https://fd1-photos.leclercdrive.fr/image.ashx?id=2661196&use=l&cat=p&typeid=i","cat":316011},{"id":187547,"n":"Moutarde Fine & Forte AMORA Flacon Souple - 460g","p":2.28,"u":"4,96 €/KG","img":"https://fd1-photos.leclercdrive.fr/image.ashx?id=2877271&use=l&cat=p&typeid=i","cat":288850},{"id":187576,"n":"Pâtes Coquillette Panzani Complètement Bon - 500G","p":1.28,"u":"2,56 €/KG","img":"https://fd1-photos.leclercdrive.fr/image.ashx?id=2902960&use=l&cat=p&typeid=i","cat":284427},{"id":187578,"n":"Pâtes Torti Panzani Complètement Bon - 500G","p":1.28,"u":"2,56 €/KG","img":"https://fd1-photos.leclercdrive.fr/image.ashx?id=2902963&use=l&cat=p&typeid=i","cat":284427},{"id":187601,"n":"Compotes Pom'Potes Gourdes  Recette Punta Cana - 4x90g","p":1.99,"u":"5,53 €/KG","img":"https://fd1-photos.leclercdrive.fr/image.ashx?id=3010909&use=l&cat=p&typeid=i","cat":284508},{"id":187602,"n":"Gousses de vanille Vahiné x4 -","p":8.89,"u":"2,22 €/P","img":"https://fd1-photos.leclercdrive.fr/image.ashx?id=2569428&use=l&cat=p&typeid=i","cat":284504},{"id":187603,"n":"Pepites de chocolats Vahiné  3 chocolats - 180g","p":5.09,"u":"28,28 €/KG","img":"https://fd1-photos.leclercdrive.fr/image.ashx?id=2397863&use=l&cat=p&typeid=i","cat":284504},{"id":187605,"n":"Brassé bio Baby Bio Chèvre abricot banane - 260g","p":3.16,"u":"12,15 €/KG","img":"https://fd1-photos.leclercdrive.fr/image.ashx?id=2858231&use=l&cat=p&typeid=i","cat":312392},{"id":187613,"n":"Petits pots bébé P'TITE RECETTE Poisson provençal 12M+ - 2x200g","p":2.2,"u":"5,50 €/KG","img":"https://fd1-photos.leclercdrive.fr/image.ashx?id=2737150&use=l&cat=p&typeid=i","cat":312237},{"id":187690,"n":"Fond de teint L'Oréal Paris Infaillible 140 haute couvrance","p":12.49,"img":"https://fd1-photos.leclercdrive.fr/image.ashx?id=2735365&use=l&cat=p&typeid=i","cat":287029},{"id":187701,"n":"Galettes St Michel 208g","p":1.8,"u":"8,65 €/KG","img":"https://fd1-photos.leclercdrive.fr/image.ashx?id=2936218&use=l&cat=p&typeid=i","cat":284487},{"id":187702,"n":"Biscuit petit beurre St Michel 180g","p":1.39,"u":"7,72 €/KG","img":"https://fd1-photos.leclercdrive.fr/image.ashx?id=3002051&use=l&cat=p&typeid=i","cat":284487},{"id":187808,"n":"Haricots rouges D'aucy  2x125g","p":1.64,"u":"6,56 €/KG","img":"https://fd1-photos.leclercdrive.fr/image.ashx?id=2861933&use=l&cat=p&typeid=i","cat":312606},{"id":187848,"n":"R/c Peach quad 1:20e Dès 6 ans","p":34.4,"u":"Dont 0,20 € d'éco-part.","img":"https://fd1-photos.leclercdrive.fr/image.ashx?id=2415123&use=l&cat=p&typeid=i","cat":334382},{"id":187849,"n":"R/c Yoshi quad 1:20e Dès 6 ans","p":34.4,"u":"Dont 0,20 € d'éco-part.","img":"https://fd1-photos.leclercdrive.fr/image.ashx?id=2415120&use=l&cat=p&typeid=i","cat":334382},{"id":187851,"n":"R/c Mario quad 1:20e Dès 6 ans","p":34.4,"u":"Dont 0,20 € d'éco-part.","img":"https://fd1-photos.leclercdrive.fr/image.ashx?id=2415162&use=l&cat=p&typeid=i","cat":334382},{"id":187906,"n":"Mon cube d'activités - Kidway Dès 1 an","p":9.9,"img":"https://fd1-photos.leclercdrive.fr/image.ashx?id=2412129&use=l&cat=p&typeid=i","cat":334379},{"id":187926,"n":"Muesli Bio Village Crousti bio - Chocolat","p":2.9,"u":"5,80 €/KG","img":"https://fd1-photos.leclercdrive.fr/image.ashx?id=2598716&use=l&cat=p&typeid=i","cat":309512},{"id":187932,"n":"Nouilles sautées Yakisoba Boeuf - 93g","p":1.8,"u":"19,35 €/KG","img":"https://fd1-photos.leclercdrive.fr/image.ashx?id=3004423&use=l&cat=p&typeid=i","cat":288992},{"id":187985,"n":"Tomate cerise grappe Savéol 350g","p":4.99,"u":"14,26 €/KG","img":"https://fd1-photos.leclercdrive.fr/image.ashx?id=2925403&use=l&cat=p&typeid=i","cat":284352},{"id":187987,"n":"Déodorant stick Homme Mennen 24H Musk Sans Alcool - 60ml","p":3.18,"u":"53,00 €/L","img":"https://fd1-photos.leclercdrive.fr/image.ashx?id=2869113&use=l&cat=p&typeid=i","cat":284618},{"id":187990,"n":"Lait Corps Réparateur Mixa Peau abîmée desséchée - 300ml","p":3.53,"u":"11,77 €/L","img":"https://fd1-photos.leclercdrive.fr/image.ashx?id=2908186&use=l&cat=p&typeid=i","cat":325349},{"id":187999,"n":"Lait Corps réparateur Mixa Peaux desséchées - 300ml","p":3.53,"u":"11,77 €/L","img":"https://fd1-photos.leclercdrive.fr/image.ashx?id=2402394&use=l&cat=p&typeid=i","cat":325349},{"id":188001,"n":"Gel coiffant Vivelle DOP Fixation Extrême - 190ml","p":3.75,"u":"19,74 €/L","img":"https://fd1-photos.leclercdrive.fr/image.ashx?id=2402403&use=l&cat=p&typeid=i","cat":284609},{"id":188003,"n":"Gel Coiffant Béton Dop Vivelle Fixation 24h - 190ml","p":3.75,"u":"19,74 €/L","img":"https://fd1-photos.leclercdrive.fr/image.ashx?id=2402406&use=l&cat=p&typeid=i","cat":284609},{"id":188007,"n":"Gel Coiffant Vivelle Dop Fixation invisible - 190ml","p":4.2,"u":"22,11 €/L","img":"https://fd1-photos.leclercdrive.fr/image.ashx?id=2402397&use=l&cat=p&typeid=i","cat":284609},{"id":188008,"n":"Lait corps Mixa  Peaux extra sèches - 400ml","p":4.39,"u":"10,98 €/L","img":"https://fd1-photos.leclercdrive.fr/image.ashx?id=2402355&use=l&cat=p&typeid=i","cat":325349},{"id":188011,"n":"Tablette de chocolat Lindt Lait noisettes - 2x100g","p":4.69,"u":"23,45 €/KG","img":"https://fd1-photos.leclercdrive.fr/image.ashx?id=2654614&use=l&cat=p&typeid=i","cat":284497},{"id":188013,"n":"Tablette de chocolat Lindt Lait extra fin - 3x100g","p":5.62,"u":"18,73 €/KG","img":"https://fd1-photos.leclercdrive.fr/image.ashx?id=2655853&use=l&cat=p&typeid=i","cat":284497},{"id":188014,"n":"Café en Grains Carte Noire  Arabica Classique - 1kg","p":20.77,"u":"20,77 €/KG","img":"https://fd1-photos.leclercdrive.fr/image.ashx?id=2980130&use=l&cat=p&typeid=i","cat":293237},{"id":188168,"n":"Féta AOP Salakis Fromage brebis et chèvre - 150g","p":2.77,"u":"18,47 €/KG","img":"https://fd1-photos.leclercdrive.fr/image.ashx?id=2879128&use=l&cat=p&typeid=i","cat":314026},{"id":188271,"n":"Matière grasse doux Astra  À tartiner à cuire 70%MG - 500g","p":2.57,"u":"5,14 €/KG","img":"https://fd1-photos.leclercdrive.fr/image.ashx?id=2406301&use=l&cat=p&typeid=i","cat":315229},{"id":188277,"n":"Crêpes bretonnes au froment x6 - 175g","p":3.42,"u":"19,54 €/KG","img":"https://fd1-photos.leclercdrive.fr/image.ashx?id=2406034&use=l&cat=p&typeid=i","cat":284494},{"id":188293,"n":"Moutarde Amora Mi-forte - 260g","p":2.19,"u":"8,42 €/KG","img":"https://fd1-photos.leclercdrive.fr/image.ashx?id=3005398&use=l&cat=p&typeid=i","cat":288850},{"id":188294,"n":"Jambon Le Bon Paris Herta À l'étouffé x2 - 85g","p":1.48,"u":"17,41 €/KG","img":"https://fd1-photos.leclercdrive.fr/image.ashx?id=2566263&use=l&cat=p&typeid=i","cat":316009},{"id":188295,"n":"Jambon Le Bon Paris Herta À l'étouffée x4 - 170g","p":2.1,"u":"12,35 €/KG","img":"https://fd1-photos.leclercdrive.fr/image.ashx?id=2731390&use=l&cat=p&typeid=i","cat":316009},{"id":188296,"n":"Jambon Le Bon Paris Herta À l'étouffée x6 - 255g","p":2.95,"u":"11,57 €/KG","img":"https://fd1-photos.leclercdrive.fr/image.ashx?id=2418720&use=l&cat=p&typeid=i","cat":316009},{"id":188297,"n":"Jambon Le Bon Paris Herta À l'étouffée x8 - 340g","p":3.86,"u":"11,35 €/KG","img":"https://fd1-photos.leclercdrive.fr/image.ashx?id=2921519&use=l&cat=p&typeid=i","cat":316009},{"id":188299,"n":"Jambon Le Bon Paris Herta À l'étouffée x10 - 425g","p":4.75,"u":"11,18 €/KG","img":"https://fd1-photos.leclercdrive.fr/image.ashx?id=2757599&use=l&cat=p&typeid=i","cat":316009},{"id":188780,"n":"Bananes 1kg","p":1.69,"u":"1,69 €/KG","img":"https://fd1-photos.leclercdrive.fr/image.ashx?id=1628476&use=l&cat=p&typeid=i","cat":284356},{"id":189003,"n":"Carotte fane la botte   1p","p":2.19,"img":"https://fd1-photos.leclercdrive.fr/image.ashx?id=1632695&use=l&cat=p&typeid=i","cat":284352},{"id":189030,"n":"Carotte de sable 1kg","p":1.39,"u":"1,39 €/KG","img":"https://fd1-photos.leclercdrive.fr/image.ashx?id=2077676&use=l&cat=p&typeid=i","cat":284352},{"id":189149,"n":"Brocolis bio Bio Village 500g","p":2.49,"u":"4,98 €/KG","img":"https://fd1-photos.leclercdrive.fr/image.ashx?id=2960547&use=l&cat=p&typeid=i","cat":284352},{"id":189441,"n":"Choux de Bruxelles 500g","p":1.49,"u":"2,98 €/KG","img":"https://fd1-photos.leclercdrive.fr/image.ashx?id=598741&use=l&cat=p&typeid=i","cat":284352},{"id":189493,"n":"Chou romanesco 1p","p":3.79,"img":"https://fd1-photos.leclercdrive.fr/image.ashx?id=1631949&use=l&cat=p&typeid=i","cat":284352},{"id":189512,"n":"Chou rouge 1p","p":1.69,"img":"https://fd1-photos.leclercdrive.fr/image.ashx?id=560850&use=l&cat=p&typeid=i","cat":284352},{"id":189821,"n":"Clémentines  1kg","p":3.29,"u":"3,29 €/KG","img":"https://fd1-photos.leclercdrive.fr/image.ashx?id=1628983&use=l&cat=p&typeid=i","cat":284356},{"id":189842,"n":"Clémentines  Toile de jute  1.5kg","p":3.69,"u":"2,46 €/KG","img":"https://fd1-photos.leclercdrive.fr/image.ashx?id=1635852&use=l&cat=p&typeid=i","cat":284356},{"id":189882,"n":"Concombre 2x1p","p":4.0,"u":"2,00 €/P","img":"https://fd1-photos.leclercdrive.fr/image.ashx?id=1631952&use=l&cat=p&typeid=i","cat":284352},{"id":190013,"n":"Tomates cerises mélangées Barquette 400g","p":2.99,"u":"7,48 €/KG","img":"https://fd1-photos.leclercdrive.fr/image.ashx?id=1633238&use=l&cat=p&typeid=i","cat":284352},{"id":190079,"n":"Tomate cerise allongée Barquette 400g","p":2.39,"u":"5,98 €/KG","img":"https://fd1-photos.leclercdrive.fr/image.ashx?id=1700878&use=l&cat=p&typeid=i","cat":284352},{"id":190124,"n":"Tomate sans résidus Coeur de pigeon - 250g","p":4.49,"u":"17,96 €/KG","img":"https://fd1-photos.leclercdrive.fr/image.ashx?id=2090135&use=l&cat=p&typeid=i","cat":284352},{"id":190154,"n":"Tomate cerise mélangée 1kg","p":7.99,"u":"7,99 €/KG","img":"https://fd1-photos.leclercdrive.fr/image.ashx?id=1633238&use=l&cat=p&typeid=i","cat":284352},{"id":190328,"n":"Courgette  2kg","p":6.5,"u":"3,25 €/KG","img":"https://fd1-photos.leclercdrive.fr/image.ashx?id=1632048&use=l&cat=p&typeid=i","cat":284352},{"id":190353,"n":"Courgette 1kg","p":3.49,"u":"3,49 €/KG","img":"https://fd1-photos.leclercdrive.fr/image.ashx?id=1631740&use=l&cat=p&typeid=i","cat":284352},{"id":190679,"n":"Framboises Barquette  125g","p":2.69,"u":"21,52 €/KG","img":"https://fd1-photos.leclercdrive.fr/image.ashx?id=1633883&use=l&cat=p&typeid=i","cat":284356},{"id":190956,"n":"Tomate ronde en grappe 1kg","p":3.99,"u":"3,99 €/KG","img":"https://fd1-photos.leclercdrive.fr/image.ashx?id=1701019&use=l&cat=p&typeid=i","cat":284352},{"id":191059,"n":"Panais  500g","p":1.1,"u":"2,20 €/KG","img":"https://fd1-photos.leclercdrive.fr/image.ashx?id=1632611&use=l&cat=p&typeid=i","cat":284352},{"id":191109,"n":"Patate douce Sachet 1kg","p":2.19,"u":"2,19 €/KG","img":"https://fd1-photos.leclercdrive.fr/image.ashx?id=1632578&use=l&cat=p&typeid=i","cat":284352},{"id":191680,"n":"Pomme de terre de consommation Raclette tartiflette - 2.5kg","p":3.39,"u":"1,36 €/KG","img":"https://fd1-photos.leclercdrive.fr/image.ashx?id=1633103&use=l&cat=p&typeid=i","cat":284352},{"id":191817,"n":"Pomme de terre de consommation De ma région 5kg","p":4.19,"u":"0,84 €/KG","img":"https://fd1-photos.leclercdrive.fr/image.ashx?id=588142&use=l&cat=p&typeid=i","cat":284352},{"id":191824,"n":"Pomme de terre de consommation Charlotte - 2.5kg","p":3.19,"u":"1,28 €/KG","img":"https://fd1-photos.leclercdrive.fr/image.ashx?id=778561&use=l&cat=p&typeid=i","cat":284352},{"id":191925,"n":"Pomme de terre non lavée 1 kg","p":1.69,"u":"1,69 €/KG","img":"https://fd1-photos.leclercdrive.fr/image.ashx?id=1547326&use=l&cat=p&typeid=i","cat":284352},{"id":192331,"n":"Pommes Gala  1kg","p":2.29,"u":"2,29 €/KG","img":"https://fd1-photos.leclercdrive.fr/image.ashx?id=1630945&use=l&cat=p&typeid=i","cat":284356},{"id":192337,"n":"Pommes Golden  1kg","p":2.29,"u":"2,29 €/KG","img":"https://fd1-photos.leclercdrive.fr/image.ashx?id=1630948&use=l&cat=p&typeid=i","cat":284356},{"id":192394,"n":"Pommes Granny Smith  1kg","p":2.39,"u":"2,39 €/KG","img":"https://fd1-photos.leclercdrive.fr/image.ashx?id=1636482&use=l&cat=p&typeid=i","cat":284356},{"id":192436,"n":"Pommes Reinette  1kg","p":3.99,"u":"3,99 €/KG","img":"https://fd1-photos.leclercdrive.fr/image.ashx?id=1629432&use=l&cat=p&typeid=i","cat":284356},{"id":193188,"n":"Poires Conférence  1kg","p":3.69,"u":"3,69 €/KG","img":"https://fd1-photos.leclercdrive.fr/image.ashx?id=1636335&use=l&cat=p&typeid=i","cat":284356},{"id":193428,"n":"Litchis  500g","p":3.59,"u":"7,18 €/KG","img":"https://fd1-photos.leclercdrive.fr/image.ashx?id=1636365&use=l&cat=p&typeid=i","cat":284356},{"id":193451,"n":"Haricot vert 500g","p":2.79,"u":"5,58 €/KG","img":"https://fd1-photos.leclercdrive.fr/image.ashx?id=1634297&use=l&cat=p&typeid=i","cat":284352},{"id":193520,"n":"Kiwis  4p","p":2.8,"u":"0,70 €/P","img":"https://fd1-photos.leclercdrive.fr/image.ashx?id=1634000&use=l&cat=p&typeid=i","cat":284356},{"id":193565,"n":"Kiwi vert 1p","p":0.89,"img":"https://fd1-photos.leclercdrive.fr/image.ashx?id=2077670&use=l&cat=p&typeid=i","cat":284356},{"id":193592,"n":"Kiwis jaunes 4p","p":3.4,"img":"https://fd1-photos.leclercdrive.fr/image.ashx?id=1633952&use=l&cat=p&typeid=i","cat":284356},{"id":193607,"n":"Kiwi jaune 1p","p":0.99,"img":"https://fd1-photos.leclercdrive.fr/image.ashx?id=1633952&use=l&cat=p&typeid=i","cat":284356},{"id":193613,"n":"Noix de coco 1p","p":1.39,"img":"https://fd1-photos.leclercdrive.fr/image.ashx?id=1629549&use=l&cat=p&typeid=i","cat":284356},{"id":193901,"n":"Assortiment légumes pour potée 1.5kg","p":4.99,"u":"3,33 €/KG","img":"https://fd1-photos.leclercdrive.fr/image.ashx?id=614582&use=l&cat=p&typeid=i","cat":284352},{"id":194064,"n":"Jambon Le Bon Paris Herta  sans nitrite x6 - 210g","p":3.46,"u":"16,48 €/KG","img":"https://fd1-photos.leclercdrive.fr/image.ashx?id=2731396&use=l&cat=p&typeid=i","cat":316009},{"id":194071,"n":"Jambon Le Bon Paris Herta -25% de sel x2 - 70g","p":1.48,"u":"21,14 €/KG","img":"https://fd1-photos.leclercdrive.fr/image.ashx?id=2405899&use=l&cat=p&typeid=i","cat":316009},{"id":194073,"n":"Jambon Le Bon Paris Herta -25% de sel x4 - 140g","p":2.39,"u":"17,07 €/KG","img":"https://fd1-photos.leclercdrive.fr/image.ashx?id=2995067&use=l&cat=p&typeid=i","cat":316009},{"id":194075,"n":"Jambon Le Bon Paris Herta -25%  de sel sans nitrite x4 - 140g","p":2.61,"u":"18,64 €/KG","img":"https://fd1-photos.leclercdrive.fr/image.ashx?id=2910124&use=l&cat=p&typeid=i","cat":316009},{"id":194078,"n":"Jambon Le Bon Paris Herta Fumé x4 - 140g","p":2.47,"u":"17,64 €/KG","img":"https://fd1-photos.leclercdrive.fr/image.ashx?id=2918664&use=l&cat=p&typeid=i","cat":316009},{"id":194080,"n":"Jambon Le Bon Paris Herta  broche sans nitrite x4 - 140g","p":2.88,"u":"20,57 €/KG","img":"https://fd1-photos.leclercdrive.fr/image.ashx?id=2881804&use=l&cat=p&typeid=i","cat":316009},{"id":194081,"n":"Jambon Le Bon Paris Fumé Herta sans nitrite x4 - 140g","p":2.75,"u":"19,64 €/KG","img":"https://fd1-photos.leclercdrive.fr/image.ashx?id=2881807&use=l&cat=p&typeid=i","cat":316009},{"id":194088,"n":"Barquette chien poulet dinde Edgard et Cooper - 300g","p":2.89,"u":"9,63 €/KG","img":"https://fd1-photos.leclercdrive.fr/image.ashx?id=2406217&use=l&cat=p&typeid=i","cat":284673},{"id":194209,"n":"Camion porte voitures - Abrick Dès 18 mois","p":9.9,"img":"https://fd1-photos.leclercdrive.fr/image.ashx?id=2405539&use=l&cat=p&typeid=i","cat":334382},{"id":194210,"n":"Boite dinette 100 pieces Dès 18 mois","p":14.5,"img":"https://fd1-photos.leclercdrive.fr/image.ashx?id=2405533&use=l&cat=p&typeid=i","cat":334379},{"id":194252,"n":"L'atelier des ongles Clementoni Dès 6 ans","p":16.5,"u":"Dont 0,12 € d'éco-part.","img":"https://fd1-photos.leclercdrive.fr/image.ashx?id=2787941&use=l&cat=p&typeid=i","cat":334379},{"id":194296,"n":"Bloc de fromage Leerdammer Le Moelleux - 250g","p":3.48,"u":"13,92 €/KG","img":"https://fd1-photos.leclercdrive.fr/image.ashx?id=2421606&use=l&cat=p&typeid=i","cat":314034},{"id":194297,"n":"Tranches de fromage Leerdammer L'Original - 8 Tranches - 200g","p":2.45,"u":"12,25 €/KG","img":"https://fd1-photos.leclercdrive.fr/image.ashx?id=2489199&use=l&cat=p&typeid=i","cat":314028},{"id":194298,"n":"Tranches de fromage Leerdammer L'Original - 16 Tranches - 400g","p":4.55,"u":"11,38 €/KG","img":"https://fd1-photos.leclercdrive.fr/image.ashx?id=2489196&use=l&cat=p&typeid=i","cat":314028},{"id":194299,"n":"Tranches de fromage Leerdammer Le Moelleux-10 Tranches-250g","p":3.85,"u":"15,40 €/KG","img":"https://fd1-photos.leclercdrive.fr/image.ashx?id=2507599&use=l&cat=p&typeid=i","cat":314028},{"id":194301,"n":"Tranches de fromage Leerdammer L'Original - 12 Tranches - 300g","p":3.58,"u":"11,93 €/KG","img":"https://fd1-photos.leclercdrive.fr/image.ashx?id=2507602&use=l&cat=p&typeid=i","cat":314028},{"id":194302,"n":"Tranches de fromage Leerdammer Le Moelleux - 6 Tranches - 150g","p":2.49,"u":"16,60 €/KG","img":"https://fd1-photos.leclercdrive.fr/image.ashx?id=2507590&use=l&cat=p&typeid=i","cat":314028},{"id":194310,"n":"Bonbons KINDER Schoko-Bons Chocolat blanc - 200G","p":3.69,"u":"18,45 €/KG","img":"https://fd1-photos.leclercdrive.fr/image.ashx?id=2406265&use=l&cat=p&typeid=i","cat":304238},{"id":194329,"n":"Huile végétale amande douce bio 250ml","p":19.69,"u":"78,76 €/L","img":"https://fd1-photos.leclercdrive.fr/image.ashx?id=2407646&use=l&cat=p&typeid=i","cat":290422},{"id":194333,"n":"Soin yeux Vichy Minéral Fortifiant & réparateur - 15ml","p":18.99,"img":"https://fd1-photos.leclercdrive.fr/image.ashx?id=2406043&use=l&cat=p&typeid=i","cat":291172},{"id":194334,"n":"Fluide Capital Soleil Vichy SPF50  - 40ml","p":19.9,"u":"497,50 €/L","img":"https://fd1-photos.leclercdrive.fr/image.ashx?id=3001365&use=l&cat=p&typeid=i","cat":290396},{"id":194347,"n":"Crème regénération cellulaire Avène Hyaluron Activ B3 - 50ml","p":32.9,"u":"658,00 €/L","img":"https://fd1-photos.leclercdrive.fr/image.ashx?id=2733151&use=l&cat=p&typeid=i","cat":291168},{"id":194354,"n":"Crème multi-intensive nuit Avène - 40ml","p":33.85,"u":"846,25 €/L","img":"https://fd1-photos.leclercdrive.fr/image.ashx?id=2968262&use=l&cat=p&typeid=i","cat":291171},{"id":194360,"n":"Anacaps expert chute de cheveux Ducray - x90 gélules","p":28.92,"img":"https://fd1-photos.leclercdrive.fr/image.ashx?id=2556159&use=l&cat=p&typeid=i","cat":301266},{"id":194620,"n":"Trotteur d'activités évolutif Fisher-Price - Dès 6 mois","p":34.9,"u":"Dont 0,23 € d'éco-part.","img":"https://fd1-photos.leclercdrive.fr/image.ashx?id=2429203&use=l&cat=p&typeid=i","cat":334379},{"id":194699,"n":"Lait Corps Nourissant Mixa Effet Soleil - 250ml","p":4.12,"u":"16,48 €/L","img":"https://fd1-photos.leclercdrive.fr/image.ashx?id=2409379&use=l&cat=p&typeid=i","cat":325349},{"id":195790,"n":"AOP  Vin rouge Moulis en Médoc Chateau Poujeaux - 75cl","p":28.5,"u":"38,00 €/L","img":"https://fd1-photos.leclercdrive.fr/image.ashx?id=2411120&use=l&cat=p&typeid=i","cat":289556},{"id":195878,"n":"Citrons  1kg","p":5.99,"u":"5,99 €/KG","img":"https://fd1-photos.leclercdrive.fr/image.ashx?id=1628650&use=l&cat=p&typeid=i","cat":284356},{"id":195897,"n":"Café moulu La Brûlerie Sonneurs 100% Arabica - 250g","p":4.09,"u":"16,36 €/KG","img":"https://fd1-photos.leclercdrive.fr/image.ashx?id=2413666&use=l&cat=p&typeid=i","cat":284750},{"id":195901,"n":"Café moulu La Brûlerie Gourmet - 250g","p":4.59,"u":"18,36 €/KG","img":"https://fd1-photos.leclercdrive.fr/image.ashx?id=2413669&use=l&cat=p&typeid=i","cat":284750},{"id":195904,"n":"Café moulu La Brûlerie Brésil - 250g","p":4.21,"u":"16,84 €/KG","img":"https://fd1-photos.leclercdrive.fr/image.ashx?id=2429425&use=l&cat=p&typeid=i","cat":284750},{"id":195919,"n":"Jambon Le Bon Paris Herta  sans nitrite x2 - 70g","p":1.81,"u":"25,86 €/KG","img":"https://fd1-photos.leclercdrive.fr/image.ashx?id=2413531&use=l&cat=p&typeid=i","cat":316009},{"id":195960,"n":"Coton-tiges bébé Mots d'Enfants Bio - x60","p":0.65,"u":"0,01 €/P","img":"https://fd1-photos.leclercdrive.fr/image.ashx?id=3015129&use=l&cat=p&typeid=i","cat":284739},{"id":195965,"n":"Mascara waterproof Maybelline Sky High volume & longueur Noir","p":9.45,"pp":6.24,"img":"https://fd1-photos.leclercdrive.fr/image.ashx?id=2833153&use=l&cat=p&typeid=i","cat":287029},{"id":195972,"n":"Mascara L'Oréal Paris  Pro XXL effet rehaussement cils","p":13.71,"img":"https://fd1-photos.leclercdrive.fr/image.ashx?id=2412837&use=l&cat=p&typeid=i","cat":287029},{"id":195981,"n":"Liquide vaisselle Excel Paic Anti-odeur actif à froid -500ml","p":2.02,"u":"4,04 €/L","img":"https://fd1-photos.leclercdrive.fr/image.ashx?id=2413176&use=l&cat=p&typeid=i","cat":284655},{"id":195983,"n":"Liquide vaisselle Excel Paic Dégraissant actif à froid 500ml","p":1.92,"u":"3,84 €/L","img":"https://fd1-photos.leclercdrive.fr/image.ashx?id=2413182&use=l&cat=p&typeid=i","cat":284655},{"id":195985,"n":"Mascara Volume L'Oréal Paris Pro Xxl Effet Faux Cils","p":12.79,"img":"https://fd1-photos.leclercdrive.fr/image.ashx?id=2412840&use=l&cat=p&typeid=i","cat":287029},{"id":196116,"n":"Jambon Le Bon Paris Herta  -25% Sel x6 - 210g","p":2.78,"u":"13,24 €/KG","img":"https://fd1-photos.leclercdrive.fr/image.ashx?id=2707750&use=l&cat=p&typeid=i","cat":316009},{"id":196117,"n":"Jambon Le Bon Paris Herta -25% de sel x2 - 70g","p":1.82,"u":"26,00 €/KG","img":"https://fd1-photos.leclercdrive.fr/image.ashx?id=2414109&use=l&cat=p&typeid=i","cat":316009},{"id":196118,"n":"Jambon Le Bon Paris Herta -25% de sel -x6 - 210g","p":3.84,"u":"18,29 €/KG","img":"https://fd1-photos.leclercdrive.fr/image.ashx?id=2414112&use=l&cat=p&typeid=i","cat":316009},{"id":196120,"n":"Jambon Le Bon Paris Herta Broche x4 - 140g","p":2.72,"u":"19,43 €/KG","img":"https://fd1-photos.leclercdrive.fr/image.ashx?id=3008158&use=l&cat=p&typeid=i","cat":316009},{"id":196123,"n":"Eyeliner L'Oréal Paris  Infaillible Waterproof Noir","p":11.19,"img":"https://fd1-photos.leclercdrive.fr/image.ashx?id=2419179&use=l&cat=p&typeid=i","cat":287029},{"id":196165,"n":"Barre de céréales Nature Valley Crunchy chocolat lait X8-160g","p":3.0,"u":"18,75 €/KG","img":"https://fd1-photos.leclercdrive.fr/image.ashx?id=2754465&use=l&cat=p&typeid=i","cat":300032},{"id":196266,"n":"Mousse à Raser 0% Alcool Mennen Peaux sensibles - 250ml","p":2.25,"u":"9,00 €/L","img":"https://fd1-photos.leclercdrive.fr/image.ashx?id=2661733&use=l&cat=p&typeid=i","cat":284617},{"id":196267,"n":"Mousse à Raser 0% Alcool Mennen Hypoallergénique - 250ml","p":2.28,"u":"9,12 €/L","img":"https://fd1-photos.leclercdrive.fr/image.ashx?id=2661736&use=l&cat=p&typeid=i","cat":284617},{"id":196373,"n":"Boîte de chocolats Kinder Happy Moments - 382g","p":13.95,"u":"36,52 €/KG","img":"https://fd1-photos.leclercdrive.fr/image.ashx?id=2896435&use=l&cat=p&typeid=i","cat":327592},{"id":196376,"n":"Mix boite sélection  Kinder Chocolat - 174g","p":7.98,"u":"45,86 €/KG","img":"https://fd1-photos.leclercdrive.fr/image.ashx?id=2799656&use=l&cat=p&typeid=i","cat":327592},{"id":196377,"n":"Mix sélection white Kinder Chocolat - 137g","p":7.95,"u":"58,03 €/KG","img":"https://fd1-photos.leclercdrive.fr/image.ashx?id=2689091&use=l&cat=p&typeid=i","cat":327592},{"id":196378,"n":"Boîte chocolats Ferrero Rocher x16 pralines - 200g","p":5.41,"u":"27,05 €/KG","img":"https://fd1-photos.leclercdrive.fr/image.ashx?id=2963841&use=l&cat=p&typeid=i","cat":327600},{"id":196379,"n":"Boîte chocolats Ferrero Rocher x30 pralines - 375g","p":8.77,"u":"23,39 €/KG","img":"https://fd1-photos.leclercdrive.fr/image.ashx?id=2938091&use=l&cat=p&typeid=i","cat":327600},{"id":196380,"n":"Pralines Raffaello Noix de coco amandes x40- 400g","p":14.5,"u":"36,25 €/KG","img":"https://fd1-photos.leclercdrive.fr/image.ashx?id=2945005&use=l&cat=p&typeid=i","cat":327595},{"id":196431,"n":"Beurre Nature de Breton  Demi-sel - 80% MG - 250g","p":2.39,"u":"9,56 €/KG","img":"https://fd1-photos.leclercdrive.fr/image.ashx?id=2872042&use=l&cat=p&typeid=i","cat":284379},{"id":196439,"n":"Beurre Nature de Breton Doux - 82% MG - 250g","p":2.39,"u":"9,56 €/KG","img":"https://fd1-photos.leclercdrive.fr/image.ashx?id=2872039&use=l&cat=p&typeid=i","cat":284379},{"id":196534,"n":"Cake chorizo et poivrons Au piment de Cayenne - 230g","p":5.19,"u":"22,57 €/KG","img":"https://fd1-photos.leclercdrive.fr/image.ashx?id=2041245&use=l&cat=p&typeid=i","cat":316003},{"id":196566,"n":"Fromage de Chèvre Chavroux Frais Nature - 150g","p":2.07,"u":"13,80 €/KG","img":"https://fd1-photos.leclercdrive.fr/image.ashx?id=2912161&use=l&cat=p&typeid=i","cat":314031},{"id":196619,"n":"Lingettes bébé WaterWipes 99,9% d'eau - Lot 4+1 x60","p":13.9,"u":"0,05 €/P","img":"https://fd1-photos.leclercdrive.fr/image.ashx?id=2419398&use=l&cat=p&typeid=i","cat":290385},{"id":196663,"n":"Boisson énergisante Monster Nitro Superdry - 50cl","p":1.67,"u":"3,34 €/L","img":"https://fd1-photos.leclercdrive.fr/image.ashx?id=2419395&use=l&cat=p&typeid=i","cat":284533},{"id":196685,"n":"Pizza Numero Uno Italpizza Margherita - 410g","p":3.49,"u":"8,51 €/KG","img":"https://fd1-photos.leclercdrive.fr/image.ashx?id=2419752&use=l&cat=p&typeid=i","cat":284256},{"id":196686,"n":"Pizza Numero Uno Italpizza Prosciutto & Funghi - 440g","p":3.65,"u":"8,30 €/KG","img":"https://fd1-photos.leclercdrive.fr/image.ashx?id=2419758&use=l&cat=p&typeid=i","cat":284256},{"id":196687,"n":"Pizza Numero Uno Italpizza 5 Fromaggi - 410g","p":3.58,"u":"8,73 €/KG","img":"https://fd1-photos.leclercdrive.fr/image.ashx?id=2419761&use=l&cat=p&typeid=i","cat":284256},{"id":196688,"n":"Pizza Numero Uno Italpizza Salamino - 410g","p":3.84,"u":"9,37 €/KG","img":"https://fd1-photos.leclercdrive.fr/image.ashx?id=2419755&use=l&cat=p&typeid=i","cat":284256},{"id":196772,"n":"Beurre de baratte Le Gall Demi-sel - 80% MG - 230g","p":3.18,"u":"13,83 €/KG","img":"https://fd1-photos.leclercdrive.fr/image.ashx?id=2421219&use=l&cat=p&typeid=i","cat":284379},{"id":196797,"n":"Crème à récurer Cif Cleanboost - Javel - 750ml","p":2.43,"u":"3,24 €/L","img":"https://fd1-photos.leclercdrive.fr/image.ashx?id=2804592&use=l&cat=p&typeid=i","cat":325357},{"id":196800,"n":"Lait de croissance Picot 3ème âge - 850g","p":11.59,"u":"13,64 €/KG","img":"https://fd1-photos.leclercdrive.fr/image.ashx?id=2925427&use=l&cat=p&typeid=i","cat":290219},{"id":196832,"n":"Assaisonnement  Ducros Persillade - 95g","p":2.42,"u":"25,47 €/KG","img":"https://fd1-photos.leclercdrive.fr/image.ashx?id=2421153&use=l&cat=p&typeid=i","cat":298297},{"id":196856,"n":"Croquettes chat Purina One Chat stérilisé sensible - 1.5kg","p":6.99,"u":"4,66 €/KG","img":"https://fd1-photos.leclercdrive.fr/image.ashx?id=2488085&use=l&cat=p&typeid=i","cat":284680},{"id":196965,"n":"Liqueur de menthe Get 27 17,9° - 70cl","p":12.45,"u":"17,79 €/L","img":"https://fd1-photos.leclercdrive.fr/image.ashx?id=2835565&use=l&cat=p&typeid=i","cat":286032},{"id":197238,"n":"Oranges à déguster  1kg","p":3.49,"u":"3,49 €/KG","img":"https://fd1-photos.leclercdrive.fr/image.ashx?id=1629582&use=l&cat=p&typeid=i","cat":284356},{"id":197354,"n":"Préparation Moelleux Nature Alsa- 500g","p":3.85,"u":"7,70 €/KG","img":"https://fd1-photos.leclercdrive.fr/image.ashx?id=2812666&use=l&cat=p&typeid=i","cat":284505},{"id":197356,"n":"Tablette de chocolat Lindt Double lait - 2X100G","p":4.65,"u":"23,25 €/KG","img":"https://fd1-photos.leclercdrive.fr/image.ashx?id=2654617&use=l&cat=p&typeid=i","cat":284497},{"id":197362,"n":"Nouilles japonaises Nissin Poulet à l'asiatique - 63G","p":1.83,"u":"29,05 €/KG","img":"https://fd1-photos.leclercdrive.fr/image.ashx?id=2425913&use=l&cat=p&typeid=i","cat":288992},{"id":197383,"n":"Champignon pleurote Barquette   200g","p":2.39,"u":"11,95 €/KG","img":"https://fd1-photos.leclercdrive.fr/image.ashx?id=1632644&use=l&cat=p&typeid=i","cat":284352},{"id":197475,"n":"Effilés Chat Junior Purina One Sauce saumon ou poulet - 8x85g","p":4.66,"u":"6,85 €/KG","img":"https://fd1-photos.leclercdrive.fr/image.ashx?id=2899731&use=l&cat=p&typeid=i","cat":285286},{"id":197486,"n":"Soupe en sachets chat Felix Selection de poissons - 6x48g","p":1.79,"u":"6,22 €/KG","img":"https://fd1-photos.leclercdrive.fr/image.ashx?id=2968553&use=l&cat=p&typeid=i","cat":285286},{"id":197547,"n":"Bâtonnets à mâcher Dentalife ActivFresh - 115g - x7","p":1.89,"u":"16,43 €/KG","img":"https://fd1-photos.leclercdrive.fr/image.ashx?id=2902373&use=l&cat=p&typeid=i","cat":294527},{"id":197561,"n":"Bâtonnet à mâcher Dentalife ActivFresh - 115g - x5","p":1.99,"u":"17,30 €/KG","img":"https://fd1-photos.leclercdrive.fr/image.ashx?id=2427697&use=l&cat=p&typeid=i","cat":294527},{"id":197607,"n":"Lait en poudre Bio Picot 3ème âge - 800g","p":14.62,"u":"18,28 €/KG","img":"https://fd1-photos.leclercdrive.fr/image.ashx?id=2427907&use=l&cat=p&typeid=i","cat":290219},{"id":197625,"n":"Tablette de chocolat noir Lindt 3x100g","p":4.55,"u":"15,17 €/KG","img":"https://fd1-photos.leclercdrive.fr/image.ashx?id=2721422&use=l&cat=p&typeid=i","cat":284956},{"id":197697,"n":"Crème de nuit L'Oréal Paris Age perfect Anti-âge - 50ml","p":11.97,"pp":7.9,"u":"158,00 €/L","img":"https://fd1-photos.leclercdrive.fr/image.ashx?id=2428441&use=l&cat=p&typeid=i","cat":325345},{"id":197766,"n":"Ballotin Chevaliers d'Argouges Assortiment chocolats - 185g","p":9.45,"u":"51,08 €/KG","img":"https://fd1-photos.leclercdrive.fr/image.ashx?id=2429335&use=l&cat=p&typeid=i","cat":327595},{"id":198164,"n":"Biscuit So crack Bret's Saveur curry fruité - 70g","p":2.09,"u":"29,86 €/KG","img":"https://fd1-photos.leclercdrive.fr/image.ashx?id=2435393&use=l&cat=p&typeid=i","cat":284449},{"id":198193,"n":"Bière Lindemans framboise 25cl","p":1.85,"u":"7,40 €/L","img":"https://fd1-photos.leclercdrive.fr/image.ashx?id=2433458&use=l&cat=p&typeid=i","cat":334872},{"id":198195,"n":"Bière Lindemans New Pecheresse 25cl","p":1.85,"u":"7,40 €/L","img":"https://fd1-photos.leclercdrive.fr/image.ashx?id=2433461&use=l&cat=p&typeid=i","cat":334872},{"id":198200,"n":"Bière Lindemans New Faro  25cl","p":1.56,"u":"6,24 €/L","img":"https://fd1-photos.leclercdrive.fr/image.ashx?id=2433464&use=l&cat=p&typeid=i","cat":334872},{"id":198268,"n":"Gin Bombay Citron Pressé 37,5° - 70cl","p":24.49,"u":"34,99 €/L","img":"https://fd1-photos.leclercdrive.fr/image.ashx?id=2842951&use=l&cat=p&typeid=i","cat":284550},{"id":198269,"n":"AOC Graves Château Clare Bordeaux rouge - 75cl","p":7.95,"u":"10,60 €/L","img":"https://fd1-photos.leclercdrive.fr/image.ashx?id=2435222&use=l&cat=p&typeid=i","cat":289556},{"id":198338,"n":"Confiture Douceur du Verger Fraise intense - 320 g","p":1.42,"u":"4,44 €/KG","img":"https://fd1-photos.leclercdrive.fr/image.ashx?id=2965605&use=l&cat=p&typeid=i","cat":284480},{"id":198349,"n":"Confiture Douceur du Verger Myrtille intense - 320g","p":1.99,"u":"6,22 €/KG","img":"https://fd1-photos.leclercdrive.fr/image.ashx?id=2965611&use=l&cat=p&typeid=i","cat":284480},{"id":198355,"n":"Confiture Douceur du Verger Framboise intense - 320g","p":2.1,"u":"6,56 €/KG","img":"https://fd1-photos.leclercdrive.fr/image.ashx?id=2965614&use=l&cat=p&typeid=i","cat":284480},{"id":198356,"n":"Confiture Douceur du Verger 3 agrumes Intense - 320g","p":1.66,"u":"5,19 €/KG","img":"https://fd1-photos.leclercdrive.fr/image.ashx?id=2966376&use=l&cat=p&typeid=i","cat":284480},{"id":198357,"n":"Confiture Douceur du Verger Fruits rouges intense - 320g","p":1.7,"u":"5,31 €/KG","img":"https://fd1-photos.leclercdrive.fr/image.ashx?id=2965617&use=l&cat=p&typeid=i","cat":284480},{"id":198522,"n":"Haricots vert Bio Village Bio - 180g","p":1.99,"u":"11,06 €/KG","img":"https://fd1-photos.leclercdrive.fr/image.ashx?id=3002713&use=l&cat=p&typeid=i","cat":312606},{"id":198523,"n":"Desserts Lactés P'TIT ONCTUEUX Fromage blanc 6M+ - 4x90g","p":1.99,"u":"5,53 €/KG","img":"https://fd1-photos.leclercdrive.fr/image.ashx?id=2435707&use=l&cat=p&typeid=i","cat":312392},{"id":198524,"n":"Desserts Lactés P'TIT ONCTUEUX Banane 6M+ - 4x90g","p":1.99,"u":"5,53 €/KG","img":"https://fd1-photos.leclercdrive.fr/image.ashx?id=2435710&use=l&cat=p&typeid=i","cat":312392},{"id":198528,"n":"Bouillon Cube Bio Maggi Volaille dégraissé - 80g","p":1.88,"u":"23,50 €/KG","img":"https://fd1-photos.leclercdrive.fr/image.ashx?id=2435722&use=l&cat=p&typeid=i","cat":288379},{"id":198582,"n":"Desserts Lactés P'TIT ONCTUEUX Mangue ananas 6M+ - 4x90g","p":1.99,"u":"5,53 €/KG","img":"https://fd1-photos.leclercdrive.fr/image.ashx?id=2435932&use=l&cat=p&typeid=i","cat":312392},{"id":198623,"n":"Capsules Nescafé Dolce Gusto  Double Espresso - x16","p":4.63,"u":"34,04 €/KG","img":"https://fd1-photos.leclercdrive.fr/image.ashx?id=2687245&use=l&cat=p&typeid=i","cat":293239},{"id":198636,"n":"Grosse saucisse fraîche Henaff  Fumée x2 - 225g","p":4.59,"u":"20,40 €/KG","img":"https://fd1-photos.leclercdrive.fr/image.ashx?id=2439185&use=l&cat=p&typeid=i","cat":284334},{"id":198647,"n":"Chorizo tranché César Moroni Fort 20 tranches - 100g","p":1.82,"u":"18,20 €/KG","img":"https://fd1-photos.leclercdrive.fr/image.ashx?id=2439026&use=l&cat=p&typeid=i","cat":316006},{"id":198696,"n":"Champagne Montaudon 75cl","p":30.71,"u":"40,95 €/L","img":"https://fd1-photos.leclercdrive.fr/image.ashx?id=2436885&use=l&cat=p&typeid=i","cat":284542},{"id":198794,"n":"Protège-slips Doulys Ultra-mince Long - x30","p":1.25,"u":"0,04 €/P","img":"https://fd1-photos.leclercdrive.fr/image.ashx?id=2882343&use=l&cat=p&typeid=i","cat":284625},{"id":198806,"n":"Fromage pour Tartiflette Président - 480g","p":5.55,"u":"11,56 €/KG","img":"https://fd1-photos.leclercdrive.fr/image.ashx?id=2757018&use=l&cat=p&typeid=i","cat":314037},{"id":198840,"n":"Tartélice citron Lotus 345g","p":3.2,"u":"9,28 €/KG","img":"https://fd1-photos.leclercdrive.fr/image.ashx?id=2439635&use=l&cat=p&typeid=i","cat":284495},{"id":198924,"n":"Gel à raser GilletteLabs Skin Care - 198ml","p":5.77,"u":"29,14 €/MT","img":"https://fd1-photos.leclercdrive.fr/image.ashx?id=2955215&use=l&cat=p&typeid=i","cat":284617},{"id":198977,"n":"Bûche Nestlé Caramel Beurre Salé, 1l","p":5.99,"u":"5,99 €/L","img":"https://fd1-photos.leclercdrive.fr/image.ashx?id=2936701&use=l&cat=p&typeid=i","cat":284266},{"id":198979,"n":"Bûche glacée Nestlé Poire Chocolat - 540g","p":5.9,"u":"10,93 €/KG","img":"https://fd1-photos.leclercdrive.fr/image.ashx?id=2750456&use=l&cat=p&typeid=i","cat":284266},{"id":199001,"n":"Attache-sucette chaînette Nuk My love - Bleu","p":5.0,"img":"https://fd1-photos.leclercdrive.fr/image.ashx?id=2437286&use=l&cat=p&typeid=i","cat":284743},{"id":199017,"n":"Single Malt Scotch Whisky Glen Moray - 70cl 40% vol.","p":28.0,"pp":24.0,"u":"34,29 €/L","img":"https://fd1-photos.leclercdrive.fr/image.ashx?id=2439611&use=l&cat=p&typeid=i","cat":284547},{"id":199027,"n":"AOP Bordeaux supérieur vin Rouge Château de Goelane - 75cl","p":6.29,"u":"8,39 €/L","img":"https://fd1-photos.leclercdrive.fr/image.ashx?id=2438450&use=l&cat=p&typeid=i","cat":289556},{"id":199066,"n":"Escargots Bourgogne Label Rouge Recette Bourguignone x36 223g","p":18.9,"pp":12.47,"u":"55,92 €/KG","img":"https://fd1-photos.leclercdrive.fr/image.ashx?id=2628776&use=l&cat=p&typeid=i","cat":319775},{"id":199097,"n":"Chocolat Père Noel Kinder 160g","p":5.0,"u":"31,25 €/KG","img":"https://fd1-photos.leclercdrive.fr/image.ashx?id=2764308&use=l&cat=p&typeid=i","cat":327592},{"id":199298,"n":"Bûche glacée Eskiss Façon Pêche Melba - 565g","p":4.03,"u":"7,13 €/KG","img":"https://fd1-photos.leclercdrive.fr/image.ashx?id=2791377&use=l&cat=p&typeid=i","cat":284266},{"id":199510,"n":"Cervelas Herta Sans nitrite - 400g","p":3.59,"u":"8,98 €/KG","img":"https://fd1-photos.leclercdrive.fr/image.ashx?id=2443835&use=l&cat=p&typeid=i","cat":316012},{"id":199512,"n":"Cervelas Herta Sans nitrite - 200g","p":2.39,"u":"11,95 €/KG","img":"https://fd1-photos.leclercdrive.fr/image.ashx?id=2443832&use=l&cat=p&typeid=i","cat":316012},{"id":199552,"n":"Dentifrice Elmex Anti-caries Original - 75ml","p":4.07,"u":"54,27 €/L","img":"https://fd1-photos.leclercdrive.fr/image.ashx?id=2852181&use=l&cat=p&typeid=i","cat":284612},{"id":199553,"n":"Dentifrice Elmex Sensitive Original - 75ml","p":4.23,"u":"56,40 €/L","img":"https://fd1-photos.leclercdrive.fr/image.ashx?id=2738404&use=l&cat=p&typeid=i","cat":284612},{"id":199554,"n":"Dentifrice Elmex Sensitive  Haleine fraîche - 75ml","p":3.82,"u":"50,93 €/L","img":"https://fd1-photos.leclercdrive.fr/image.ashx?id=2738407&use=l&cat=p&typeid=i","cat":284612},{"id":199557,"n":"Dentifrice Elmex Anti-caries Haleine fraîche - 75 ml","p":3.82,"u":"50,93 €/MT","img":"https://fd1-photos.leclercdrive.fr/image.ashx?id=2738419&use=l&cat=p&typeid=i","cat":284612},{"id":199559,"n":"Dentifrice Elmex Sensitive  Blancheur douce - 2x75ml","p":8.68,"u":"57,87 €/MT","img":"https://fd1-photos.leclercdrive.fr/image.ashx?id=2738425&use=l&cat=p&typeid=i","cat":284612},{"id":199657,"n":"Jambon cru Aoste 6 tranches + 3 offertes - 150g","p":3.59,"u":"23,93 €/KG","img":"https://fd1-photos.leclercdrive.fr/image.ashx?id=2442659&use=l&cat=p&typeid=i","cat":316007},{"id":199863,"n":"Bûche glacée Nestlé  Framboise Citron Fraise - 540g","p":6.45,"u":"11,94 €/KG","img":"https://fd1-photos.leclercdrive.fr/image.ashx?id=2749991&use=l&cat=p&typeid=i","cat":284266},{"id":200135,"n":"Liqueur de menthe Get 27 Edition Limitée 17,9° - 70cl","p":10.95,"u":"15,64 €/L","img":"https://fd1-photos.leclercdrive.fr/image.ashx?id=2445787&use=l&cat=p&typeid=i","cat":286032},{"id":200153,"n":"Repas bébé Blédina 15 mois légumes boulghour merlu 200g","p":2.66,"u":"13,30 €/KG","img":"https://fd1-photos.leclercdrive.fr/image.ashx?id=2975101&use=l&cat=p&typeid=i","cat":312238},{"id":200175,"n":"Plat bébé soir Blédiner 15 mois Pâtes légumes - 200g","p":2.39,"u":"11,95 €/KG","img":"https://fd1-photos.leclercdrive.fr/image.ashx?id=2866295&use=l&cat=p&typeid=i","cat":312239},{"id":200202,"n":"Repas bébé Blédina 15 mois carotte haricot riz bœuf 200g","p":2.39,"u":"11,95 €/KG","img":"https://fd1-photos.leclercdrive.fr/image.ashx?id=2586586&use=l&cat=p&typeid=i","cat":312238},{"id":200218,"n":"Repas bébé Blédina 15 mois carotte pâte épices poulet 200g","p":2.39,"u":"11,95 €/KG","img":"https://fd1-photos.leclercdrive.fr/image.ashx?id=2951632&use=l&cat=p&typeid=i","cat":312238},{"id":200323,"n":"Cassoulet Castelnaudary NRT 420g","p":2.5,"u":"5,95 €/KG","img":"https://fd1-photos.leclercdrive.fr/image.ashx?id=2805990&use=l&cat=p&typeid=i","cat":284440},{"id":200377,"n":"Plat bébé soir Blédîner 15 mois Légumes macaroni persil - 200g","p":2.39,"u":"11,95 €/KG","img":"https://fd1-photos.leclercdrive.fr/image.ashx?id=2866292&use=l&cat=p&typeid=i","cat":312239},{"id":200378,"n":"Repas bébé Blédina 15 mois Pâtes brocolis jambon - 200g","p":2.39,"u":"11,95 €/KG","img":"https://fd1-photos.leclercdrive.fr/image.ashx?id=2975104&use=l&cat=p&typeid=i","cat":312238},{"id":200379,"n":"Cassoulet Castelnaud NRT 840g","p":4.3,"u":"5,12 €/KG","img":"https://fd1-photos.leclercdrive.fr/image.ashx?id=2805993&use=l&cat=p&typeid=i","cat":284440},{"id":200382,"n":"Boite de chocolats KINDER  Mix Happy Moments - 161g","p":4.85,"u":"30,12 €/KG","img":"https://fd1-photos.leclercdrive.fr/image.ashx?id=2797007&use=l&cat=p&typeid=i","cat":284958},{"id":200602,"n":"Verrines aux crevettes L'Atelier Traiteur x4 - 180g","p":3.95,"u":"21,94 €/KG","img":"https://fd1-photos.leclercdrive.fr/image.ashx?id=2449792&use=l&cat=p&typeid=i","cat":316003},{"id":200603,"n":"Nougat Nature 250g","p":4.99,"u":"19,96 €/KG","img":"https://fd1-photos.leclercdrive.fr/image.ashx?id=2454694&use=l&cat=p&typeid=i","cat":304250},{"id":200604,"n":"Verrines au saumon L'Atelier Traiteur x4 - 180g","p":3.95,"u":"21,94 €/KG","img":"https://fd1-photos.leclercdrive.fr/image.ashx?id=2449795&use=l&cat=p&typeid=i","cat":316003},{"id":200605,"n":"Nougat Pistache 250g","p":4.99,"u":"19,96 €/KG","img":"https://fd1-photos.leclercdrive.fr/image.ashx?id=2454697&use=l&cat=p&typeid=i","cat":304250},{"id":200606,"n":"Nougat Speculos 250g","p":4.99,"u":"19,96 €/KG","img":"https://fd1-photos.leclercdrive.fr/image.ashx?id=2454700&use=l&cat=p&typeid=i","cat":304250},{"id":200607,"n":"Nougat Caramel au beurre salé 250g","p":4.99,"u":"19,96 €/KG","img":"https://fd1-photos.leclercdrive.fr/image.ashx?id=2454703&use=l&cat=p&typeid=i","cat":304250},{"id":200709,"n":"Soupe liquide brique Liebig  Cèpes & Bolets - 2x30cl","p":2.29,"u":"3,82 €/L","img":"https://fd1-photos.leclercdrive.fr/image.ashx?id=2472204&use=l&cat=p&typeid=i","cat":284462},{"id":200711,"n":"Soupe liquide brique Liebig  Potiron Chataîgne - 2x30cl","p":2.29,"u":"3,82 €/L","img":"https://fd1-photos.leclercdrive.fr/image.ashx?id=2693485&use=l&cat=p&typeid=i","cat":284462},{"id":200763,"n":"Gel lavant hydratant Sanytol Aloe vera Bio - 250ml","p":2.28,"u":"9,12 €/L","img":"https://fd1-photos.leclercdrive.fr/image.ashx?id=2905273&use=l&cat=p&typeid=i","cat":284597},{"id":200781,"n":"Serviettes hygiéniques Nana Maxi régulier+ x16","p":1.82,"u":"0,11 €/P","img":"https://fd1-photos.leclercdrive.fr/image.ashx?id=2454454&use=l&cat=p&typeid=i","cat":284624},{"id":200994,"n":"Nouilles Soy Shrimps Nissin 63g","p":1.79,"u":"28,41 €/KG","img":"https://fd1-photos.leclercdrive.fr/image.ashx?id=2453640&use=l&cat=p&typeid=i","cat":288992},{"id":200995,"n":"Soupe Cup Noodles Nissin Saveur boeuf 5 épices - 64g","p":1.77,"u":"27,66 €/KG","img":"https://fd1-photos.leclercdrive.fr/image.ashx?id=2453643&use=l&cat=p&typeid=i","cat":288992},{"id":201116,"n":"Vinaigre d'alcool blanc 14° Saas Melfor - 3L","p":5.87,"u":"1,96 €/L","img":"https://fd1-photos.leclercdrive.fr/image.ashx?id=2456858&use=l&cat=p&typeid=i","cat":325365},{"id":201117,"n":"Vinaigrette Melfor Balsamique/huile d'olive - 50cl","p":2.82,"u":"5,64 €/L","img":"https://fd1-photos.leclercdrive.fr/image.ashx?id=2456861&use=l&cat=p&typeid=i","cat":284456},{"id":201192,"n":"Boisson fermentée désalcoolisée Rouge - à base de raisin - 75cl","p":3.3,"u":"4,40 €/L","img":"https://fd1-photos.leclercdrive.fr/image.ashx?id=2477664&use=l&cat=p&typeid=i","cat":284549},{"id":201193,"n":"Boisson fermentée désalcoolisée Rosé - à base de raisin - 75cl","p":3.29,"u":"4,39 €/L","img":"https://fd1-photos.leclercdrive.fr/image.ashx?id=2477667&use=l&cat=p&typeid=i","cat":284549},{"id":201194,"n":"Boisson fermentée désalcoolisée Blanc - à base de raisin - 75cl","p":3.28,"u":"4,37 €/L","img":"https://fd1-photos.leclercdrive.fr/image.ashx?id=2477670&use=l&cat=p&typeid=i","cat":284549},{"id":201298,"n":"Fromage enfant La Vache qui rit Original 12P à tartiner - 192g","p":2.45,"u":"12,76 €/KG","img":"https://fd1-photos.leclercdrive.fr/image.ashx?id=2945442&use=l&cat=p&typeid=i","cat":314030},{"id":201300,"n":"Fromage enfant La Vache qui rit Original 32P à tartiner - 512g","p":4.77,"u":"9,32 €/KG","img":"https://fd1-photos.leclercdrive.fr/image.ashx?id=2945448&use=l&cat=p&typeid=i","cat":314030},{"id":201324,"n":"Amandes Noix de cajou Pistaches Vico - 140g","p":3.56,"u":"25,43 €/KG","img":"https://fd1-photos.leclercdrive.fr/image.ashx?id=2916878&use=l&cat=p&typeid=i","cat":284448},{"id":201341,"n":"Iceberg Eco+","p":0.99,"img":"https://fd1-photos.leclercdrive.fr/image.ashx?id=2715747&use=l&cat=p&typeid=i","cat":284352},{"id":201351,"n":"Framboises Fresh Cueillette 500g","p":9.75,"u":"19,50 €/KG","img":"https://fd1-photos.leclercdrive.fr/image.ashx?id=2600746&use=l&cat=p&typeid=i","cat":284268},{"id":201352,"n":"Fraises Fresh Cueillette 500g","p":3.49,"u":"6,98 €/KG","img":"https://fd1-photos.leclercdrive.fr/image.ashx?id=2818718&use=l&cat=p&typeid=i","cat":284268},{"id":201455,"n":"Thé vert Boost Yate x20 - 32g","p":1.49,"u":"46,56 €/KG","img":"https://fd1-photos.leclercdrive.fr/image.ashx?id=2897811&use=l&cat=p&typeid=i","cat":293233},{"id":201456,"n":"Maté Yate x20 - 30g","p":1.49,"u":"49,67 €/KG","img":"https://fd1-photos.leclercdrive.fr/image.ashx?id=2854252&use=l&cat=p&typeid=i","cat":293233},{"id":201457,"n":"Infusion détente Tisea x20","p":1.49,"u":"46,56 €/KG","img":"https://fd1-photos.leclercdrive.fr/image.ashx?id=2672948&use=l&cat=p&typeid=i","cat":293234},{"id":201459,"n":"Haricot vert Notre Jardin Beurre - 280g","p":2.39,"u":"8,54 €/KG","img":"https://fd1-photos.leclercdrive.fr/image.ashx?id=3002650&use=l&cat=p&typeid=i","cat":312606},{"id":201460,"n":"Terrine de campagne Côté Table Sel de guérande - 180g","p":1.47,"u":"8,17 €/KG","img":"https://fd1-photos.leclercdrive.fr/image.ashx?id=2460418&use=l&cat=p&typeid=i","cat":305149},{"id":201528,"n":"Porto ruby Dorrao 18%vol - 75cl","p":8.39,"u":"11,19 €/L","img":"https://fd1-photos.leclercdrive.fr/image.ashx?id=2869871&use=l&cat=p&typeid=i","cat":284913},{"id":201571,"n":"Viande bovine Bourguignon ** à mijoter - 500g","p":6.79,"u":"13,58 €/KG","img":"https://fd1-photos.leclercdrive.fr/image.ashx?id=2930933&use=l&cat=p&typeid=i","cat":284328},{"id":201572,"n":"Sauté de porc Atelier Boucherie VPF - 500g","p":4.59,"u":"9,18 €/KG","img":"https://fd1-photos.leclercdrive.fr/image.ashx?id=2932707&use=l&cat=p&typeid=i","cat":284331},{"id":201692,"n":"Frites Crousti Express Findus Micro-ondes Allumette 2x100g","p":1.65,"u":"8,25 €/KG","img":"https://fd1-photos.leclercdrive.fr/image.ashx?id=2648274&use=l&cat=p&typeid=i","cat":319791},{"id":201693,"n":"Frites Crousti Express Findus Micro-ondes Classique 2x100g","p":1.59,"u":"7,95 €/KG","img":"https://fd1-photos.leclercdrive.fr/image.ashx?id=2648271&use=l&cat=p&typeid=i","cat":319791},{"id":201694,"n":"Frites Crousti Express Findus Micro-ondes Quartiers - 2x100g","p":1.65,"u":"8,25 €/KG","img":"https://fd1-photos.leclercdrive.fr/image.ashx?id=2653789&use=l&cat=p&typeid=i","cat":319791},{"id":201702,"n":"Bière Leffe Ruby 5% - 6x25cl","p":5.3,"u":"3,53 €/L","img":"https://fd1-photos.leclercdrive.fr/image.ashx?id=2811581&use=l&cat=p&typeid=i","cat":334878},{"id":201706,"n":"Bière Leffe Ruby 5% - 12x25cl","p":9.09,"u":"3,03 €/L","img":"https://fd1-photos.leclercdrive.fr/image.ashx?id=2813008&use=l&cat=p&typeid=i","cat":334878},{"id":201747,"n":"Thé vert Lipton Fleur d'oranger - x20 - 30g","p":2.45,"u":"81,67 €/KG","img":"https://fd1-photos.leclercdrive.fr/image.ashx?id=2463398&use=l&cat=p&typeid=i","cat":293233},{"id":201759,"n":"Infusion Twinings Ayurveda citron vert mangue curcuma x20","p":2.69,"u":"89,67 €/KG","img":"https://fd1-photos.leclercdrive.fr/image.ashx?id=2893051&use=l&cat=p&typeid=i","cat":293234},{"id":201772,"n":"Dentifrice Elmex Sensitive Blancheur douce - 75ml","p":4.41,"u":"58,80 €/L","img":"https://fd1-photos.leclercdrive.fr/image.ashx?id=2721187&use=l&cat=p&typeid=i","cat":284612},{"id":201774,"n":"Sous-vêtements nuit DryNites® Garçons 4-7 ans (17-30 kg) x16","p":12.39,"u":"0,77 €/P","img":"https://fd1-photos.leclercdrive.fr/image.ashx?id=2844727&use=l&cat=p&typeid=i","cat":290633},{"id":201775,"n":"Sous-vêtements nuit DryNites® Garçons 8-13 ans (30-48 kg) x13","p":11.85,"u":"0,91 €/P","img":"https://fd1-photos.leclercdrive.fr/image.ashx?id=2971314&use=l&cat=p&typeid=i","cat":290633},{"id":201776,"n":"Sous-vêtements nuit DryNites® Filles 8-13 ans (30-48 kg) x13","p":11.85,"u":"0,91 €/P","img":"https://fd1-photos.leclercdrive.fr/image.ashx?id=2844736&use=l&cat=p&typeid=i","cat":290633},{"id":201790,"n":"Sachet repas chat Purina One Chats difficiles 4x85g","p":2.79,"u":"8,21 €/KG","img":"https://fd1-photos.leclercdrive.fr/image.ashx?id=2477868&use=l&cat=p&typeid=i","cat":285286},{"id":201791,"n":"Soupe en sachets chat Felix Sélection de poissons - 6x48g","p":1.95,"u":"6,77 €/KG","img":"https://fd1-photos.leclercdrive.fr/image.ashx?id=2887251&use=l&cat=p&typeid=i","cat":285286},{"id":201792,"n":"Mousseline Purina Gourmet Thon nappé de sauce - 4x57g","p":2.88,"u":"12,63 €/KG","img":"https://fd1-photos.leclercdrive.fr/image.ashx?id=2899722&use=l&cat=p&typeid=i","cat":285601},{"id":201835,"n":"Pizza Crousti Moelleuse Marie Royale - 500g","p":3.9,"u":"7,80 €/KG","img":"https://fd1-photos.leclercdrive.fr/image.ashx?id=2996704&use=l&cat=p&typeid=i","cat":284256},{"id":201837,"n":"Protège-slips Doulys Ultra-mince normal - x45","p":0.87,"u":"0,02 €/P","img":"https://fd1-photos.leclercdrive.fr/image.ashx?id=2849590&use=l&cat=p&typeid=i","cat":284625},{"id":201838,"n":"Fraizibus Haribo Sachet bonbons - 220g","p":1.56,"u":"7,09 €/KG","img":"https://fd1-photos.leclercdrive.fr/image.ashx?id=2984955&use=l&cat=p&typeid=i","cat":304250},{"id":201839,"n":"Sauce arrabbiata Turini 420g","p":1.14,"u":"2,71 €/KG","img":"https://fd1-photos.leclercdrive.fr/image.ashx?id=2465062&use=l&cat=p&typeid=i","cat":287599},{"id":201840,"n":"Poudre chocolat Ovomaltine 350g","p":3.19,"u":"9,11 €/KG","img":"https://fd1-photos.leclercdrive.fr/image.ashx?id=2465610&use=l&cat=p&typeid=i","cat":293235},{"id":201846,"n":"Sucre vanillé Alsa x5 - 40g","p":2.69,"u":"67,25 €/KG","img":"https://fd1-photos.leclercdrive.fr/image.ashx?id=3004381&use=l&cat=p&typeid=i","cat":294686},{"id":201911,"n":"Liniment BB calendula Weleda 400ml","p":8.5,"u":"21,25 €/L","img":"https://fd1-photos.leclercdrive.fr/image.ashx?id=2654890&use=l&cat=p&typeid=i","cat":290387},{"id":201915,"n":"Protège-slips Doulys Slip ou string - x45","p":1.61,"u":"0,04 €/P","img":"https://fd1-photos.leclercdrive.fr/image.ashx?id=2877466&use=l&cat=p&typeid=i","cat":284625},{"id":201934,"n":"Protège-slips Vania Confort Fresh - x56","p":2.29,"img":"https://fd1-photos.leclercdrive.fr/image.ashx?id=2735227&use=l&cat=p&typeid=i","cat":284625},{"id":201935,"n":"Protège-slips Confort Vania  Sans parfum - x56","p":2.25,"u":"0,04 €/P","img":"https://fd1-photos.leclercdrive.fr/image.ashx?id=2735230&use=l&cat=p&typeid=i","cat":284625},{"id":201942,"n":"Spray désinfectant Clair Multi-surfaces - 400ml","p":3.85,"u":"9,63 €/MT","img":"https://fd1-photos.leclercdrive.fr/image.ashx?id=2467682&use=l&cat=p&typeid=i","cat":325357},{"id":201945,"n":"Gel Douche Le Petit Marseillais  Lait de vanille - 250ml","p":1.51,"u":"6,04 €/L","img":"https://fd1-photos.leclercdrive.fr/image.ashx?id=2676096&use=l&cat=p&typeid=i","cat":284594},{"id":201946,"n":"Gel Douche Le Petit Marseillais Lait de vanille - 650 ml","p":3.22,"u":"4,95 €/L","img":"https://fd1-photos.leclercdrive.fr/image.ashx?id=2674794&use=l&cat=p&typeid=i","cat":284594},{"id":201947,"n":"Gel Douche Le Petit Marseillais Fleur de cerisie - 650ml","p":3.28,"u":"5,05 €/L","img":"https://fd1-photos.leclercdrive.fr/image.ashx?id=2676099&use=l&cat=p&typeid=i","cat":284594},{"id":201950,"n":"Gel Douche Le Petit Marseillais Amande douce - 250ml","p":1.47,"u":"5,88 €/MT","img":"https://fd1-photos.leclercdrive.fr/image.ashx?id=2946592&use=l&cat=p&typeid=i","cat":284594},{"id":201951,"n":"Gel Douche Le Petit Marseillais Lait - 250ml","p":1.65,"u":"6,60 €/MT","img":"https://fd1-photos.leclercdrive.fr/image.ashx?id=2676108&use=l&cat=p&typeid=i","cat":284594},{"id":201953,"n":"Gel Douche Le Petit Marseillais Pêche nectarine - 250ml","p":1.47,"u":"5,88 €/L","img":"https://fd1-photos.leclercdrive.fr/image.ashx?id=2938761&use=l&cat=p&typeid=i","cat":284594},{"id":201954,"n":"Gel Douche Le Petit Marseillais  Peche nectarine - 650ml","p":3.73,"u":"5,74 €/L","img":"https://fd1-photos.leclercdrive.fr/image.ashx?id=2676114&use=l&cat=p&typeid=i","cat":284594},{"id":201956,"n":"Gel Douche Le Petit Marseillais Verveine citron - 250ml","p":1.6,"u":"6,40 €/MT","img":"https://fd1-photos.leclercdrive.fr/image.ashx?id=2941769&use=l&cat=p&typeid=i","cat":284594},{"id":201957,"n":"Gel douche pamplemousse orange  Le Petit marseillais - 650ml","p":3.28,"u":"5,05 €/L","img":"https://fd1-photos.leclercdrive.fr/image.ashx?id=2676123&use=l&cat=p&typeid=i","cat":284594},{"id":201958,"n":"Baume B5 La Roche Posay Cicaplast- 100ml","p":11.5,"u":"115,00 €/MT","img":"https://fd1-photos.leclercdrive.fr/image.ashx?id=2468386&use=l&cat=p&typeid=i","cat":290421},{"id":201967,"n":"Bière blonde Corona 12x33cl","p":14.25,"u":"3,60 €/L","img":"https://fd1-photos.leclercdrive.fr/image.ashx?id=2544521&use=l&cat=p&typeid=i","cat":334873},{"id":201968,"n":"Bière blonde Corona Extra 4,5% - 6x33cl","p":7.79,"u":"3,93 €/L","img":"https://fd1-photos.leclercdrive.fr/image.ashx?id=2865452&use=l&cat=p&typeid=i","cat":334873},{"id":201989,"n":"IGP Sauvignon Atlantique 5L","p":15.9,"u":"3,18 €/L","img":"https://fd1-photos.leclercdrive.fr/image.ashx?id=2572212&use=l&cat=p&typeid=i","cat":289557},{"id":202066,"n":"Fromage blanc nature Délisse 4x100g","p":0.97,"u":"2,43 €/KG","img":"https://fd1-photos.leclercdrive.fr/image.ashx?id=3012881&use=l&cat=p&typeid=i","cat":284409},{"id":202074,"n":"Poêlée de légumes Épeautre  Notre Jardin - 750g","p":2.89,"u":"3,85 €/KG","img":"https://fd1-photos.leclercdrive.fr/image.ashx?id=2771378&use=l&cat=p&typeid=i","cat":319823},{"id":202075,"n":"Poêlée jardinière quinoa Notre Jardin - 750g","p":3.29,"u":"4,39 €/KG","img":"https://fd1-photos.leclercdrive.fr/image.ashx?id=2771381&use=l&cat=p&typeid=i","cat":319823},{"id":202077,"n":"Crème semi-épaisse Soutenons Nos Agriculteurs - 3x20cl","p":2.89,"u":"4,82 €/L","img":"https://fd1-photos.leclercdrive.fr/image.ashx?id=2469067&use=l&cat=p&typeid=i","cat":284381},{"id":202133,"n":"Salade Batavia verte 1p","p":1.29,"img":"https://fd1-photos.leclercdrive.fr/image.ashx?id=1633577&use=l&cat=p&typeid=i","cat":284352},{"id":202220,"n":"Salade Laitue 2x1p","p":2.2,"u":"1,10 €/P","img":"https://fd1-photos.leclercdrive.fr/image.ashx?id=1633469&use=l&cat=p&typeid=i","cat":284352},{"id":202358,"n":"Feuille de chêne rouge 1p","p":1.29,"img":"https://fd1-photos.leclercdrive.fr/image.ashx?id=1633670&use=l&cat=p&typeid=i","cat":284352},{"id":202448,"n":"Pomme de terre Princesse Amandine - 2kg","p":4.39,"u":"2,20 €/KG","img":"https://fd1-photos.leclercdrive.fr/image.ashx?id=1625739&use=l&cat=p&typeid=i","cat":284352},{"id":202544,"n":"Gel douche Le Petit Marseillais Grenade - 250ml","p":1.46,"u":"5,84 €/L","img":"https://fd1-photos.leclercdrive.fr/image.ashx?id=2685126&use=l&cat=p&typeid=i","cat":284594},{"id":202620,"n":"Purée de tomate Panzani Tomacouli nature bio - 265g","p":1.05,"u":"3,96 €/KG","img":"https://fd1-photos.leclercdrive.fr/image.ashx?id=2890604&use=l&cat=p&typeid=i","cat":288384},{"id":202675,"n":"Pavé d'Affinois Extra gourmand - 200g","p":2.39,"u":"11,95 €/KG","img":"https://fd1-photos.leclercdrive.fr/image.ashx?id=3002072&use=l&cat=p&typeid=i","cat":314033},{"id":202742,"n":"Oignon jaune  1kg","p":2.39,"u":"2,39 €/KG","img":"https://fd1-photos.leclercdrive.fr/image.ashx?id=1632422&use=l&cat=p&typeid=i","cat":284352},{"id":202870,"n":"Sucrines bicolores Panier du Primeur x3","p":1.29,"u":"0,43 €/P","img":"https://fd1-photos.leclercdrive.fr/image.ashx?id=2477544&use=l&cat=p&typeid=i","cat":284352},{"id":202888,"n":"Gel douche Adidas Active Start - 250ml","p":1.69,"u":"6,76 €/L","img":"https://fd1-photos.leclercdrive.fr/image.ashx?id=2990805&use=l&cat=p&typeid=i","cat":284619},{"id":202908,"n":"Skyr Yoplait  Nature 0%MG - 450G","p":2.19,"u":"4,87 €/KG","img":"https://fd1-photos.leclercdrive.fr/image.ashx?id=2884468&use=l&cat=p&typeid=i","cat":315000},{"id":202935,"n":"Soin ultra-hydratant Saforelle 100ml","p":3.11,"u":"31,10 €/L","img":"https://fd1-photos.leclercdrive.fr/image.ashx?id=2583431&use=l&cat=p&typeid=i","cat":301348},{"id":202950,"n":"Salade à la Bretonne Tout feu tout frais - 200g","p":3.82,"u":"19,10 €/KG","img":"https://fd1-photos.leclercdrive.fr/image.ashx?id=2492166&use=l&cat=p&typeid=i","cat":333657},{"id":203036,"n":"Gel douche Mixa Bébé  Très Doux Corps Cheveux - 300ml","p":2.82,"u":"9,40 €/L","img":"https://fd1-photos.leclercdrive.fr/image.ashx?id=2479318&use=l&cat=p&typeid=i","cat":284740},{"id":203037,"n":"Shampooing Mixa Bébé  Très Doux - 300ml","p":2.38,"u":"7,93 €/L","img":"https://fd1-photos.leclercdrive.fr/image.ashx?id=2479321&use=l&cat=p&typeid=i","cat":284740},{"id":203039,"n":"Shampooing Mixa Bébé Bio Très Doux - 300ml","p":3.86,"u":"12,87 €/L","img":"https://fd1-photos.leclercdrive.fr/image.ashx?id=2478643&use=l&cat=p&typeid=i","cat":284740},{"id":203041,"n":"Lait de toilette Mixa Bébé  Très Doux - 300ml","p":2.5,"u":"8,33 €/L","img":"https://fd1-photos.leclercdrive.fr/image.ashx?id=2479324&use=l&cat=p&typeid=i","cat":284741},{"id":203042,"n":"Gel Toilette Intime Extra Doux Intima Natural Hamamélis 200ml","p":3.03,"u":"15,15 €/L","img":"https://fd1-photos.leclercdrive.fr/image.ashx?id=2959871&use=l&cat=p&typeid=i","cat":284627},{"id":203043,"n":"Gel Toilette Intime Régulateur Intima Natural Cranberry 200ml","p":3.16,"u":"15,80 €/L","img":"https://fd1-photos.leclercdrive.fr/image.ashx?id=2959874&use=l&cat=p&typeid=i","cat":284627},{"id":203063,"n":"Gel désodorisant Glade  Longue durée - Muguet - x1","p":1.43,"img":"https://fd1-photos.leclercdrive.fr/image.ashx?id=2479429&use=l&cat=p&typeid=i","cat":311628},{"id":203065,"n":"Crealine H2O Bioderma 500ml","p":9.9,"u":"19,80 €/L","img":"https://fd1-photos.leclercdrive.fr/image.ashx?id=2979944&use=l&cat=p&typeid=i","cat":301587},{"id":203067,"n":"Crealine T.S. H2O Bioderma 500ml","p":10.04,"u":"20,08 €/L","img":"https://fd1-photos.leclercdrive.fr/image.ashx?id=2979947&use=l&cat=p&typeid=i","cat":301587},{"id":203068,"n":"Créaline H2O Bioderma Sans parfum 2x500ml","p":17.86,"u":"17,86 €/L","img":"https://fd1-photos.leclercdrive.fr/image.ashx?id=2956541&use=l&cat=p&typeid=i","cat":301587},{"id":203075,"n":"Crème Atoderm Bioderma Ultra-nourrissant - 2x500ml","p":19.32,"u":"19,32 €/L","img":"https://fd1-photos.leclercdrive.fr/image.ashx?id=2956553&use=l&cat=p&typeid=i","cat":290421},{"id":203089,"n":"Pizza au feu de bois Turini Chèvre et miel - 410g","p":2.65,"u":"6,46 €/KG","img":"https://fd1-photos.leclercdrive.fr/image.ashx?id=2816615&use=l&cat=p&typeid=i","cat":284256},{"id":203209,"n":"Petits plaisirs  Ferrero Rocher Chocolat - 126g","p":4.99,"u":"39,60 €/KG","img":"https://fd1-photos.leclercdrive.fr/image.ashx?id=2945008&use=l&cat=p&typeid=i","cat":327600},{"id":203433,"n":"Gel douche Homme Adidas After Sport - 250ml","p":1.67,"u":"6,68 €/L","img":"https://fd1-photos.leclercdrive.fr/image.ashx?id=2990799&use=l&cat=p&typeid=i","cat":284619},{"id":203599,"n":"Infusion Jardin Bio Rooibos D'Afrique du sud Bio - x20 -36g","p":2.68,"u":"74,44 €/KG","img":"https://fd1-photos.leclercdrive.fr/image.ashx?id=2974384&use=l&cat=p&typeid=i","cat":293234},{"id":203601,"n":"Infusion Rooibos Jardin Bio Vanille Bio - 30g","p":2.75,"u":"91,67 €/KG","img":"https://fd1-photos.leclercdrive.fr/image.ashx?id=3000791&use=l&cat=p&typeid=i","cat":293234},{"id":203603,"n":"Petit gourmand bio Jardin Bio A la pâte à tartiner - 155g","p":2.42,"u":"15,61 €/KG","img":"https://fd1-photos.leclercdrive.fr/image.ashx?id=2990676&use=l&cat=p&typeid=i","cat":284488},{"id":203783,"n":"Grilletine Pasquier Céréales et graines - 255g","p":2.11,"u":"8,27 €/KG","img":"https://fd1-photos.leclercdrive.fr/image.ashx?id=2642393&use=l&cat=p&typeid=i","cat":284479},{"id":203821,"n":"Boîte chien Pedigree  Cuisinés en sauce - 6x400g","p":8.45,"u":"3,52 €/KG","img":"https://fd1-photos.leclercdrive.fr/image.ashx?id=2849722&use=l&cat=p&typeid=i","cat":288578},{"id":203822,"n":"Boîte chien Pedigree Cuisinés en sauce - 4x400g","p":5.99,"u":"3,74 €/KG","img":"https://fd1-photos.leclercdrive.fr/image.ashx?id=2849719&use=l&cat=p&typeid=i","cat":288578},{"id":203823,"n":"Sachet fraicheur chat Whiskas Carte mixte en gelée - 48x85g","p":15.67,"u":"3,84 €/KG","img":"https://fd1-photos.leclercdrive.fr/image.ashx?id=2486916&use=l&cat=p&typeid=i","cat":285286},{"id":203826,"n":"Sachet fraicheur chat Whiskas Poissons en gelée - 12x85g","p":4.66,"u":"4,57 €/KG","img":"https://fd1-photos.leclercdrive.fr/image.ashx?id=2486910&use=l&cat=p&typeid=i","cat":285286},{"id":203828,"n":"Sachet repas chaton Whiskas Festins volaille gelée - 12x85g","p":5.55,"u":"5,44 €/KG","img":"https://fd1-photos.leclercdrive.fr/image.ashx?id=2487093&use=l&cat=p&typeid=i","cat":285286},{"id":203839,"n":"Filet pour fruits et légumes coton bio 32x35cm x1","p":0.91,"img":"https://fd1-photos.leclercdrive.fr/image.ashx?id=2486781&use=l&cat=p&typeid=i","cat":284352},{"id":204050,"n":"Haricots vert Bio Village Bio 220g","p":1.49,"u":"6,77 €/KG","img":"https://fd1-photos.leclercdrive.fr/image.ashx?id=3002716&use=l&cat=p&typeid=i","cat":312606},{"id":204056,"n":"Céréales Spécial K Kellogg's Fruits rouges - 450g","p":3.89,"u":"8,64 €/KG","img":"https://fd1-photos.leclercdrive.fr/image.ashx?id=2775029&use=l&cat=p&typeid=i","cat":309512},{"id":204057,"n":"Céréales Spécial K Kellogg's Chocolat noir - 500g","p":3.89,"u":"7,78 €/KG","img":"https://fd1-photos.leclercdrive.fr/image.ashx?id=2692710&use=l&cat=p&typeid=i","cat":309512},{"id":204058,"n":"Céréales Special K Kellogg's Chocolat au Lait - 500g","p":3.89,"u":"7,78 €/KG","img":"https://fd1-photos.leclercdrive.fr/image.ashx?id=2692713&use=l&cat=p&typeid=i","cat":309512},{"id":204061,"n":"Mais Bio Village Bio - 285g","p":1.09,"u":"3,82 €/KG","img":"https://fd1-photos.leclercdrive.fr/image.ashx?id=3002719&use=l&cat=p&typeid=i","cat":312611},{"id":204066,"n":"Préparation pour spritz Giffard Vol. 16% - 50cl","p":6.9,"pp":6.21,"u":"12,42 €/L","img":"https://fd1-photos.leclercdrive.fr/image.ashx?id=2491460&use=l&cat=p&typeid=i","cat":286032},{"id":204073,"n":"Fromage Fouetté Ail Fines Herbe à tartiner Les Croisés - 150g","p":1.53,"u":"10,20 €/KG","img":"https://fd1-photos.leclercdrive.fr/image.ashx?id=2933455&use=l&cat=p&typeid=i","cat":314029},{"id":204153,"n":"Gel douche des Îles Naturé Moi Fleur de tiaré - 500ml","p":4.58,"u":"9,16 €/L","img":"https://fd1-photos.leclercdrive.fr/image.ashx?id=2753656&use=l&cat=p&typeid=i","cat":284594},{"id":204157,"n":"Pâte feuilletée Herta Trésor de Grand-Mère  280g","p":1.64,"u":"5,86 €/KG","img":"https://fd1-photos.leclercdrive.fr/image.ashx?id=2833303&use=l&cat=p&typeid=i","cat":333681},{"id":204158,"n":"Pâte brisée Herta Trésor de Grand-Mère - 280g","p":1.71,"u":"6,11 €/KG","img":"https://fd1-photos.leclercdrive.fr/image.ashx?id=2833306&use=l&cat=p&typeid=i","cat":333681},{"id":204159,"n":"Pâte à tarte sablée Herta Trésor de Grand-Mère - 280g","p":1.87,"u":"6,68 €/KG","img":"https://fd1-photos.leclercdrive.fr/image.ashx?id=2814536&use=l&cat=p&typeid=i","cat":333681},{"id":204162,"n":"Boîte chien Pedigree Terrine - 6x400g","p":8.75,"img":"https://fd1-photos.leclercdrive.fr/image.ashx?id=2849725&use=l&cat=p&typeid=i","cat":288578},{"id":204167,"n":"Sachet chat senior Whiskas Festins volaille sauce - 12x85g","p":4.99,"u":"4,89 €/KG","img":"https://fd1-photos.leclercdrive.fr/image.ashx?id=2588999&use=l&cat=p&typeid=i","cat":285286},{"id":204169,"n":"Sachet fraicheur chat Whiskas Festins volaille gelée - 12x85g","p":4.55,"u":"4,46 €/KG","img":"https://fd1-photos.leclercdrive.fr/image.ashx?id=2490329&use=l&cat=p&typeid=i","cat":285286},{"id":204179,"n":"Sachet fraicheur chat Whiskas Tasty Mix en sauce - 40x85g","p":15.42,"u":"4,54 €/KG","img":"https://fd1-photos.leclercdrive.fr/image.ashx?id=2589488&use=l&cat=p&typeid=i","cat":285286},{"id":204247,"n":"Protège-slip Vania Confort Multiformes - 1p","p":2.44,"img":"https://fd1-photos.leclercdrive.fr/image.ashx?id=2735224&use=l&cat=p&typeid=i","cat":284625},{"id":204302,"n":"Shampoing nutrition Ultra Doux Lait de coco - 300ml","p":2.65,"u":"8,83 €/L","img":"https://fd1-photos.leclercdrive.fr/image.ashx?id=2492788&use=l&cat=p&typeid=i","cat":284606},{"id":204303,"n":"Shampoing purifiant Ultra Doux Cheveux gras - 300ml","p":2.53,"u":"8,43 €/L","img":"https://fd1-photos.leclercdrive.fr/image.ashx?id=2492791&use=l&cat=p&typeid=i","cat":284606},{"id":204304,"n":"Shampoing Illuminant Ultra Doux Camomille - 300ml","p":2.55,"u":"8,50 €/L","img":"https://fd1-photos.leclercdrive.fr/image.ashx?id=2926596&use=l&cat=p&typeid=i","cat":284606},{"id":204305,"n":"Shampoing nutrition Ultra Doux Argan et camélia - 300ml","p":2.53,"u":"8,43 €/L","img":"https://fd1-photos.leclercdrive.fr/image.ashx?id=2492797&use=l&cat=p&typeid=i","cat":284606},{"id":204306,"n":"Shampoing nutrition Ultra Doux Cheveu Bouclé à Frisé - 300ml","p":2.57,"u":"8,57 €/L","img":"https://fd1-photos.leclercdrive.fr/image.ashx?id=2926599&use=l&cat=p&typeid=i","cat":284606},{"id":204307,"n":"Shampoing Couleur Ultra Doux Cheveux colorés - 300ml","p":2.57,"u":"8,57 €/L","img":"https://fd1-photos.leclercdrive.fr/image.ashx?id=2492803&use=l&cat=p&typeid=i","cat":284606},{"id":204308,"n":"Shampoing Enfants Ultra Doux Abricot - 300ml","p":2.65,"u":"8,83 €/L","img":"https://fd1-photos.leclercdrive.fr/image.ashx?id=2851093&use=l&cat=p&typeid=i","cat":284606},{"id":204310,"n":"Shampoing Hydratant Ultra Doux Cheveux délicats - 300ml","p":2.53,"u":"8,43 €/L","img":"https://fd1-photos.leclercdrive.fr/image.ashx?id=2492812&use=l&cat=p&typeid=i","cat":284606},{"id":204311,"n":"Shampoing doux Ultra Doux Extrait de tilleul - 300ml","p":2.53,"u":"8,43 €/L","img":"https://fd1-photos.leclercdrive.fr/image.ashx?id=2492815&use=l&cat=p&typeid=i","cat":284606},{"id":204312,"n":"Shampoing Ultra Doux  Erable Huile de Ricin - 300ml","p":2.65,"u":"8,83 €/L","img":"https://fd1-photos.leclercdrive.fr/image.ashx?id=2492818&use=l&cat=p&typeid=i","cat":284606},{"id":204313,"n":"Après-shampooing karité Garnier Cheveu bouclé à Frisé - 250ml","p":2.53,"u":"10,12 €/L","img":"https://fd1-photos.leclercdrive.fr/image.ashx?id=2986651&use=l&cat=p&typeid=i","cat":284607},{"id":204314,"n":"Après-shampoing Ultra doux Cheveux fragiles - 250ml","p":2.65,"u":"10,60 €/L","img":"https://fd1-photos.leclercdrive.fr/image.ashx?id=2646569&use=l&cat=p&typeid=i","cat":284607},{"id":204315,"n":"Démêlant nourrissant Garnier Cheveu sec à très sec - 250ml","p":2.65,"u":"10,60 €/L","img":"https://fd1-photos.leclercdrive.fr/image.ashx?id=2492827&use=l&cat=p&typeid=i","cat":284607},{"id":204316,"n":"Shampoing réparateur Ultra Doux Cheveux fragiles - 300ml","p":2.68,"u":"8,93 €/L","img":"https://fd1-photos.leclercdrive.fr/image.ashx?id=2646572&use=l&cat=p&typeid=i","cat":284606},{"id":204323,"n":"Chips Vico Paprika - 125g","p":1.25,"u":"10,00 €/KG","img":"https://fd1-photos.leclercdrive.fr/image.ashx?id=2921298&use=l&cat=p&typeid=i","cat":284447},{"id":204327,"n":"Soupe instantanée Royco  Velouté Tomates - 4x200ml","p":1.35,"u":"1,69 €/L","img":"https://fd1-photos.leclercdrive.fr/image.ashx?id=2650991&use=l&cat=p&typeid=i","cat":293527},{"id":204328,"n":"Soupe instantanée Royco  Mouliné 12 Légumes - 4x200ml","p":1.36,"u":"1,70 €/L","img":"https://fd1-photos.leclercdrive.fr/image.ashx?id=2650994&use=l&cat=p&typeid=i","cat":293527},{"id":204330,"n":"Soupe liquide brique Liebig  Poule Vermicelles - 1L","p":2.56,"u":"2,56 €/L","img":"https://fd1-photos.leclercdrive.fr/image.ashx?id=2493136&use=l&cat=p&typeid=i","cat":284462},{"id":204383,"n":"Mini pizzas Piccolinis Buitoni 3 Formaggi x9 - 270g","p":3.45,"u":"12,78 €/KG","img":"https://fd1-photos.leclercdrive.fr/image.ashx?id=2493649&use=l&cat=p&typeid=i","cat":319774},{"id":204386,"n":"Mini pizzas Piccolinis Buitoni Bolognaise x9 - 270g","p":3.45,"u":"12,78 €/KG","img":"https://fd1-photos.leclercdrive.fr/image.ashx?id=2493655&use=l&cat=p&typeid=i","cat":319774},{"id":204488,"n":"Dentifrice Aquafresh Triple Protection Blancheur - 125ml","p":1.52,"u":"12,16 €/L","img":"https://fd1-photos.leclercdrive.fr/image.ashx?id=2546755&use=l&cat=p&typeid=i","cat":284612},{"id":204700,"n":"BB crème soin 5en1 Garnier Anti-âge teinte medium - 50ml","p":7.64,"u":"152,80 €/L","img":"https://fd1-photos.leclercdrive.fr/image.ashx?id=2494974&use=l&cat=p&typeid=i","cat":325345},{"id":204717,"n":"Soda Schweppes Saveur Agrumes Zero - 1,5L","p":1.73,"u":"1,15 €/L","img":"https://fd1-photos.leclercdrive.fr/image.ashx?id=2852444&use=l&cat=p&typeid=i","cat":284532},{"id":204718,"n":"Soda Schweppes Saveur Agrumes - 1,5L","p":1.66,"u":"1,11 €/L","img":"https://fd1-photos.leclercdrive.fr/image.ashx?id=2852447&use=l&cat=p&typeid=i","cat":284532},{"id":204719,"n":"Soda Schweppes Indian Tonic - 1,5L","p":1.7,"u":"1,13 €/L","img":"https://fd1-photos.leclercdrive.fr/image.ashx?id=2852456&use=l&cat=p&typeid=i","cat":284531},{"id":204731,"n":"Sachet fraîcheur chat Whiskas  Sélection en sauce - 12x85g","p":4.95,"u":"4,85 €/KG","img":"https://fd1-photos.leclercdrive.fr/image.ashx?id=2495764&use=l&cat=p&typeid=i","cat":285286},{"id":204734,"n":"Boîte chien Pedigree Cuisinés en sauce - 3x800g","p":7.12,"u":"2,97 €/KG","img":"https://fd1-photos.leclercdrive.fr/image.ashx?id=2849731&use=l&cat=p&typeid=i","cat":288578},{"id":204747,"n":"Dentifrice Aquafresh Menthe fraîche - 125ml","p":1.52,"u":"12,16 €/L","img":"https://fd1-photos.leclercdrive.fr/image.ashx?id=2546752&use=l&cat=p&typeid=i","cat":284612},{"id":204748,"n":"Boisson énergisante Red Bull Goût Abricot-Fraise, 250ml","p":1.27,"u":"5,08 €/L","img":"https://fd1-photos.leclercdrive.fr/image.ashx?id=3011995&use=l&cat=p&typeid=i","cat":284533},{"id":204787,"n":"Grands lardons fumé Petitgas - 200g","p":2.67,"u":"13,35 €/KG","img":"https://fd1-photos.leclercdrive.fr/image.ashx?id=2504716&use=l&cat=p&typeid=i","cat":316011},{"id":204788,"n":"Gnocchi à poêler Lustucru 325g","p":1.5,"u":"4,62 €/KG","img":"https://fd1-photos.leclercdrive.fr/image.ashx?id=2975218&use=l&cat=p&typeid=i","cat":333682},{"id":204789,"n":"Gnocchi à poêler Lustucru 520g","p":2.24,"u":"4,31 €/KG","img":"https://fd1-photos.leclercdrive.fr/image.ashx?id=2792423&use=l&cat=p&typeid=i","cat":333682},{"id":204791,"n":"Gnocchi à poêler Lustucru  Format XXL - 720g","p":2.85,"u":"3,96 €/KG","img":"https://fd1-photos.leclercdrive.fr/image.ashx?id=2788556&use=l&cat=p&typeid=i","cat":333682},{"id":204792,"n":"Girasoli Lustucru Tomate Basilic Mozzarella 250g","p":2.13,"u":"8,52 €/KG","img":"https://fd1-photos.leclercdrive.fr/image.ashx?id=2974363&use=l&cat=p&typeid=i","cat":333682},{"id":204796,"n":"Tortellini Lustucru Jambon cru - 250g","p":2.1,"u":"8,40 €/KG","img":"https://fd1-photos.leclercdrive.fr/image.ashx?id=2974360&use=l&cat=p&typeid=i","cat":333682},{"id":204954,"n":"Haché Extra Moelleux Charal Façon Bouchère 8x110g - 880g","p":11.08,"u":"12,59 €/KG","img":"https://fd1-photos.leclercdrive.fr/image.ashx?id=2731732&use=l&cat=p&typeid=i","cat":319778},{"id":205007,"n":"Compotes Pom'Potes Gourdes  Explorateurs sur Neptun  12x90g","p":5.29,"u":"4,90 €/KG","img":"https://fd1-photos.leclercdrive.fr/image.ashx?id=2900743&use=l&cat=p&typeid=i","cat":284508},{"id":205008,"n":"Compotes Pom'Potes Gourdes  Recette Douceur d’Asie - 12x90g","p":6.21,"u":"5,75 €/KG","img":"https://fd1-photos.leclercdrive.fr/image.ashx?id=2563391&use=l&cat=p&typeid=i","cat":284508},{"id":205011,"n":"Lasagnes au saumon d'aucy 300g","p":2.92,"u":"9,73 €/KG","img":"https://fd1-photos.leclercdrive.fr/image.ashx?id=2522539&use=l&cat=p&typeid=i","cat":284953},{"id":205079,"n":"Bière summer IPA Britt 6X25CL","p":6.41,"u":"4,27 €/L","img":"https://fd1-photos.leclercdrive.fr/image.ashx?id=2540745&use=l&cat=p&typeid=i","cat":334872},{"id":205166,"n":"L'Enrobé aux airelles 80g","p":2.25,"u":"28,13 €/KG","img":"https://fd1-photos.leclercdrive.fr/image.ashx?id=2499163&use=l&cat=p&typeid=i","cat":314031},{"id":205167,"n":"L'Enrobé exotique 80g","p":2.25,"u":"28,13 €/KG","img":"https://fd1-photos.leclercdrive.fr/image.ashx?id=2499166&use=l&cat=p&typeid=i","cat":314031},{"id":205171,"n":"Soupe instantanée Royco  Velouté 12 Légumes - 4x200ml","p":1.45,"u":"1,81 €/L","img":"https://fd1-photos.leclercdrive.fr/image.ashx?id=2650997&use=l&cat=p&typeid=i","cat":293527},{"id":205233,"n":"Serviettes Always Ultra Long - T2 - x12","p":2.18,"u":"0,18 €/P","img":"https://fd1-photos.leclercdrive.fr/image.ashx?id=2851324&use=l&cat=p&typeid=i","cat":284624},{"id":205235,"n":"Serviettes Always Ultra Secure night -T4 - x9","p":2.45,"u":"0,27 €/P","img":"https://fd1-photos.leclercdrive.fr/image.ashx?id=2851330&use=l&cat=p&typeid=i","cat":284624},{"id":205237,"n":"Sérum anti-âge L'Oréal Paris Revitalift Vitamine C - 30ml","p":13.98,"u":"466,00 €/L","img":"https://fd1-photos.leclercdrive.fr/image.ashx?id=3003351&use=l&cat=p&typeid=i","cat":325345},{"id":205302,"n":"Gel lavant Sanytol Nourrisant Bio - 250ml","p":2.55,"u":"10,20 €/L","img":"https://fd1-photos.leclercdrive.fr/image.ashx?id=2904658&use=l&cat=p&typeid=i","cat":284597},{"id":205303,"n":"Gel lavant Sanytol Désinfectant cuisine - 250ml","p":2.31,"u":"9,24 €/L","img":"https://fd1-photos.leclercdrive.fr/image.ashx?id=2904661&use=l&cat=p&typeid=i","cat":284597},{"id":205304,"n":"Bandes de cire froide Expert Veet Corps Peaux sensibles x40","p":7.34,"u":"0,18 €/P","img":"https://fd1-photos.leclercdrive.fr/image.ashx?id=2964959&use=l&cat=p&typeid=i","cat":325351},{"id":205305,"n":"Bandes de cire froide Expert Veet Visage Peaux sensibles x20","p":4.57,"u":"0,23 €/P","img":"https://fd1-photos.leclercdrive.fr/image.ashx?id=2915440&use=l&cat=p&typeid=i","cat":325351},{"id":205311,"n":"Masque Remède Garnier Cheveux normaux à gras - 340ml","p":4.8,"u":"14,12 €/L","img":"https://fd1-photos.leclercdrive.fr/image.ashx?id=2500171&use=l&cat=p&typeid=i","cat":284608},{"id":205315,"n":"Coloration Permanente Olia 8.0 Blond miel sans ammoniaque","p":11.13,"u":"11,13 €/TRC","img":"https://fd1-photos.leclercdrive.fr/image.ashx?id=2521173&use=l&cat=p&typeid=i","cat":288899},{"id":205317,"n":"Après-Shampooing Garnier Cheveux normaux à gras - 200ml","p":2.89,"u":"14,45 €/L","img":"https://fd1-photos.leclercdrive.fr/image.ashx?id=2500174&use=l&cat=p&typeid=i","cat":284607},{"id":205318,"n":"Shampoing charbon Ultra Doux Equilibrant - 250ml","p":2.89,"u":"11,56 €/L","img":"https://fd1-photos.leclercdrive.fr/image.ashx?id=2500177&use=l&cat=p&typeid=i","cat":284606},{"id":205320,"n":"Masque Assouplissant Garnier Cheveu sec à très sec - 340ml","p":4.95,"u":"14,56 €/L","img":"https://fd1-photos.leclercdrive.fr/image.ashx?id=2500162&use=l&cat=p&typeid=i","cat":284608},{"id":205322,"n":"Masque remède Nutrition Garnier Avocat karité - 340ml","p":4.63,"u":"13,62 €/L","img":"https://fd1-photos.leclercdrive.fr/image.ashx?id=2875453&use=l&cat=p&typeid=i","cat":284608},{"id":205327,"n":"Pâte Nocciolata Bio cacao 250g","p":3.44,"u":"13,76 €/KG","img":"https://fd1-photos.leclercdrive.fr/image.ashx?id=2807897&use=l&cat=p&typeid=i","cat":284481},{"id":205344,"n":"Pâte à tartiner Nocciolata  Bio cacao Noisettes - 650g","p":6.96,"u":"10,71 €/KG","img":"https://fd1-photos.leclercdrive.fr/image.ashx?id=2883248&use=l&cat=p&typeid=i","cat":284481},{"id":205347,"n":"Pâte à Nocciolata  Bio Cacao - 250g","p":3.1,"u":"12,40 €/KG","img":"https://fd1-photos.leclercdrive.fr/image.ashx?id=2883251&use=l&cat=p&typeid=i","cat":284481},{"id":205351,"n":"Pâte à tartiner Nocciolata  Bio - 650g","p":7.89,"u":"12,14 €/KG","img":"https://fd1-photos.leclercdrive.fr/image.ashx?id=2868194&use=l&cat=p&typeid=i","cat":284481},{"id":205522,"n":"Shampoing Réparateur Elsève Pro Bond Repair - 200ml","p":5.15,"u":"25,75 €/L","img":"https://fd1-photos.leclercdrive.fr/image.ashx?id=3008779&use=l&cat=p&typeid=i","cat":284606},{"id":205525,"n":"Démêlant Intense Elsève Pro Bond Repair - 150ml","p":5.14,"u":"34,27 €/L","img":"https://fd1-photos.leclercdrive.fr/image.ashx?id=3008782&use=l&cat=p&typeid=i","cat":284607},{"id":205920,"n":"Cracotte Lu Briochée - 240g","p":2.13,"u":"8,88 €/KG","img":"https://fd1-photos.leclercdrive.fr/image.ashx?id=2645408&use=l&cat=p&typeid=i","cat":284479},{"id":206033,"n":"Biscuits Mots Doux P'tit Déli Chocolat noisettes - 180g","p":1.89,"u":"10,50 €/KG","img":"https://fd1-photos.leclercdrive.fr/image.ashx?id=2771136&use=l&cat=p&typeid=i","cat":284488},{"id":206050,"n":"Thé glacé Fuze Tea Framboise Menthe  Sans sucres - 1.25L","p":1.55,"u":"1,24 €/L","img":"https://fd1-photos.leclercdrive.fr/image.ashx?id=2997217&use=l&cat=p&typeid=i","cat":295019},{"id":206116,"n":"Rol'nuts  Chocolat cacahuète - 100g","p":0.96,"u":"9,60 €/KG","img":"https://fd1-photos.leclercdrive.fr/image.ashx?id=2507691&use=l&cat=p&typeid=i","cat":284449},{"id":206120,"n":"Crème dépilatoire Expert Veet Corps Peaux sensibles 200ml","p":4.4,"u":"22,00 €/L","img":"https://fd1-photos.leclercdrive.fr/image.ashx?id=2970804&use=l&cat=p&typeid=i","cat":325351},{"id":206126,"n":"Infusion La Tisanière Nuit calme - x20 - 28g","p":2.5,"u":"89,29 €/KG","img":"https://fd1-photos.leclercdrive.fr/image.ashx?id=2907863&use=l&cat=p&typeid=i","cat":293234},{"id":206128,"n":"Pâte à tartiner Nocciolata Bio Praliné Noisettes - 250g","p":3.28,"u":"13,12 €/KG","img":"https://fd1-photos.leclercdrive.fr/image.ashx?id=2883254&use=l&cat=p&typeid=i","cat":284481},{"id":206135,"n":"Infusion La Tisanière Fleur de camomille - x20  - 30g","p":2.65,"u":"88,33 €/KG","img":"https://fd1-photos.leclercdrive.fr/image.ashx?id=2880700&use=l&cat=p&typeid=i","cat":293234},{"id":206139,"n":"Sirop Teisseire Cassis - 60cl","p":3.3,"u":"5,50 €/L","img":"https://fd1-photos.leclercdrive.fr/image.ashx?id=2508588&use=l&cat=p&typeid=i","cat":295020},{"id":206140,"n":"Sirop concentré Teisseire Citron vert - 60cl","p":3.3,"u":"5,50 €/L","img":"https://fd1-photos.leclercdrive.fr/image.ashx?id=2508591&use=l&cat=p&typeid=i","cat":295020},{"id":206142,"n":"Sirop Teisseire  Fraise - 60cl","p":3.3,"u":"5,50 €/L","img":"https://fd1-photos.leclercdrive.fr/image.ashx?id=2771750&use=l&cat=p&typeid=i","cat":295020},{"id":206143,"n":"Sirop Teisseire  Pêche - 60cl","p":3.3,"u":"5,50 €/L","img":"https://fd1-photos.leclercdrive.fr/image.ashx?id=2508597&use=l&cat=p&typeid=i","cat":295020},{"id":206144,"n":"Boisson concentrée Teisseire A diluer grenadine Zéro - 60cl","p":2.72,"u":"4,53 €/L","img":"https://fd1-photos.leclercdrive.fr/image.ashx?id=2508600&use=l&cat=p&typeid=i","cat":295020},{"id":206147,"n":"Boisson concentrée Teisseire Menthe verte sans sucres - 60cl","p":2.74,"u":"4,57 €/L","img":"https://fd1-photos.leclercdrive.fr/image.ashx?id=2508603&use=l&cat=p&typeid=i","cat":295020},{"id":206149,"n":"Boisson concentrée Teisseire Citron sans sucres - 60cl","p":2.89,"u":"4,82 €/L","img":"https://fd1-photos.leclercdrive.fr/image.ashx?id=2508606&use=l&cat=p&typeid=i","cat":295020},{"id":206154,"n":"Saucisson Herta  Fuet - 180g","p":2.69,"u":"14,94 €/KG","img":"https://fd1-photos.leclercdrive.fr/image.ashx?id=2767648&use=l&cat=p&typeid=i","cat":316006},{"id":206163,"n":"Sirop Teisseire  Menthe verte - 60cl","p":2.25,"u":"3,75 €/L","img":"https://fd1-photos.leclercdrive.fr/image.ashx?id=2772726&use=l&cat=p&typeid=i","cat":295020},{"id":206169,"n":"Sirop Tesseire Citron - 60cl","p":2.25,"u":"3,75 €/L","img":"https://fd1-photos.leclercdrive.fr/image.ashx?id=2771747&use=l&cat=p&typeid=i","cat":295020},{"id":206172,"n":"Biscuits Kinder Tronky fourrés Cacao et au lait  - 90g","p":2.0,"u":"22,22 €/KG","img":"https://fd1-photos.leclercdrive.fr/image.ashx?id=2916462&use=l&cat=p&typeid=i","cat":284488},{"id":206218,"n":"Eau micellaire A-Derma Nettoyante purifiante - 400ML","p":15.18,"u":"37,95 €/L","img":"https://fd1-photos.leclercdrive.fr/image.ashx?id=2509484&use=l&cat=p&typeid=i","cat":301587},{"id":206222,"n":"Fluide anti-tâches Ducray Protecteur SPF50+ - 50ml","p":16.6,"u":"332,00 €/L","img":"https://fd1-photos.leclercdrive.fr/image.ashx?id=2509526&use=l&cat=p&typeid=i","cat":291168},{"id":206223,"n":"Crème anti-tâches Ducray Protectrice SPF50+ - 50ml","p":16.6,"u":"332,00 €/L","img":"https://fd1-photos.leclercdrive.fr/image.ashx?id=2509529&use=l&cat=p&typeid=i","cat":291168},{"id":206224,"n":"Roll-on Aisselles Ducray Anti-transpirant - 40ml","p":9.93,"u":"248,25 €/L","img":"https://fd1-photos.leclercdrive.fr/image.ashx?id=2509532&use=l&cat=p&typeid=i","cat":301593},{"id":206230,"n":"Huile essentielle Puressentiel Camomille Romaine - 5ml","p":10.4,"img":"https://fd1-photos.leclercdrive.fr/image.ashx?id=2508984&use=l&cat=p&typeid=i","cat":298633},{"id":206238,"n":"Crème mains Neutrogena Concentrée-Sans parfum - 2x50ml","p":7.8,"u":"78,00 €/L","img":"https://fd1-photos.leclercdrive.fr/image.ashx?id=2508996&use=l&cat=p&typeid=i","cat":290424},{"id":206239,"n":"Crème pieds secs Cicabiafine Anti-fendillements - 2x100ml","p":9.21,"u":"46,05 €/L","img":"https://fd1-photos.leclercdrive.fr/image.ashx?id=2971134&use=l&cat=p&typeid=i","cat":290424},{"id":206243,"n":"Lotion nettoyante Avène Tolérance - 400ml","p":9.9,"u":"24,75 €/L","img":"https://fd1-photos.leclercdrive.fr/image.ashx?id=2509469&use=l&cat=p&typeid=i","cat":301587},{"id":206244,"n":"Mousse nettoyante Avène 150ml","p":14.95,"u":"99,67 €/L","img":"https://fd1-photos.leclercdrive.fr/image.ashx?id=2509475&use=l&cat=p&typeid=i","cat":301587},{"id":206245,"n":"Lait démaquillant Avène 200ml","p":15.29,"u":"76,45 €/L","img":"https://fd1-photos.leclercdrive.fr/image.ashx?id=2509478&use=l&cat=p&typeid=i","cat":301587},{"id":206247,"n":"Lait après-soleil Avène Réparateur - 200ml","p":12.9,"u":"64,50 €/L","img":"https://fd1-photos.leclercdrive.fr/image.ashx?id=2509490&use=l&cat=p&typeid=i","cat":290394},{"id":206249,"n":"Baume relipidant Eau thermale Avène - XeraCalm - 400ml","p":22.9,"u":"57,25 €/L","img":"https://fd1-photos.leclercdrive.fr/image.ashx?id=2605596&use=l&cat=p&typeid=i","cat":290421},{"id":206250,"n":"Crème relipidante Eau thermale Avène - XeraCalm - 400ml","p":22.5,"u":"56,25 €/L","img":"https://fd1-photos.leclercdrive.fr/image.ashx?id=2625481&use=l&cat=p&typeid=i","cat":290421},{"id":206253,"n":"Lait hydratant Eau thermale Avène - XeraCalm - 400ml","p":20.1,"u":"50,25 €/L","img":"https://fd1-photos.leclercdrive.fr/image.ashx?id=2509511&use=l&cat=p&typeid=i","cat":290421},{"id":206254,"n":"Sérum concentré Hydratant Avène Hydrance Boost - 30ml","p":24.9,"u":"830,00 €/L","img":"https://fd1-photos.leclercdrive.fr/image.ashx?id=2509520&use=l&cat=p&typeid=i","cat":291171},{"id":206259,"n":"Eau micellaire Avène Démaquillante - 400ml","p":10.99,"u":"27,48 €/L","img":"https://fd1-photos.leclercdrive.fr/image.ashx?id=2509535&use=l&cat=p&typeid=i","cat":301587},{"id":206260,"n":"Eau oxygénée Gilbert Stabilisée - 20 volumes - 250ml","p":3.6,"u":"14,40 €/L","img":"https://fd1-photos.leclercdrive.fr/image.ashx?id=2509643&use=l&cat=p&typeid=i","cat":291163},{"id":206261,"n":"Eau oxygénée Gilbert 30 volumes - 250ml","p":4.62,"u":"18,48 €/L","img":"https://fd1-photos.leclercdrive.fr/image.ashx?id=2509646&use=l&cat=p&typeid=i","cat":291163},{"id":206263,"n":"Anti-adhésif Gilbert 125ml","p":3.98,"u":"31,84 €/L","img":"https://fd1-photos.leclercdrive.fr/image.ashx?id=2509652&use=l&cat=p&typeid=i","cat":291163},{"id":206264,"n":"Crème d'eau Uriage Eau Thermale 40ml","p":13.1,"u":"327,50 €/L","img":"https://fd1-photos.leclercdrive.fr/image.ashx?id=2509038&use=l&cat=p&typeid=i","cat":291171},{"id":206300,"n":"Sirop Teisseire  Fruit de la passion - 60cl","p":3.55,"u":"5,92 €/L","img":"https://fd1-photos.leclercdrive.fr/image.ashx?id=2510780&use=l&cat=p&typeid=i","cat":295020},{"id":206315,"n":"Boisson énergisante  Monster - Juiced khaotic 50cl","p":1.54,"u":"3,08 €/L","img":"https://fd1-photos.leclercdrive.fr/image.ashx?id=2511047&use=l&cat=p&typeid=i","cat":284533},{"id":206317,"n":"Boisson énergisante zéro sucres Monster Ultra Watermelon 50cl","p":1.48,"u":"2,96 €/L","img":"https://fd1-photos.leclercdrive.fr/image.ashx?id=2511050&use=l&cat=p&typeid=i","cat":284533},{"id":206363,"n":"Spray Répulsif poux Puressentiel - 75ml","p":7.99,"u":"106,53 €/L","img":"https://fd1-photos.leclercdrive.fr/image.ashx?id=2509568&use=l&cat=p&typeid=i","cat":301248},{"id":206375,"n":"Crème pieds Neutrogena Talons crevassés - 50ml","p":7.21,"u":"144,20 €/L","img":"https://fd1-photos.leclercdrive.fr/image.ashx?id=2510109&use=l&cat=p&typeid=i","cat":290424},{"id":206378,"n":"Gelée fraîche démaquillante Uriage - 150ml","p":11.14,"u":"74,27 €/L","img":"https://fd1-photos.leclercdrive.fr/image.ashx?id=2774655&use=l&cat=p&typeid=i","cat":301587},{"id":206379,"n":"Recharge gel lavant Topialyse SVR - 1L","p":8.27,"pp":6.2,"u":"6,20 €/L","img":"https://fd1-photos.leclercdrive.fr/image.ashx?id=2510130&use=l&cat=p&typeid=i","cat":301591},{"id":206380,"n":"Recharge Huile lavante Topyalise SVR - 1L","p":14.82,"pp":11.11,"u":"11,11 €/L","img":"https://fd1-photos.leclercdrive.fr/image.ashx?id=2510133&use=l&cat=p&typeid=i","cat":301591},{"id":206382,"n":"Spray hygiène nasale hydratant Puressentiel- 100ml","p":7.39,"u":"73,90 €/L","img":"https://fd1-photos.leclercdrive.fr/image.ashx?id=2510139&use=l&cat=p&typeid=i","cat":301256},{"id":206385,"n":"Huile essentielle Puressentiel Ravintsara Bio - 10ml","p":6.49,"u":"649,00 €/L","img":"https://fd1-photos.leclercdrive.fr/image.ashx?id=2510142&use=l&cat=p&typeid=i","cat":298633},{"id":206406,"n":"Euphytose nuit Bayer x15","p":10.5,"img":"https://fd1-photos.leclercdrive.fr/image.ashx?id=2638954&use=l&cat=p&typeid=i","cat":301265},{"id":206414,"n":"Gummies cheveux Forcapil  Croissance - x60","p":14.46,"img":"https://fd1-photos.leclercdrive.fr/image.ashx?id=2939934&use=l&cat=p&typeid=i","cat":301266},{"id":206422,"n":"Arkomag magnésium B6 Arkopharma Nervosité et fatigue - x120","p":6.86,"u":"0,06 €/P","img":"https://fd1-photos.leclercdrive.fr/image.ashx?id=2510936&use=l&cat=p&typeid=i","cat":301264},{"id":206423,"n":"Crème protectrice visage Bébé Calendula - 50ml","p":5.7,"u":"114,00 €/L","img":"https://fd1-photos.leclercdrive.fr/image.ashx?id=2510118&use=l&cat=p&typeid=i","cat":291171},{"id":206429,"n":"Compléments alimentaires Luxéol Chute de cheveux - x90 gélules","p":35.89,"u":"0,40 €/P","img":"https://fd1-photos.leclercdrive.fr/image.ashx?id=2805489&use=l&cat=p&typeid=i","cat":301266},{"id":206430,"n":"Gummies Luxéol Cheveux et ongles - x60","p":19.89,"u":"0,33 €/P","img":"https://fd1-photos.leclercdrive.fr/image.ashx?id=2921942&use=l&cat=p&typeid=i","cat":301266},{"id":206439,"n":"Pâte à tartiner Nocciolata  Bio - Crunchy - 250g","p":2.99,"u":"11,96 €/KG","img":"https://fd1-photos.leclercdrive.fr/image.ashx?id=2905078&use=l&cat=p&typeid=i","cat":284481},{"id":206442,"n":"Sirop Kiwi Teisseire  60cl","p":3.61,"u":"6,02 €/L","img":"https://fd1-photos.leclercdrive.fr/image.ashx?id=2510783&use=l&cat=p&typeid=i","cat":295020},{"id":206448,"n":"Rhum blanc  La Martiniquaise 40° 20cl","p":3.15,"u":"15,75 €/L","img":"https://fd1-photos.leclercdrive.fr/image.ashx?id=2962242&use=l&cat=p&typeid=i","cat":284550},{"id":206471,"n":"Baume du Tigre Blanc T 19g","p":6.7,"u":"352,63 €/KG","img":"https://fd1-photos.leclercdrive.fr/image.ashx?id=2511104&use=l&cat=p&typeid=i","cat":290421},{"id":206473,"n":"Huile prodigieuse Nuxe  Visage, corps, cheveux - 50ml","p":14.9,"u":"298,00 €/L","img":"https://fd1-photos.leclercdrive.fr/image.ashx?id=2651486&use=l&cat=p&typeid=i","cat":290422},{"id":206474,"n":"Huile relaxante Weleda Lavande - 100ml","p":12.9,"u":"129,00 €/L","img":"https://fd1-photos.leclercdrive.fr/image.ashx?id=2510482&use=l&cat=p&typeid=i","cat":290422},{"id":206476,"n":"Magné control 2 MOIS BT 60 2 mois - x60","p":7.99,"u":"0,13 €/P","img":"https://fd1-photos.leclercdrive.fr/image.ashx?id=2510485&use=l&cat=p&typeid=i","cat":301264},{"id":206530,"n":"Mini Génoises Balconi Chocolat & Lait - 300g","p":1.67,"u":"5,57 €/KG","img":"https://fd1-photos.leclercdrive.fr/image.ashx?id=2964057&use=l&cat=p&typeid=i","cat":284495},{"id":206553,"n":"Serviettes hygiéniques Always Ultra Jour&Nuit Taille 3 - x22","p":3.99,"u":"0,18 €/P","img":"https://fd1-photos.leclercdrive.fr/image.ashx?id=2849433&use=l&cat=p&typeid=i","cat":284624},{"id":206577,"n":"Crème fluide UHT Président Secret de Crème - 3x20cl","p":3.59,"u":"5,98 €/L","img":"https://fd1-photos.leclercdrive.fr/image.ashx?id=2678999&use=l&cat=p&typeid=i","cat":284381},{"id":206608,"n":"Amincissant ventre et hanches  Somatoline - Cryogel - 250ml","p":33.5,"u":"134,00 €/L","img":"https://fd1-photos.leclercdrive.fr/image.ashx?id=2512300&use=l&cat=p&typeid=i","cat":291161},{"id":206613,"n":"Thé glacé Oasis Ice Tea Saveur Framboise Cassis - 1,5L","p":1.9,"u":"1,27 €/L","img":"https://fd1-photos.leclercdrive.fr/image.ashx?id=2681730&use=l&cat=p&typeid=i","cat":295019},{"id":206614,"n":"Thé glacé Oasis Ice Tea Saveur Pêche - 6x33cl","p":3.59,"u":"1,81 €/L","img":"https://fd1-photos.leclercdrive.fr/image.ashx?id=2873865&use=l&cat=p&typeid=i","cat":295019},{"id":206615,"n":"Boisson aux fruits Oasis Tropical sans sucres - 1,5L","p":1.97,"u":"1,31 €/L","img":"https://fd1-photos.leclercdrive.fr/image.ashx?id=2681739&use=l&cat=p&typeid=i","cat":295018},{"id":206617,"n":"Lessive liquide Arbre Vert Recharge x34 - 1.53L","p":6.05,"u":"3,95 €/L","img":"https://fd1-photos.leclercdrive.fr/image.ashx?id=2680209&use=l&cat=p&typeid=i","cat":284640},{"id":206725,"n":"Bâtonnet Magnum Double Sunlover x4 - 300g","p":3.6,"u":"12,00 €/KG","img":"https://fd1-photos.leclercdrive.fr/image.ashx?id=2886397&use=l&cat=p&typeid=i","cat":284265},{"id":206726,"n":"Glace Bâtonnet MAGNUM Double Caramel 4x85ml","p":2.99,"u":"10,53 €/KG","img":"https://fd1-photos.leclercdrive.fr/image.ashx?id=2770626&use=l&cat=p&typeid=i","cat":284265},{"id":206727,"n":"Bâtonnet Magnum Double Chocolat x4 - 284g","p":2.99,"u":"10,53 €/KG","img":"https://fd1-photos.leclercdrive.fr/image.ashx?id=3009284&use=l&cat=p&typeid=i","cat":284265},{"id":206804,"n":"Fromage apéritif Apéricube Jambon 15 cubes","p":1.93,"u":"24,74 €/KG","img":"https://fd1-photos.leclercdrive.fr/image.ashx?id=2882659&use=l&cat=p&typeid=i","cat":314027},{"id":206921,"n":"Lessive en poudre L'Arbre Vert 1.8kg","p":7.43,"u":"4,13 €/KG","img":"https://fd1-photos.leclercdrive.fr/image.ashx?id=2794445&use=l&cat=p&typeid=i","cat":284642},{"id":206922,"n":"Soupe liquide brique Liebig  Façon napolitaine - 2x30cl","p":2.54,"u":"4,23 €/L","img":"https://fd1-photos.leclercdrive.fr/image.ashx?id=2517887&use=l&cat=p&typeid=i","cat":284462},{"id":206936,"n":"Légum' Vapeur Notre Jardin Petits pois & carottes 265g","p":1.45,"u":"5,47 €/KG","img":"https://fd1-photos.leclercdrive.fr/image.ashx?id=3002647&use=l&cat=p&typeid=i","cat":312607},{"id":206950,"n":"Gaufrettes P'tit Déli Fourrés - 128g","p":1.59,"u":"12,42 €/KG","img":"https://fd1-photos.leclercdrive.fr/image.ashx?id=2842522&use=l&cat=p&typeid=i","cat":284488},{"id":206963,"n":"Morceaux et coeurs de palmier  250g","p":1.99,"u":"7,96 €/KG","img":"https://fd1-photos.leclercdrive.fr/image.ashx?id=2670365&use=l&cat=p&typeid=i","cat":312611},{"id":206981,"n":"Rôti de poulet Fleury Michon 100% filet CSN x4 - 150g","p":2.46,"u":"16,40 €/KG","img":"https://fd1-photos.leclercdrive.fr/image.ashx?id=2892670&use=l&cat=p&typeid=i","cat":316010},{"id":206985,"n":"Haché de jambon Fleury Michon À poêler x2 - 190g","p":1.68,"u":"8,84 €/KG","img":"https://fd1-photos.leclercdrive.fr/image.ashx?id=2518649&use=l&cat=p&typeid=i","cat":316009},{"id":206994,"n":"Allumettes de poulet  Fleury Michon x2 - 150g","p":1.73,"u":"11,53 €/KG","img":"https://fd1-photos.leclercdrive.fr/image.ashx?id=2659647&use=l&cat=p&typeid=i","cat":316011},{"id":206997,"n":"Couscous à la marocaine légumes Fleury Michon - 450g","p":3.06,"u":"6,80 €/KG","img":"https://fd1-photos.leclercdrive.fr/image.ashx?id=2656724&use=l&cat=p&typeid=i","cat":333665},{"id":207010,"n":"Aiguillettes de poulet rôti Fleury Michon - CSN - 150g","p":2.19,"u":"14,60 €/KG","img":"https://fd1-photos.leclercdrive.fr/image.ashx?id=2642555&use=l&cat=p&typeid=i","cat":316011},{"id":207017,"n":"Monster Top Speed Zero 50CL","p":1.48,"u":"2,96 €/L","img":"https://fd1-photos.leclercdrive.fr/image.ashx?id=2861174&use=l&cat=p&typeid=i","cat":284533},{"id":207018,"n":"Infusion La Tisanière Nuit calme - 30g","p":2.69,"u":"89,67 €/KG","img":"https://fd1-photos.leclercdrive.fr/image.ashx?id=2907866&use=l&cat=p&typeid=i","cat":293234},{"id":207019,"n":"Monster Aussie Lemonade Boite - 50cl","p":1.63,"u":"3,26 €/L","img":"https://fd1-photos.leclercdrive.fr/image.ashx?id=2519552&use=l&cat=p&typeid=i","cat":284533},{"id":207026,"n":"Infusion detox La Tisanière x20 - 30g","p":2.55,"u":"85,00 €/KG","img":"https://fd1-photos.leclercdrive.fr/image.ashx?id=2907869&use=l&cat=p&typeid=i","cat":293234},{"id":207029,"n":"Infusion La Tisanière Drainage pamplemousse - x20 30g","p":2.5,"u":"83,33 €/KG","img":"https://fd1-photos.leclercdrive.fr/image.ashx?id=2907872&use=l&cat=p&typeid=i","cat":293234},{"id":207035,"n":"Demi-Pêches Rochefontaine au sirop léger - 240g","p":1.98,"u":"8,25 €/KG","img":"https://fd1-photos.leclercdrive.fr/image.ashx?id=2639537&use=l&cat=p&typeid=i","cat":284507},{"id":207036,"n":"Demi-Pêches Rochefontaine au sirop léger - 250g","p":2.59,"u":"10,36 €/KG","img":"https://fd1-photos.leclercdrive.fr/image.ashx?id=2633980&use=l&cat=p&typeid=i","cat":284507},{"id":207037,"n":"Demi-poires Rochefontaine au sirop léger - 230g","p":1.9,"u":"8,26 €/KG","img":"https://fd1-photos.leclercdrive.fr/image.ashx?id=2639540&use=l&cat=p&typeid=i","cat":284507},{"id":207042,"n":"Sirop Teisseire Grenadine Bidon mega - 1.3L","p":5.23,"u":"4,02 €/L","img":"https://fd1-photos.leclercdrive.fr/image.ashx?id=2519480&use=l&cat=p&typeid=i","cat":295020},{"id":207043,"n":"Lessive Liquide L'Arbre Vert Savon végétal 45 lavages 2,025L","p":7.12,"u":"3,52 €/L","img":"https://fd1-photos.leclercdrive.fr/image.ashx?id=3008542&use=l&cat=p&typeid=i","cat":284640},{"id":207044,"n":"Recharge Lessive l'Arbre Vert Amande Douce 34 lavages 1,53L","p":6.18,"u":"4,04 €/L","img":"https://fd1-photos.leclercdrive.fr/image.ashx?id=2684503&use=l&cat=p&typeid=i","cat":284640},{"id":207047,"n":"Beurre de cacahuètes Menguy's 454g","p":4.07,"u":"8,96 €/KG","img":"https://fd1-photos.leclercdrive.fr/image.ashx?id=2844088&use=l&cat=p&typeid=i","cat":284481},{"id":207074,"n":"Vaisselle mains L'Arbre Vert Peaux sensibles - 500ml","p":1.62,"u":"3,24 €/L","img":"https://fd1-photos.leclercdrive.fr/image.ashx?id=2845428&use=l&cat=p&typeid=i","cat":284655},{"id":207075,"n":"Vaisselle Main L'Arbre Vert Amande - 500ml","p":1.54,"u":"3,08 €/L","img":"https://fd1-photos.leclercdrive.fr/image.ashx?id=2845431&use=l&cat=p&typeid=i","cat":284655},{"id":207139,"n":"Serviettes hygiéniques Always  Ultra - Secure night - x18","p":4.09,"u":"0,23 €/P","img":"https://fd1-photos.leclercdrive.fr/image.ashx?id=2849436&use=l&cat=p&typeid=i","cat":284624},{"id":207140,"n":"Serviettes hygiéniques Always Ultra - Secure night extra- x16","p":3.91,"u":"0,24 €/P","img":"https://fd1-photos.leclercdrive.fr/image.ashx?id=3000878&use=l&cat=p&typeid=i","cat":284624},{"id":207141,"n":"Préservatifs Durex Nude Extra Fins Peau contre Peau x10","p":6.72,"u":"0,67 €/P","img":"https://fd1-photos.leclercdrive.fr/image.ashx?id=2962017&use=l&cat=p&typeid=i","cat":284631},{"id":207142,"n":"Gel Lubrifiant Intime Durex Sensitive base Eau 100ml","p":8.1,"u":"81,00 €/L","img":"https://fd1-photos.leclercdrive.fr/image.ashx?id=2961203&use=l&cat=p&typeid=i","cat":285160},{"id":207156,"n":"Demi-abricots Rochefontaine au sirop - 820g","p":3.3,"u":"4,02 €/KG","img":"https://fd1-photos.leclercdrive.fr/image.ashx?id=2617891&use=l&cat=p&typeid=i","cat":284507},{"id":207157,"n":"Biscuits La Biscuiterie Delacre Caramel intense - 130g","p":2.53,"u":"19,46 €/KG","img":"https://fd1-photos.leclercdrive.fr/image.ashx?id=2926323&use=l&cat=p&typeid=i","cat":284490},{"id":207158,"n":"Biscuits La Biscuiterie Delacre Sablés chocolat Noir - 130g","p":2.39,"u":"18,38 €/KG","img":"https://fd1-photos.leclercdrive.fr/image.ashx?id=2674092&use=l&cat=p&typeid=i","cat":284490},{"id":207162,"n":"Sauce rouleaux de printemps Tanoshi - 250ml","p":2.4,"u":"9,60 €/L","img":"https://fd1-photos.leclercdrive.fr/image.ashx?id=2913229&use=l&cat=p&typeid=i","cat":288992},{"id":207173,"n":"Sauce nems Tanoshi 150ml","p":1.95,"u":"13,00 €/L","img":"https://fd1-photos.leclercdrive.fr/image.ashx?id=2921615&use=l&cat=p&typeid=i","cat":288992},{"id":207174,"n":"Nouilles vermicelles de riz Tanoshi Vietnam 250g","p":1.8,"u":"7,20 €/KG","img":"https://fd1-photos.leclercdrive.fr/image.ashx?id=2732290&use=l&cat=p&typeid=i","cat":288992},{"id":207175,"n":"Kit bobun Tanoshi 485g","p":4.75,"u":"9,79 €/KG","img":"https://fd1-photos.leclercdrive.fr/image.ashx?id=2850910&use=l&cat=p&typeid=i","cat":288992},{"id":207177,"n":"Nouilles de riz sèches Tanoshi 400g","p":1.89,"u":"4,73 €/KG","img":"https://fd1-photos.leclercdrive.fr/image.ashx?id=2732296&use=l&cat=p&typeid=i","cat":288992},{"id":207198,"n":"Recharge lessive liquide  Rainette Aloe vera - 1.6L","p":5.77,"u":"3,61 €/L","img":"https://fd1-photos.leclercdrive.fr/image.ashx?id=2858684&use=l&cat=p&typeid=i","cat":284640},{"id":207199,"n":"Recharge lessive liquide  Rainett Savon de Marseille 1.6L","p":5.83,"u":"3,64 €/L","img":"https://fd1-photos.leclercdrive.fr/image.ashx?id=2842129&use=l&cat=p&typeid=i","cat":284640},{"id":207210,"n":"Fromage à tartiner Kiri Délicieusement fouetté - 125g","p":2.23,"u":"17,84 €/KG","img":"https://fd1-photos.leclercdrive.fr/image.ashx?id=2686591&use=l&cat=p&typeid=i","cat":314029},{"id":207221,"n":"Crème solaire visage corps Nuxe  Spray SPF50 - 150ml","p":21.31,"u":"142,07 €/L","img":"https://fd1-photos.leclercdrive.fr/image.ashx?id=2988379&use=l&cat=p&typeid=i","cat":290396},{"id":207226,"n":"Bâtonnet Magnum Mini Double Caramel x6 - 282g","p":3.84,"u":"13,62 €/KG","img":"https://fd1-photos.leclercdrive.fr/image.ashx?id=2805648&use=l&cat=p&typeid=i","cat":284265},{"id":207262,"n":"Capsules Nescafé Dolce Gusto  Grande - x16","p":4.74,"u":"34,85 €/KG","img":"https://fd1-photos.leclercdrive.fr/image.ashx?id=2964153&use=l&cat=p&typeid=i","cat":293239},{"id":207303,"n":"IGP Pays d'OC Gio Grenache Rosé Bio 2022 - 75 cl","p":4.64,"u":"6,19 €/L","img":"https://fd1-photos.leclercdrive.fr/image.ashx?id=2851057&use=l&cat=p&typeid=i","cat":289558},{"id":207326,"n":"Super sérum anti-âge Nuxe  Concentré universel - 30ml","p":60.95,"img":"https://fd1-photos.leclercdrive.fr/image.ashx?id=2827308&use=l&cat=p&typeid=i","cat":291168},{"id":207329,"n":"Merveillance lift Nuxe  Crème anti-âge velours - 50ml","p":36.0,"u":"720,00 €/L","img":"https://fd1-photos.leclercdrive.fr/image.ashx?id=2542342&use=l&cat=p&typeid=i","cat":291168},{"id":207331,"n":"Huile solaire capillaire Nuxe  Brume - 100ml","p":13.7,"u":"137,00 €/L","img":"https://fd1-photos.leclercdrive.fr/image.ashx?id=2651534&use=l&cat=p&typeid=i","cat":290399},{"id":207332,"n":"Rêve de miel soin lèvres Nuxe  10ml","p":14.5,"img":"https://fd1-photos.leclercdrive.fr/image.ashx?id=2651546&use=l&cat=p&typeid=i","cat":291172},{"id":207333,"n":"Crème solaire visage corps Nuxe  Lait SPF50 - 150ml","p":18.9,"u":"126,00 €/L","img":"https://fd1-photos.leclercdrive.fr/image.ashx?id=2901941&use=l&cat=p&typeid=i","cat":290396},{"id":207335,"n":"Huile solaire visage corps Nuxe  Huile bronzante SPF50 - 150ml","p":18.94,"u":"126,27 €/L","img":"https://fd1-photos.leclercdrive.fr/image.ashx?id=2904176&use=l&cat=p&typeid=i","cat":290395},{"id":207336,"n":"Crème solaire visage corps Nuxe  Spray SPF30 - 150ml","p":20.87,"u":"139,13 €/L","img":"https://fd1-photos.leclercdrive.fr/image.ashx?id=2651558&use=l&cat=p&typeid=i","cat":290396},{"id":207337,"n":"Rêve de miel gel visage Nuxe  Nettoyant démaquillant - 200ml","p":9.99,"u":"49,95 €/L","img":"https://fd1-photos.leclercdrive.fr/image.ashx?id=2651456&use=l&cat=p&typeid=i","cat":301587},{"id":207339,"n":"Crème solaire visage Nuxe  Délicieuse SPF30 - 50ml","p":14.88,"u":"297,60 €/L","img":"https://fd1-photos.leclercdrive.fr/image.ashx?id=2651462&use=l&cat=p&typeid=i","cat":290396},{"id":207342,"n":"Haut de cuisse de poulet blanc Le Gauois Les Accessibles - 2kg","p":8.86,"u":"4,43 €/KG","img":"https://fd1-photos.leclercdrive.fr/image.ashx?id=2831984&use=l&cat=p&typeid=i","cat":284336},{"id":207344,"n":"Pilons de poulet blanc  Le Gaulois Les Accessibles- 2kg","p":9.42,"u":"4,71 €/KG","img":"https://fd1-photos.leclercdrive.fr/image.ashx?id=2830255&use=l&cat=p&typeid=i","cat":284336},{"id":207396,"n":"Galettes moelleuses St Michel Marbrée Chocolat - 180g","p":1.79,"u":"9,94 €/KG","img":"https://fd1-photos.leclercdrive.fr/image.ashx?id=2936263&use=l&cat=p&typeid=i","cat":284487},{"id":207431,"n":"Arrangé Damoiseau Coco 30D - 70cl","p":24.16,"u":"34,51 €/L","img":"https://fd1-photos.leclercdrive.fr/image.ashx?id=2524691&use=l&cat=p&typeid=i","cat":284551},{"id":207450,"n":"Capsules Nescafé Dolce Gusto  Grande Intenso - x16","p":4.95,"u":"37,50 €/KG","img":"https://fd1-photos.leclercdrive.fr/image.ashx?id=2525962&use=l&cat=p&typeid=i","cat":293239},{"id":207455,"n":"Dosettes café Senseo Caramel x32","p":6.15,"u":"27,70 €/KG","img":"https://fd1-photos.leclercdrive.fr/image.ashx?id=2525977&use=l&cat=p&typeid=i","cat":293238},{"id":207458,"n":"Pizza La Royale Pizzaiolo 478g","p":4.29,"u":"8,97 €/KG","img":"https://fd1-photos.leclercdrive.fr/image.ashx?id=2965256&use=l&cat=p&typeid=i","cat":284256},{"id":207460,"n":"Crème glacée La Laitière Vanille bourbon - 490g","p":3.24,"pp":2.27,"u":"4,63 €/KG","img":"https://fd1-photos.leclercdrive.fr/image.ashx?id=3000009&use=l&cat=p&typeid=i","cat":284263},{"id":207467,"n":"Moutarde Forte Amora 430g","p":1.49,"u":"3,47 €/KG","img":"https://fd1-photos.leclercdrive.fr/image.ashx?id=2526079&use=l&cat=p&typeid=i","cat":288850},{"id":207469,"n":"Moutarde Forte Amora 185g","p":1.41,"u":"7,62 €/KG","img":"https://fd1-photos.leclercdrive.fr/image.ashx?id=2526082&use=l&cat=p&typeid=i","cat":288850},{"id":207471,"n":"Moutarde Mi-forte Amora 415g","p":1.53,"u":"3,69 €/KG","img":"https://fd1-photos.leclercdrive.fr/image.ashx?id=2993176&use=l&cat=p&typeid=i","cat":288850},{"id":207476,"n":"Moutarde de Dijon Fine MAILLE L'Original Bocal - 360g","p":1.42,"u":"3,94 €/KG","img":"https://fd1-photos.leclercdrive.fr/image.ashx?id=2945841&use=l&cat=p&typeid=i","cat":288850},{"id":207478,"n":"Moutarde à l'Ancienne MAILLE Bocal - 360g","p":2.29,"u":"6,36 €/KG","img":"https://fd1-photos.leclercdrive.fr/image.ashx?id=2664307&use=l&cat=p&typeid=i","cat":288850},{"id":207480,"n":"Crème glacée La Laitière Caramel Beurre salé - 490g","p":3.24,"pp":2.27,"u":"4,63 €/KG","img":"https://fd1-photos.leclercdrive.fr/image.ashx?id=2877883&use=l&cat=p&typeid=i","cat":284263},{"id":207481,"n":"Bâtonnets de glace Nuii Chocolat et noisettes - 272g","p":4.27,"u":"15,70 €/KG","img":"https://fd1-photos.leclercdrive.fr/image.ashx?id=2525546&use=l&cat=p&typeid=i","cat":284265},{"id":207492,"n":"Crème glacée La Laitière Vanille pécan - 490g","p":3.24,"pp":2.27,"u":"4,63 €/KG","img":"https://fd1-photos.leclercdrive.fr/image.ashx?id=3000015&use=l&cat=p&typeid=i","cat":284263},{"id":207498,"n":"Marsala Radicati  Aux amandes 15% 75cl","p":4.84,"u":"6,45 €/L","img":"https://fd1-photos.leclercdrive.fr/image.ashx?id=2524224&use=l&cat=p&typeid=i","cat":304569},{"id":207528,"n":"Lessive liquide L'Arbre Vert Peaux sensibles - x34 - 1.53L","p":6.16,"u":"4,03 €/L","img":"https://fd1-photos.leclercdrive.fr/image.ashx?id=3008536&use=l&cat=p&typeid=i","cat":284640},{"id":207529,"n":"Recharge lessive L'Arbre Vert Peaux sensibles - x34 - 1.53L","p":6.34,"u":"4,14 €/L","img":"https://fd1-photos.leclercdrive.fr/image.ashx?id=2680212&use=l&cat=p&typeid=i","cat":284640},{"id":207530,"n":"Vaisselle mains L'Arbre Vert Peaux sensibles - 750ml","p":1.79,"u":"2,39 €/L","img":"https://fd1-photos.leclercdrive.fr/image.ashx?id=2850575&use=l&cat=p&typeid=i","cat":284655},{"id":207533,"n":"Préservatifs Durex Feeling  Extra Fins Extra Lubrifiés x12","p":6.74,"img":"https://fd1-photos.leclercdrive.fr/image.ashx?id=2962014&use=l&cat=p&typeid=i","cat":284631},{"id":207536,"n":"Préservatifs Durex Nude Sans Latex Extra Lubrifié x10","p":7.53,"img":"https://fd1-photos.leclercdrive.fr/image.ashx?id=2730478&use=l&cat=p&typeid=i","cat":284631},{"id":207540,"n":"Croûtons Tipiak Ail - 75g","p":1.4,"u":"18,67 €/KG","img":"https://fd1-photos.leclercdrive.fr/image.ashx?id=2684461&use=l&cat=p&typeid=i","cat":284464},{"id":207545,"n":"Bandes de cire froide Aiselles Veet Expert Peaux sensibles x16","p":4.57,"u":"0,29 €/P","img":"https://fd1-photos.leclercdrive.fr/image.ashx?id=2970801&use=l&cat=p&typeid=i","cat":325351},{"id":207549,"n":"Shampoing purifiant Ultra Doux Force et Brillance - 300ml","p":2.65,"u":"8,83 €/L","img":"https://fd1-photos.leclercdrive.fr/image.ashx?id=2878072&use=l&cat=p&typeid=i","cat":284606},{"id":207559,"n":"Préservatifs Durex Pleasure me Perlés et Nervurés x12","p":6.2,"u":"0,52 €/P","img":"https://fd1-photos.leclercdrive.fr/image.ashx?id=2730466&use=l&cat=p&typeid=i","cat":284631},{"id":207561,"n":"Recharge Savon Mains Dettol Miel et Beurre de Karité 250ml","p":2.39,"u":"9,56 €/L","img":"https://fd1-photos.leclercdrive.fr/image.ashx?id=2971751&use=l&cat=p&typeid=i","cat":284597},{"id":207588,"n":"Soupe de nouilles Oyakata Ramen miso et legumes - 89g","p":0.9,"u":"10,11 €/KG","img":"https://fd1-photos.leclercdrive.fr/image.ashx?id=2537252&use=l&cat=p&typeid=i","cat":288992},{"id":207590,"n":"Soupe de nouilles Oyakata Poulet Shio - 83g","p":0.9,"u":"10,84 €/KG","img":"https://fd1-photos.leclercdrive.fr/image.ashx?id=2536167&use=l&cat=p&typeid=i","cat":288992},{"id":207591,"n":"Soupe de nouilles Oyakata Sauce soja - 83g","p":0.9,"u":"10,84 €/KG","img":"https://fd1-photos.leclercdrive.fr/image.ashx?id=2536170&use=l&cat=p&typeid=i","cat":288992},{"id":207604,"n":"Bandes de cire froide Maillot Veet Expert Peaux sensibles x16","p":4.63,"u":"0,29 €/P","img":"https://fd1-photos.leclercdrive.fr/image.ashx?id=2970798&use=l&cat=p&typeid=i","cat":325351},{"id":207606,"n":"Stick lèvres Le Petit Olivier Argan - 4g","p":1.96,"u":"490,00 €/KG","img":"https://fd1-photos.leclercdrive.fr/image.ashx?id=2527979&use=l&cat=p&typeid=i","cat":285485},{"id":207607,"n":"Dentifrice Elmex Anti-caries - 75ml","p":4.28,"u":"57,07 €/L","img":"https://fd1-photos.leclercdrive.fr/image.ashx?id=2721184&use=l&cat=p&typeid=i","cat":284612},{"id":207608,"n":"Déodorant Spray 48h Men Expert Anti-traces - 150ml","p":2.35,"u":"15,67 €/L","img":"https://fd1-photos.leclercdrive.fr/image.ashx?id=2867545&use=l&cat=p&typeid=i","cat":284618},{"id":207609,"n":"Masque reconstituant Ultra doux Cheveu fragile cassant - 340ml","p":4.6,"u":"13,53 €/L","img":"https://fd1-photos.leclercdrive.fr/image.ashx?id=2646924&use=l&cat=p&typeid=i","cat":284608},{"id":207627,"n":"ST MARC Pistolet Antibactérien - 750ml","p":1.71,"u":"2,28 €/L","img":"https://fd1-photos.leclercdrive.fr/image.ashx?id=2528054&use=l&cat=p&typeid=i","cat":325357},{"id":207637,"n":"Calculatrice Fx-92 Casio Collège - Classwiz - x1","p":24.29,"u":"Dont 0,02 € d'éco-part.","img":"https://fd1-photos.leclercdrive.fr/image.ashx?id=2544915&use=l&cat=p&typeid=i","cat":334133},{"id":207809,"n":"Feutres de coloriage Maped Jungle multicoloris - x12","p":2.3,"img":"https://fd1-photos.leclercdrive.fr/image.ashx?id=2527838&use=l&cat=p&typeid=i","cat":284696},{"id":208032,"n":"Crayon de couleur Bic Evolution Stripes - x12","p":3.99,"img":"https://fd1-photos.leclercdrive.fr/image.ashx?id=2544089&use=l&cat=p&typeid=i","cat":284696},{"id":208088,"n":"Pochettes perforées Esquisse Premium - x50","p":2.89,"u":"0,06 €/P","img":"https://fd1-photos.leclercdrive.fr/image.ashx?id=2531575&use=l&cat=p&typeid=i","cat":284696},{"id":208153,"n":"Crème solaire visage Nuxe  Fondante SPF50 - 50ml","p":14.9,"u":"298,00 €/L","img":"https://fd1-photos.leclercdrive.fr/image.ashx?id=2901938&use=l&cat=p&typeid=i","cat":290396},{"id":208154,"n":"Huile prodigieuse or Nuxe  Visage, corps, cheveux - 100ml","p":28.48,"u":"284,80 €/L","img":"https://fd1-photos.leclercdrive.fr/image.ashx?id=2651489&use=l&cat=p&typeid=i","cat":290422},{"id":208155,"n":"Huile prodigieuse or Nuxe  Visage, corps, cheveux - 50ml","p":15.88,"u":"317,60 €/L","img":"https://fd1-photos.leclercdrive.fr/image.ashx?id=2651492&use=l&cat=p&typeid=i","cat":290422},{"id":208156,"n":"Eau délicieuse parfumante Nuxe  Parfum solaire - 100ml","p":24.49,"u":"244,90 €/L","img":"https://fd1-photos.leclercdrive.fr/image.ashx?id=2652230&use=l&cat=p&typeid=i","cat":290422},{"id":208168,"n":"Huile prodigieuse florale Nuxe  Visage, corps, cheveux - 100ml","p":23.3,"u":"233,00 €/L","img":"https://fd1-photos.leclercdrive.fr/image.ashx?id=2651510&use=l&cat=p&typeid=i","cat":290422},{"id":208169,"n":"Déodorant bille Nuxe Rêve de thé - 50ml","p":6.9,"u":"138,00 €/L","img":"https://fd1-photos.leclercdrive.fr/image.ashx?id=2651519&use=l&cat=p&typeid=i","cat":301593},{"id":208172,"n":"Crème solaire visage Nuxe  Fluide léger SPF50 - 50ml","p":15.99,"u":"319,80 €/L","img":"https://fd1-photos.leclercdrive.fr/image.ashx?id=2651525&use=l&cat=p&typeid=i","cat":290396},{"id":208173,"n":"Merveillance lift Nuxe Crème anti-âge nuit - 50ml","p":37.18,"u":"743,60 €/L","img":"https://fd1-photos.leclercdrive.fr/image.ashx?id=2542345&use=l&cat=p&typeid=i","cat":291168},{"id":208174,"n":"Merveillance lift Nuxe  Crème anti-âge poudrée - 50ml","p":36.0,"u":"720,00 €/L","img":"https://fd1-photos.leclercdrive.fr/image.ashx?id=2542348&use=l&cat=p&typeid=i","cat":291168},{"id":208176,"n":"Crème fraîche de beauté Nuxe  Crème hydratante - 50ml","p":20.99,"pp":14.69,"u":"293,80 €/L","img":"https://fd1-photos.leclercdrive.fr/image.ashx?id=2651549&use=l&cat=p&typeid=i","cat":291171},{"id":208189,"n":"Complément alimentaire Ducray Anacaps Réactiv - 3mois - x90","p":32.19,"img":"https://fd1-photos.leclercdrive.fr/image.ashx?id=2528735&use=l&cat=p&typeid=i","cat":301266},{"id":208198,"n":"Sensitive Trigger Spray Nivea Kids & Babies SPF 50+ - 270ml","p":12.52,"u":"46,37 €/L","img":"https://fd1-photos.leclercdrive.fr/image.ashx?id=2652703&use=l&cat=p&typeid=i","cat":325355},{"id":208230,"n":"Festillant Spritz Boisson Effervescent Sans Alcool 75cl","p":4.24,"u":"5,65 €/L","img":"https://fd1-photos.leclercdrive.fr/image.ashx?id=2538337&use=l&cat=p&typeid=i","cat":284549},{"id":208323,"n":"Franck Provost Shampooing Expert Nutrition Antifrizz 0.4L","p":4.06,"u":"10,15 €/L","img":"https://fd1-photos.leclercdrive.fr/image.ashx?id=2974396&use=l&cat=p&typeid=i","cat":284606},{"id":208385,"n":"Capsules café L'Or Espresso Delizioso N°5 x50","p":14.37,"u":"55,27 €/KG","img":"https://fd1-photos.leclercdrive.fr/image.ashx?id=2788064&use=l&cat=p&typeid=i","cat":284749},{"id":208417,"n":"Capsules café L'Or Espresso Ristretto N°11 x50","p":14.37,"u":"55,27 €/KG","img":"https://fd1-photos.leclercdrive.fr/image.ashx?id=3000474&use=l&cat=p&typeid=i","cat":284749},{"id":208419,"n":"Infusion Elephant Mure Myrtille vanille 40g","p":2.35,"u":"58,75 €/KG","img":"https://fd1-photos.leclercdrive.fr/image.ashx?id=2530278&use=l&cat=p&typeid=i","cat":293234},{"id":208421,"n":"Infusion fruits rouges Elephant Touche de menthe - 40g","p":2.79,"u":"69,75 €/KG","img":"https://fd1-photos.leclercdrive.fr/image.ashx?id=2813104&use=l&cat=p&typeid=i","cat":293234},{"id":208426,"n":"Infusion Eléphant Tilleul Citron  - x20 - 28g","p":2.75,"u":"98,21 €/KG","img":"https://fd1-photos.leclercdrive.fr/image.ashx?id=2530284&use=l&cat=p&typeid=i","cat":293234},{"id":208484,"n":"Chips paysanne Lay's Saveur Oignon de Roscoff - 120g","p":1.47,"u":"12,25 €/KG","img":"https://fd1-photos.leclercdrive.fr/image.ashx?id=2810777&use=l&cat=p&typeid=i","cat":284447},{"id":208507,"n":"AOC Rosé d'Anjou rosé Plessis-Duval - 75cl","p":4.8,"u":"6,40 €/L","img":"https://fd1-photos.leclercdrive.fr/image.ashx?id=2731789&use=l&cat=p&typeid=i","cat":289558},{"id":208616,"n":"Biscuits Bonne Maman La pause choco - 235g","p":2.79,"u":"11,87 €/KG","img":"https://fd1-photos.leclercdrive.fr/image.ashx?id=2533022&use=l&cat=p&typeid=i","cat":284488},{"id":208633,"n":"Compotes Pom'Potes Gourdes  Pomme Brugnon - 4x90g","p":1.99,"u":"5,53 €/KG","img":"https://fd1-photos.leclercdrive.fr/image.ashx?id=3010903&use=l&cat=p&typeid=i","cat":284508},{"id":208636,"n":"Purée Mousline Crème et noix de muscade - 500g","p":2.95,"u":"5,90 €/KG","img":"https://fd1-photos.leclercdrive.fr/image.ashx?id=3011728&use=l&cat=p&typeid=i","cat":284431},{"id":208638,"n":"Purée Mousline x3 sachets - 195g","p":1.41,"u":"7,23 €/KG","img":"https://fd1-photos.leclercdrive.fr/image.ashx?id=3004414&use=l&cat=p&typeid=i","cat":284431},{"id":208642,"n":"Purée Mousline x4 - 520g","p":2.39,"u":"4,60 €/KG","img":"https://fd1-photos.leclercdrive.fr/image.ashx?id=3011734&use=l&cat=p&typeid=i","cat":284431},{"id":208651,"n":"Purée Mousline  x8 - 1.04 kg","p":4.38,"u":"4,21 €/KG","img":"https://fd1-photos.leclercdrive.fr/image.ashx?id=2986780&use=l&cat=p&typeid=i","cat":284431},{"id":208656,"n":"Sauce Apéro Florette Ail & Ciboulette - 175g","p":2.75,"u":"15,71 €/KG","img":"https://fd1-photos.leclercdrive.fr/image.ashx?id=2962767&use=l&cat=p&typeid=i","cat":284382},{"id":208658,"n":"Biscuit P'tit Deli Chocolat lait blanc - 150g","p":1.75,"u":"11,67 €/KG","img":"https://fd1-photos.leclercdrive.fr/image.ashx?id=2684835&use=l&cat=p&typeid=i","cat":284488},{"id":208683,"n":"Sauce Apéro Florette Fines herbes - 175g","p":2.75,"u":"15,71 €/KG","img":"https://fd1-photos.leclercdrive.fr/image.ashx?id=2962764&use=l&cat=p&typeid=i","cat":284382},{"id":208749,"n":"Riz long grain 10 min Lustucru  x5 - 900g","p":2.16,"u":"2,40 €/KG","img":"https://fd1-photos.leclercdrive.fr/image.ashx?id=2963739&use=l&cat=p&typeid=i","cat":284428},{"id":208750,"n":"Purée Mousline x3 - 375g","p":2.57,"u":"6,85 €/KG","img":"https://fd1-photos.leclercdrive.fr/image.ashx?id=2940135&use=l&cat=p&typeid=i","cat":284431},{"id":208751,"n":"Riz long grain 10 min Lustucru x5 - 450g","p":1.36,"u":"3,02 €/KG","img":"https://fd1-photos.leclercdrive.fr/image.ashx?id=2955830&use=l&cat=p&typeid=i","cat":284428},{"id":208759,"n":"Purée Mousline  Presse purée - 375g","p":2.79,"u":"7,44 €/KG","img":"https://fd1-photos.leclercdrive.fr/image.ashx?id=2940117&use=l&cat=p&typeid=i","cat":284431},{"id":208761,"n":"Purée Mousline x4 - 125g","p":1.13,"u":"9,04 €/KG","img":"https://fd1-photos.leclercdrive.fr/image.ashx?id=2940126&use=l&cat=p&typeid=i","cat":284431},{"id":208769,"n":"Gelée Felix Tranches avec éffilés - 960g","p":5.54,"u":"5,77 €/KG","img":"https://fd1-photos.leclercdrive.fr/image.ashx?id=2561404&use=l&cat=p&typeid=i","cat":285286},{"id":208770,"n":"Gelée de poisson Felix Tranches avec effilés - 960g","p":4.3,"u":"4,48 €/KG","img":"https://fd1-photos.leclercdrive.fr/image.ashx?id=2879823&use=l&cat=p&typeid=i","cat":285286},{"id":208786,"n":"Thé glacé Lipton Ice Tea Pêche La bouteille de 1.25L","p":1.59,"u":"1,27 €/L","img":"https://fd1-photos.leclercdrive.fr/image.ashx?id=2731567&use=l&cat=p&typeid=i","cat":295019},{"id":208788,"n":"Thé glacé Lipton Ice Tea Pêche  Sans sucres bouteille de 1.25L","p":1.61,"u":"1,29 €/L","img":"https://fd1-photos.leclercdrive.fr/image.ashx?id=2731570&use=l&cat=p&typeid=i","cat":295019},{"id":208806,"n":"Grilletine blé complet Pasquier Sans sucre ajouté - 255g","p":2.25,"u":"8,82 €/KG","img":"https://fd1-photos.leclercdrive.fr/image.ashx?id=2533559&use=l&cat=p&typeid=i","cat":284479},{"id":208856,"n":"Dentifrice Colgate Tonigencyl Expert - 75ml","p":1.86,"u":"24,80 €/L","img":"https://fd1-photos.leclercdrive.fr/image.ashx?id=2859992&use=l&cat=p&typeid=i","cat":284612},{"id":208881,"n":"Dosettes café Senseo Café au lait x16","p":4.15,"u":"24,70 €/KG","img":"https://fd1-photos.leclercdrive.fr/image.ashx?id=2662628&use=l&cat=p&typeid=i","cat":293238},{"id":208924,"n":"Whisky Armorik Roch Du whisky 40% - 70cl","p":34.5,"pp":31.5,"u":"45,00 €/L","img":"https://fd1-photos.leclercdrive.fr/image.ashx?id=2830078&use=l&cat=p&typeid=i","cat":284547},{"id":209054,"n":"Wraps Old El Paso Extra fins x6 - 192g","p":2.49,"u":"12,97 €/KG","img":"https://fd1-photos.leclercdrive.fr/image.ashx?id=2737693&use=l&cat=p&typeid=i","cat":288993},{"id":209056,"n":"Vinaigre de riz Tanoshi - bouteille de 360ml","p":5.47,"u":"15,19 €/L","img":"https://fd1-photos.leclercdrive.fr/image.ashx?id=2906214&use=l&cat=p&typeid=i","cat":288992},{"id":209064,"n":"Céréales bébé BABICAO Cacao 10M+ - 400g","p":3.48,"u":"8,70 €/KG","img":"https://fd1-photos.leclercdrive.fr/image.ashx?id=2537294&use=l&cat=p&typeid=i","cat":312225},{"id":209074,"n":"Gel acccélérateur Cicaplast La Roche-Posay - 40ml","p":7.1,"u":"177,50 €/L","img":"https://fd1-photos.leclercdrive.fr/image.ashx?id=2537071&use=l&cat=p&typeid=i","cat":290405},{"id":209113,"n":"Pâtes Collezione Barilla Farfalle Generose - 500g","p":1.73,"u":"3,46 €/KG","img":"https://fd1-photos.leclercdrive.fr/image.ashx?id=2654122&use=l&cat=p&typeid=i","cat":284427},{"id":209137,"n":"Blanc de poulet Tradilège Doré au four - 240g","p":1.97,"u":"8,21 €/KG","img":"https://fd1-photos.leclercdrive.fr/image.ashx?id=2925759&use=l&cat=p&typeid=i","cat":316010},{"id":209151,"n":"Pâtes Torti Legumes Panzani 3 Minutes - 500G","p":1.42,"u":"2,84 €/KG","img":"https://fd1-photos.leclercdrive.fr/image.ashx?id=2896117&use=l&cat=p&typeid=i","cat":284427},{"id":209179,"n":"Crème dépilatoire Expert Veet Bikini Maillot Intégral 200ml","p":7.4,"u":"74,00 €/L","img":"https://fd1-photos.leclercdrive.fr/image.ashx?id=2964968&use=l&cat=p&typeid=i","cat":325351},{"id":209196,"n":"Pur jus Tropicana Réveil fruité - 90cl","p":2.64,"u":"2,93 €/L","img":"https://fd1-photos.leclercdrive.fr/image.ashx?id=2538431&use=l&cat=p&typeid=i","cat":285435},{"id":209208,"n":"Sauce soja Suzi Wan Sucrée - 135ml","p":1.79,"u":"13,26 €/KG","img":"https://fd1-photos.leclercdrive.fr/image.ashx?id=2892931&use=l&cat=p&typeid=i","cat":288992},{"id":209209,"n":"Sauce soja Suzi Wan 250ml","p":2.58,"u":"10,32 €/L","img":"https://fd1-photos.leclercdrive.fr/image.ashx?id=2990880&use=l&cat=p&typeid=i","cat":288992},{"id":209212,"n":"Graines de sésame doré Ducros  45g","p":1.49,"u":"33,11 €/KG","img":"https://fd1-photos.leclercdrive.fr/image.ashx?id=2538605&use=l&cat=p&typeid=i","cat":298297},{"id":209215,"n":"Gel purifiant corps Effaclar La Roche-Posay - 400ml","p":12.8,"u":"32,00 €/L","img":"https://fd1-photos.leclercdrive.fr/image.ashx?id=2537511&use=l&cat=p&typeid=i","cat":301591},{"id":209239,"n":"Pistaches grillées Natur' & Bon Non salées - 180g","p":4.5,"u":"25,00 €/KG","img":"https://fd1-photos.leclercdrive.fr/image.ashx?id=2989258&use=l&cat=p&typeid=i","cat":284448},{"id":209241,"n":"Mélange de noix non salées Vico Avec raisins secs - 180g","p":3.89,"u":"21,61 €/KG","img":"https://fd1-photos.leclercdrive.fr/image.ashx?id=2916893&use=l&cat=p&typeid=i","cat":284448},{"id":209245,"n":"Origan Ducros 12g","p":1.38,"u":"115,00 €/KG","img":"https://fd1-photos.leclercdrive.fr/image.ashx?id=2559517&use=l&cat=p&typeid=i","cat":298297},{"id":209246,"n":"Oignon de France Ducros 42g","p":1.78,"u":"42,38 €/KG","img":"https://fd1-photos.leclercdrive.fr/image.ashx?id=2538593&use=l&cat=p&typeid=i","cat":298297},{"id":209301,"n":"Thé vert glacé Lipton Ice Tea Citron vert menthe - 1.25L","p":1.73,"u":"1,38 €/L","img":"https://fd1-photos.leclercdrive.fr/image.ashx?id=2731579&use=l&cat=p&typeid=i","cat":295019},{"id":209302,"n":"Thé glacé Lipton Ice Tea Citron/citron vert - 1.25L","p":1.64,"u":"1,31 €/L","img":"https://fd1-photos.leclercdrive.fr/image.ashx?id=2731573&use=l&cat=p&typeid=i","cat":295019},{"id":209309,"n":"Thé glacé Lipton Ice Tea Framboise - 1.25L","p":1.71,"u":"1,37 €/L","img":"https://fd1-photos.leclercdrive.fr/image.ashx?id=2731588&use=l&cat=p&typeid=i","cat":295019},{"id":209311,"n":"Thé glacé Lipton Ice Tea Pêche abricot - 1,25L","p":1.74,"u":"1,39 €/L","img":"https://fd1-photos.leclercdrive.fr/image.ashx?id=2731576&use=l&cat=p&typeid=i","cat":295019},{"id":209327,"n":"Jambon Tranché Fin FleuryMichon Dégustation - x6 180g","p":2.88,"u":"16,00 €/KG","img":"https://fd1-photos.leclercdrive.fr/image.ashx?id=2889301&use=l&cat=p&typeid=i","cat":316009},{"id":209353,"n":"Ratatouille provençale d'aucy 42,5cl","p":2.11,"u":"5,55 €/KG","img":"https://fd1-photos.leclercdrive.fr/image.ashx?id=2539512&use=l&cat=p&typeid=i","cat":312612},{"id":209355,"n":"Aubergines cuisinées D'Aucy 380g","p":2.27,"u":"5,97 €/KG","img":"https://fd1-photos.leclercdrive.fr/image.ashx?id=2539509&use=l&cat=p&typeid=i","cat":312612},{"id":209359,"n":"Petits Pois d'aucy Tendres et fondants - 280g","p":1.2,"u":"4,29 €/KG","img":"https://fd1-photos.leclercdrive.fr/image.ashx?id=2538437&use=l&cat=p&typeid=i","cat":312607},{"id":209368,"n":"Thé glacé Lipton Ice Tea Pêche La bouteille de 1.75L","p":1.88,"u":"1,07 €/L","img":"https://fd1-photos.leclercdrive.fr/image.ashx?id=2731594&use=l&cat=p&typeid=i","cat":295019},{"id":209371,"n":"Aneth Ducros 13g","p":1.35,"u":"103,85 €/KG","img":"https://fd1-photos.leclercdrive.fr/image.ashx?id=2538599&use=l&cat=p&typeid=i","cat":298297},{"id":209372,"n":"Gingembre Ducros 29g","p":1.53,"u":"52,76 €/KG","img":"https://fd1-photos.leclercdrive.fr/image.ashx?id=2983216&use=l&cat=p&typeid=i","cat":298297},{"id":209383,"n":"Gel bain douche Rogé Cavaillès L'Original - 1L","p":11.9,"pp":8.33,"u":"8,33 €/L","img":"https://fd1-photos.leclercdrive.fr/image.ashx?id=2538842&use=l&cat=p&typeid=i","cat":301591},{"id":209392,"n":"Gel bain douche Rogé Cavaillès Amande verte - 1L","p":11.9,"pp":8.33,"u":"8,33 €/L","img":"https://fd1-photos.leclercdrive.fr/image.ashx?id=2538833&use=l&cat=p&typeid=i","cat":301591},{"id":209437,"n":"Crème dessert protéinée 0%mg Hipro caramel - 180g","p":1.58,"u":"8,78 €/KG","img":"https://fd1-photos.leclercdrive.fr/image.ashx?id=2800288&use=l&cat=p&typeid=i","cat":285041},{"id":209438,"n":"Crème dessert protéinée Hipro  Vanille 0%mg- 180g","p":1.58,"u":"8,78 €/KG","img":"https://fd1-photos.leclercdrive.fr/image.ashx?id=2800291&use=l&cat=p&typeid=i","cat":285041},{"id":209465,"n":"Sirop Teisseire Ice Tea Pêche Bidon - 60cl","p":3.3,"u":"5,50 €/L","img":"https://fd1-photos.leclercdrive.fr/image.ashx?id=2539710&use=l&cat=p&typeid=i","cat":295020},{"id":209491,"n":"Couscous moyen Ferrero sachet -500g","p":1.49,"u":"2,98 €/KG","img":"https://fd1-photos.leclercdrive.fr/image.ashx?id=2869561&use=l&cat=p&typeid=i","cat":284429},{"id":209494,"n":"Salade & Cie Sodebo Roma Jambon Speck - 320g","p":3.04,"u":"9,50 €/KG","img":"https://fd1-photos.leclercdrive.fr/image.ashx?id=2732413&use=l&cat=p&typeid=i","cat":333657},{"id":209495,"n":"Salade & Cie Sodebo Manhattan Poulet rôti - 320g","p":2.89,"u":"9,03 €/KG","img":"https://fd1-photos.leclercdrive.fr/image.ashx?id=2732407&use=l&cat=p&typeid=i","cat":333657},{"id":209496,"n":"Salade & Cie Sodebo Montmartre Jambon supérieur - 320g","p":3.1,"u":"9,69 €/KG","img":"https://fd1-photos.leclercdrive.fr/image.ashx?id=2868945&use=l&cat=p&typeid=i","cat":333657},{"id":209510,"n":"Chips nature Lay's Sel - 250g","p":2.17,"u":"8,68 €/KG","img":"https://fd1-photos.leclercdrive.fr/image.ashx?id=2995073&use=l&cat=p&typeid=i","cat":284447},{"id":209514,"n":"Chips Lay's Nature - 135g","p":1.33,"u":"9,85 €/KG","img":"https://fd1-photos.leclercdrive.fr/image.ashx?id=2994482&use=l&cat=p&typeid=i","cat":284447},{"id":209589,"n":"Pain Kebab La Boulangère x4 - 320g","p":1.35,"u":"5,19 €/KG","img":"https://fd1-photos.leclercdrive.fr/image.ashx?id=2912308&use=l&cat=p&typeid=i","cat":284985},{"id":209591,"n":"Pains Pita La Boulangère x4  -320g","p":1.51,"u":"4,72 €/KG","img":"https://fd1-photos.leclercdrive.fr/image.ashx?id=2912311&use=l&cat=p&typeid=i","cat":284985},{"id":209593,"n":"Brioche Muffin La Boulangère x5 - 250g","p":1.22,"u":"4,88 €/KG","img":"https://fd1-photos.leclercdrive.fr/image.ashx?id=2912443&use=l&cat=p&typeid=i","cat":284478},{"id":209600,"n":"Capsules café L'Or Espresso Splendente N°7 x50","p":14.37,"u":"55,27 €/KG","img":"https://fd1-photos.leclercdrive.fr/image.ashx?id=3000477&use=l&cat=p&typeid=i","cat":284749},{"id":209601,"n":"Thé vert Lipton Menthe intense - x20 - 32g","p":1.61,"u":"50,31 €/KG","img":"https://fd1-photos.leclercdrive.fr/image.ashx?id=2540907&use=l&cat=p&typeid=i","cat":293233},{"id":209686,"n":"Thé vert Lipton Myrtille et mure - x20 - 32g","p":2.29,"u":"71,56 €/KG","img":"https://fd1-photos.leclercdrive.fr/image.ashx?id=2542816&use=l&cat=p&typeid=i","cat":293233},{"id":209688,"n":"Thé vert menthe Lipton Asie - x30s - 48g","p":2.61,"u":"54,38 €/KG","img":"https://fd1-photos.leclercdrive.fr/image.ashx?id=2542819&use=l&cat=p&typeid=i","cat":293233},{"id":209691,"n":"Thé vert Lipton x30s - 39g","p":2.54,"u":"65,13 €/KG","img":"https://fd1-photos.leclercdrive.fr/image.ashx?id=2542822&use=l&cat=p&typeid=i","cat":293233},{"id":209722,"n":"Dessert Glacé Viennetta Caramel beurre salé - 320g","p":2.03,"u":"6,34 €/KG","img":"https://fd1-photos.leclercdrive.fr/image.ashx?id=2802836&use=l&cat=p&typeid=i","cat":284266},{"id":209733,"n":"Dessert Glacé Viennetta Vanille -  320g","p":2.25,"u":"7,03 €/KG","img":"https://fd1-photos.leclercdrive.fr/image.ashx?id=3009182&use=l&cat=p&typeid=i","cat":284266},{"id":209739,"n":"Adoucissant concentré Soupline Hypoallergénique 64 lav. 1,35L","p":5.3,"u":"3,93 €/L","img":"https://fd1-photos.leclercdrive.fr/image.ashx?id=2831185&use=l&cat=p&typeid=i","cat":284650},{"id":209795,"n":"Mascara L'Oréal Paris  Telescopic Lift longueur","p":13.75,"img":"https://fd1-photos.leclercdrive.fr/image.ashx?id=2543969&use=l&cat=p&typeid=i","cat":287029},{"id":209843,"n":"Thé vert menthe Lipton x50 - 80g","p":4.22,"u":"52,75 €/KG","img":"https://fd1-photos.leclercdrive.fr/image.ashx?id=2544629&use=l&cat=p&typeid=i","cat":293233},{"id":209850,"n":"Thé vert Lipton  Classique Asie  - x50 - 65g","p":4.31,"u":"66,31 €/KG","img":"https://fd1-photos.leclercdrive.fr/image.ashx?id=2544632&use=l&cat=p&typeid=i","cat":293233},{"id":209854,"n":"Thé vert citron Lipton Asie - x30 - 48g","p":2.57,"u":"53,54 €/KG","img":"https://fd1-photos.leclercdrive.fr/image.ashx?id=2544635&use=l&cat=p&typeid=i","cat":293233},{"id":209855,"n":"Thé vert Tchae menthe x20 - 40g","p":2.5,"u":"62,50 €/KG","img":"https://fd1-photos.leclercdrive.fr/image.ashx?id=2544638&use=l&cat=p&typeid=i","cat":293233},{"id":209857,"n":"Thé vert Lipton Pamplemousse Mandarine x20 32g","p":2.48,"u":"77,50 €/KG","img":"https://fd1-photos.leclercdrive.fr/image.ashx?id=2544623&use=l&cat=p&typeid=i","cat":293233},{"id":209859,"n":"Déboucheur Liquide Destop  4 doses - 950ml","p":2.8,"u":"2,95 €/L","img":"https://fd1-photos.leclercdrive.fr/image.ashx?id=2832161&use=l&cat=p&typeid=i","cat":284908},{"id":209860,"n":"Déboucheur Gel Destop  Express - 4 doses - 950ml","p":2.85,"u":"3,00 €/L","img":"https://fd1-photos.leclercdrive.fr/image.ashx?id=2832164&use=l&cat=p&typeid=i","cat":284908},{"id":209862,"n":"Thé vert Lipton Mangue abricot - x20 32g","p":2.37,"u":"74,06 €/KG","img":"https://fd1-photos.leclercdrive.fr/image.ashx?id=2544626&use=l&cat=p&typeid=i","cat":293233},{"id":209863,"n":"Gel anti-calcaire Calgon  4 en 1 - 750ml","p":5.05,"u":"6,73 €/L","img":"https://fd1-photos.leclercdrive.fr/image.ashx?id=2963475&use=l&cat=p&typeid=i","cat":284653},{"id":209866,"n":"Infusion Elephant  Pêche Abricot - x20 38g","p":2.37,"u":"62,37 €/KG","img":"https://fd1-photos.leclercdrive.fr/image.ashx?id=2544617&use=l&cat=p&typeid=i","cat":293234},{"id":209869,"n":"Infusion Elephant Pomme cannelle - 36g","p":1.87,"u":"51,94 €/KG","img":"https://fd1-photos.leclercdrive.fr/image.ashx?id=2544614&use=l&cat=p&typeid=i","cat":293234},{"id":209872,"n":"Infusion Elephant  Pamplemousse Mandarine x20 38g","p":2.8,"u":"73,68 €/KG","img":"https://fd1-photos.leclercdrive.fr/image.ashx?id=2544620&use=l&cat=p&typeid=i","cat":293234},{"id":209875,"n":"Gel WC 100% Détartrant Harpic 5 min Chrono - 750ml","p":1.38,"u":"1,84 €/L","img":"https://fd1-photos.leclercdrive.fr/image.ashx?id=2864687&use=l&cat=p&typeid=i","cat":284662},{"id":209876,"n":"Infusion mangue passion  x20 - 36g","p":2.7,"u":"75,00 €/KG","img":"https://fd1-photos.leclercdrive.fr/image.ashx?id=2544611&use=l&cat=p&typeid=i","cat":293234},{"id":209878,"n":"Spray vitres Ajax Triple action - 750ml","p":1.91,"u":"2,55 €/L","img":"https://fd1-photos.leclercdrive.fr/image.ashx?id=2544581&use=l&cat=p&typeid=i","cat":325363},{"id":209879,"n":"Spray nettoyant La Croix Salle de bain - 500ml","p":1.69,"u":"3,38 €/L","img":"https://fd1-photos.leclercdrive.fr/image.ashx?id=2544587&use=l&cat=p&typeid=i","cat":325357},{"id":209891,"n":"Nettoyant lave-vaisselle Finish  Intégral Anti-Odeurs - 250ml","p":3.02,"u":"12,08 €/L","img":"https://fd1-photos.leclercdrive.fr/image.ashx?id=2659735&use=l&cat=p&typeid=i","cat":284657},{"id":209892,"n":"Détachant poudre Vanish  Blanc - 470g","p":5.63,"u":"11,98 €/KG","img":"https://fd1-photos.leclercdrive.fr/image.ashx?id=2680299&use=l&cat=p&typeid=i","cat":284651},{"id":209893,"n":"Détachant poudre Vanish  940g","p":9.93,"u":"10,56 €/KG","img":"https://fd1-photos.leclercdrive.fr/image.ashx?id=2680308&use=l&cat=p&typeid=i","cat":284651},{"id":209894,"n":"Adoucissant concentré Soupline  Lavande 60 lavages 1,35 L","p":5.55,"u":"4,11 €/L","img":"https://fd1-photos.leclercdrive.fr/image.ashx?id=2912716&use=l&cat=p&typeid=i","cat":284650},{"id":209900,"n":"Biscuit Pick Up! Fourré lait - 168g","p":2.28,"u":"13,57 €/KG","img":"https://fd1-photos.leclercdrive.fr/image.ashx?id=2561314&use=l&cat=p&typeid=i","cat":284488},{"id":209922,"n":"AOP Cabernet d'Anjou vin rosé Dumnacus - 75cl","p":4.7,"pp":3.29,"u":"4,39 €/L","img":"https://fd1-photos.leclercdrive.fr/image.ashx?id=2544335&use=l&cat=p&typeid=i","cat":289558},{"id":209926,"n":"Emincés de bœuf *** limousine L'atelier Boucherie - 240G","p":6.49,"u":"27,04 €/KG","img":"https://fd1-photos.leclercdrive.fr/image.ashx?id=2546920&use=l&cat=p&typeid=i","cat":284328},{"id":209993,"n":"Démaquillant Yeux Nivea Sensibles Doux - 125 ml","p":2.5,"u":"20,00 €/L","img":"https://fd1-photos.leclercdrive.fr/image.ashx?id=2953941&use=l&cat=p&typeid=i","cat":284603},{"id":209996,"n":"Détachant Gel Vanish  750ml","p":5.79,"u":"7,72 €/L","img":"https://fd1-photos.leclercdrive.fr/image.ashx?id=2878108&use=l&cat=p&typeid=i","cat":284651},{"id":210011,"n":"Détachant poudre Vanish  Blanc - 940g","p":9.93,"u":"10,56 €/KG","img":"https://fd1-photos.leclercdrive.fr/image.ashx?id=2680311&use=l&cat=p&typeid=i","cat":284651},{"id":210015,"n":"Nettoyant ménager La Croix Spray - Ultra cuisine - 500ml","p":1.82,"u":"3,64 €/L","img":"https://fd1-photos.leclercdrive.fr/image.ashx?id=2545216&use=l&cat=p&typeid=i","cat":325357},{"id":210016,"n":"Mousse Marie Morin Chocolat au Lait - 2x100g","p":3.32,"u":"16,60 €/KG","img":"https://fd1-photos.leclercdrive.fr/image.ashx?id=2631702&use=l&cat=p&typeid=i","cat":284417},{"id":210017,"n":"Mascara Maybelline Falsies Surreal Noir","p":10.58,"img":"https://fd1-photos.leclercdrive.fr/image.ashx?id=2545099&use=l&cat=p&typeid=i","cat":287029},{"id":210064,"n":"Friandises pour chien Fido Poulet - 130g","p":1.95,"u":"15,00 €/KG","img":"https://fd1-photos.leclercdrive.fr/image.ashx?id=2561503&use=l&cat=p&typeid=i","cat":294527},{"id":210066,"n":"Friandise pour chat Felix Tasty Saumon truite - 180g","p":2.99,"u":"16,61 €/KG","img":"https://fd1-photos.leclercdrive.fr/image.ashx?id=2561512&use=l&cat=p&typeid=i","cat":285285},{"id":210067,"n":"Riz Lustucru 900g","p":2.3,"u":"2,56 €/KG","img":"https://fd1-photos.leclercdrive.fr/image.ashx?id=2963742&use=l&cat=p&typeid=i","cat":284428},{"id":210071,"n":"Eyeliner feutre Maybelline Ink Pen ultra-pigmenté","p":11.23,"img":"https://fd1-photos.leclercdrive.fr/image.ashx?id=2546629&use=l&cat=p&typeid=i","cat":287029},{"id":210078,"n":"Les Effilochés Gourmet Gold En sauce - 12x85g","p":7.28,"u":"7,14 €/KG","img":"https://fd1-photos.leclercdrive.fr/image.ashx?id=2861809&use=l&cat=p&typeid=i","cat":285286},{"id":210120,"n":"Thé glacé Lipton Ice Tea Pastèque menthe - 1.25L","p":1.68,"u":"1,34 €/L","img":"https://fd1-photos.leclercdrive.fr/image.ashx?id=2731591&use=l&cat=p&typeid=i","cat":295019},{"id":210208,"n":"Brossettes Oral-B Pro Sensitive Clean - x4","p":17.9,"u":"4,48 €/P","img":"https://fd1-photos.leclercdrive.fr/image.ashx?id=2737552&use=l&cat=p&typeid=i","cat":297133},{"id":210235,"n":"Serviettes Tena Discreet Extra - x10","p":3.61,"u":"0,36 €/P","img":"https://fd1-photos.leclercdrive.fr/image.ashx?id=2597244&use=l&cat=p&typeid=i","cat":284628},{"id":210333,"n":"Crème hydratante La Roche-Posay Anthelios UVMune 400 - 50ml","p":14.77,"u":"295,40 €/L","img":"https://fd1-photos.leclercdrive.fr/image.ashx?id=2546512&use=l&cat=p&typeid=i","cat":290395},{"id":210358,"n":"Baume de massage Weleda Pour vergetures - 150ml","p":16.9,"u":"112,67 €/L","img":"https://fd1-photos.leclercdrive.fr/image.ashx?id=2546620&use=l&cat=p&typeid=i","cat":291159},{"id":210359,"n":"Crème de jour Grenade Weleda Raffermissante - 40ml","p":22.89,"u":"572,25 €/L","img":"https://fd1-photos.leclercdrive.fr/image.ashx?id=2546623&use=l&cat=p&typeid=i","cat":291168},{"id":210360,"n":"Brulactiv fort Forté Pharma Perte de poids - Femme 50+ x60","p":30.42,"u":"0,51 €/P","img":"https://fd1-photos.leclercdrive.fr/image.ashx?id=2546207&use=l&cat=p&typeid=i","cat":301267},{"id":210524,"n":"Compotes Pom'Potes Gourdes  Battle P. Framb P. Mûre - 4x90g","p":1.99,"u":"5,53 €/KG","img":"https://fd1-photos.leclercdrive.fr/image.ashx?id=3010915&use=l&cat=p&typeid=i","cat":284508},{"id":210703,"n":"Terrine Tous mes amis Volaille carottes - 1.2kg","p":1.95,"u":"1,63 €/KG","img":"https://fd1-photos.leclercdrive.fr/image.ashx?id=2815758&use=l&cat=p&typeid=i","cat":288578},{"id":210705,"n":"Dragées chocolatées M&M's Cacahuètes - 250g","p":3.09,"u":"12,36 €/KG","img":"https://fd1-photos.leclercdrive.fr/image.ashx?id=3003393&use=l&cat=p&typeid=i","cat":304238},{"id":210727,"n":"Poivre noir Ducros Bresil - 32g","p":2.39,"u":"74,69 €/KG","img":"https://fd1-photos.leclercdrive.fr/image.ashx?id=2552580&use=l&cat=p&typeid=i","cat":284457},{"id":210738,"n":"Gélules cheveux Forcapil Fortfiant + Kératine - x180","p":25.9,"u":"0,14 €/P","img":"https://fd1-photos.leclercdrive.fr/image.ashx?id=2939928&use=l&cat=p&typeid=i","cat":301266},{"id":210760,"n":"AOP Picpoul de Pinet vin blanc Les Cordelettes - 75cl","p":6.05,"u":"8,07 €/L","img":"https://fd1-photos.leclercdrive.fr/image.ashx?id=2735746&use=l&cat=p&typeid=i","cat":289557},{"id":210804,"n":"Adoucissant Hyperdou Rêve de fraîcheur - 1.9L - x27","p":2.15,"u":"1,13 €/L","img":"https://fd1-photos.leclercdrive.fr/image.ashx?id=2958762&use=l&cat=p&typeid=i","cat":284650},{"id":210806,"n":"Adoucissant Hyperdou Senstive - 1.9L - x27","p":2.38,"u":"1,25 €/L","img":"https://fd1-photos.leclercdrive.fr/image.ashx?id=2974843&use=l&cat=p&typeid=i","cat":284650},{"id":210821,"n":"Pommes rissolées Findus 590g","p":2.2,"u":"3,73 €/KG","img":"https://fd1-photos.leclercdrive.fr/image.ashx?id=2790099&use=l&cat=p&typeid=i","cat":319792},{"id":210823,"n":"Pommes noisette Findus 500g","p":2.02,"u":"4,04 €/KG","img":"https://fd1-photos.leclercdrive.fr/image.ashx?id=2865866&use=l&cat=p&typeid=i","cat":319792},{"id":210824,"n":"Pommes noisette Findus 900g","p":3.39,"u":"3,77 €/KG","img":"https://fd1-photos.leclercdrive.fr/image.ashx?id=2899500&use=l&cat=p&typeid=i","cat":319792},{"id":210825,"n":"Whisky Lord Moisans 3 ans - 40% - 70cl","p":18.73,"u":"26,76 €/L","img":"https://fd1-photos.leclercdrive.fr/image.ashx?id=2554220&use=l&cat=p&typeid=i","cat":284547},{"id":210827,"n":"Adoucissant Hyperdou Plaisir de vanille - 1.9L - x27","p":1.99,"u":"1,05 €/L","img":"https://fd1-photos.leclercdrive.fr/image.ashx?id=2974837&use=l&cat=p&typeid=i","cat":284650},{"id":210942,"n":"Southern comfort liqueur whisky 35%, 70cl","p":26.0,"u":"37,14 €/L","img":"https://fd1-photos.leclercdrive.fr/image.ashx?id=2530525&use=l&cat=p&typeid=i","cat":286032},{"id":210946,"n":"Margarine Planta Fin  Demi-sel 100% végétal - 450g","p":2.33,"u":"5,18 €/KG","img":"https://fd1-photos.leclercdrive.fr/image.ashx?id=2989474&use=l&cat=p&typeid=i","cat":315229},{"id":210960,"n":"Bouchées Tous les Amis 1.2kg","p":2.15,"u":"1,79 €/KG","img":"https://fd1-photos.leclercdrive.fr/image.ashx?id=2815767&use=l&cat=p&typeid=i","cat":288578},{"id":210968,"n":"Tajine de boeuf Fleury Michon 350g","p":3.05,"u":"8,71 €/KG","img":"https://fd1-photos.leclercdrive.fr/image.ashx?id=2656730&use=l&cat=p&typeid=i","cat":333665},{"id":211032,"n":"Saumon Fleury Michon Oseille et riz basmati - 290g","p":4.18,"u":"14,41 €/KG","img":"https://fd1-photos.leclercdrive.fr/image.ashx?id=2656721&use=l&cat=p&typeid=i","cat":333665},{"id":211044,"n":"Gel Toilette Intime Extra Doux Intima Natural Hamamélis 500ml","p":5.88,"u":"11,76 €/L","img":"https://fd1-photos.leclercdrive.fr/image.ashx?id=2959877&use=l&cat=p&typeid=i","cat":284627},{"id":211054,"n":"Croûtons Tipiak Nature - 75g","p":1.35,"u":"18,00 €/KG","img":"https://fd1-photos.leclercdrive.fr/image.ashx?id=2812726&use=l&cat=p&typeid=i","cat":284464},{"id":211082,"n":"Soda Canada Dry Ginger Ale 6x33cl","p":3.46,"u":"1,75 €/L","img":"https://fd1-photos.leclercdrive.fr/image.ashx?id=2669097&use=l&cat=p&typeid=i","cat":284531},{"id":211085,"n":"Thé glacé Lipton Ice Tea pêche Le lot de 4x1.25L","p":6.36,"pp":4.45,"u":"0,89 €/L","img":"https://fd1-photos.leclercdrive.fr/image.ashx?id=2554133&use=l&cat=p&typeid=i","cat":295019},{"id":211089,"n":"Pâte à sucre rose Vahiné  250g","p":3.08,"u":"12,32 €/KG","img":"https://fd1-photos.leclercdrive.fr/image.ashx?id=2554154&use=l&cat=p&typeid=i","cat":284504},{"id":211090,"n":"Liqueur de menthe Get 27 17,9° - 1L","p":17.35,"u":"17,35 €/L","img":"https://fd1-photos.leclercdrive.fr/image.ashx?id=2858276&use=l&cat=p&typeid=i","cat":286032},{"id":211096,"n":"Ciboulette Ducros 11g","p":2.29,"u":"208,18 €/KG","img":"https://fd1-photos.leclercdrive.fr/image.ashx?id=2554115&use=l&cat=p&typeid=i","cat":298297},{"id":211098,"n":"Emincée Tous Mes Amis Poissons - 4x400g","p":4.02,"u":"2,51 €/KG","img":"https://fd1-photos.leclercdrive.fr/image.ashx?id=2815764&use=l&cat=p&typeid=i","cat":285601},{"id":211114,"n":"Bigarreaux confits Vahiné Provence - 150g","p":3.49,"u":"23,27 €/KG","img":"https://fd1-photos.leclercdrive.fr/image.ashx?id=2554136&use=l&cat=p&typeid=i","cat":284504},{"id":211117,"n":"Paprika fumé Ducros 40g","p":2.21,"u":"55,25 €/KG","img":"https://fd1-photos.leclercdrive.fr/image.ashx?id=2559484&use=l&cat=p&typeid=i","cat":298297},{"id":211123,"n":"Paprika doux Ducros 100g","p":3.27,"u":"32,70 €/KG","img":"https://fd1-photos.leclercdrive.fr/image.ashx?id=2554121&use=l&cat=p&typeid=i","cat":298297},{"id":211125,"n":"Curry Ducros 47g","p":1.56,"u":"33,19 €/KG","img":"https://fd1-photos.leclercdrive.fr/image.ashx?id=2559496&use=l&cat=p&typeid=i","cat":298297},{"id":211127,"n":"Pignons de pin Vahiné  150g","p":10.65,"u":"71,00 €/KG","img":"https://fd1-photos.leclercdrive.fr/image.ashx?id=2554142&use=l&cat=p&typeid=i","cat":284357},{"id":211128,"n":"Cerneaux de noix 50g","p":2.78,"u":"55,60 €/KG","img":"https://fd1-photos.leclercdrive.fr/image.ashx?id=2554148&use=l&cat=p&typeid=i","cat":284357},{"id":211156,"n":"AOC Côtes de Bourg Château Castaing rouge 75cl","p":5.9,"u":"7,87 €/L","img":"https://fd1-photos.leclercdrive.fr/image.ashx?id=2742177&use=l&cat=p&typeid=i","cat":289556},{"id":211158,"n":"AOP Pessac Léognan  Château Seguin rouge 75cl","p":34.7,"u":"46,27 €/L","img":"https://fd1-photos.leclercdrive.fr/image.ashx?id=2865401&use=l&cat=p&typeid=i","cat":289556},{"id":211221,"n":"Huile d'olive AOP Melfor Terra Creta 75cl","p":11.65,"u":"15,53 €/L","img":"https://fd1-photos.leclercdrive.fr/image.ashx?id=2902304&use=l&cat=p&typeid=i","cat":284453},{"id":211223,"n":"Piment d'Espelette Ducros et origan - 25g","p":8.63,"u":"345,20 €/KG","img":"https://fd1-photos.leclercdrive.fr/image.ashx?id=2555340&use=l&cat=p&typeid=i","cat":298297},{"id":211225,"n":"Poivre blanc Ducros Grains 100g","p":3.89,"u":"38,90 €/KG","img":"https://fd1-photos.leclercdrive.fr/image.ashx?id=2555334&use=l&cat=p&typeid=i","cat":284457},{"id":211228,"n":"Pralines concassées Vahiné 100g","p":2.09,"u":"20,90 €/KG","img":"https://fd1-photos.leclercdrive.fr/image.ashx?id=2569434&use=l&cat=p&typeid=i","cat":284504},{"id":211229,"n":"Pépites chocolat corsé Vahiné 100g","p":3.17,"u":"31,70 €/KG","img":"https://fd1-photos.leclercdrive.fr/image.ashx?id=2555403&use=l&cat=p&typeid=i","cat":284504},{"id":211260,"n":"AOC Haut Médoc  Château D'Agassac 75cl","p":18.56,"u":"24,75 €/L","img":"https://fd1-photos.leclercdrive.fr/image.ashx?id=2560170&use=l&cat=p&typeid=i","cat":289556},{"id":211344,"n":"Boisson gazeuse Nocco Tropical 33cl","p":2.5,"u":"7,58 €/L","img":"https://fd1-photos.leclercdrive.fr/image.ashx?id=2828688&use=l&cat=p&typeid=i","cat":284533},{"id":211360,"n":"Lait hydratant Uriage bébé 1er lait hydratant - 500ml","p":11.17,"u":"22,34 €/L","img":"https://fd1-photos.leclercdrive.fr/image.ashx?id=2554919&use=l&cat=p&typeid=i","cat":290425},{"id":211365,"n":"Eau parfumée Roger & Gallet Fleur de figuier - 100ml","p":32.9,"u":"329,00 €/L","img":"https://fd1-photos.leclercdrive.fr/image.ashx?id=2605740&use=l&cat=p&typeid=i","cat":291525},{"id":211366,"n":"Eau parfumée Roger & Gallet Cédrat - 100ml","p":32.9,"u":"329,00 €/L","img":"https://fd1-photos.leclercdrive.fr/image.ashx?id=2605737&use=l&cat=p&typeid=i","cat":291525},{"id":211383,"n":"Gélules cheveux Forcapil Anti-chute - x90 comprimés","p":23.9,"u":"0,27 €/P","img":"https://fd1-photos.leclercdrive.fr/image.ashx?id=2939931&use=l&cat=p&typeid=i","cat":301266},{"id":211391,"n":"Complément alimentaire Oenobiol Autonbronzant - 2x30","p":29.9,"u":"0,50 €/P","img":"https://fd1-photos.leclercdrive.fr/image.ashx?id=2561164&use=l&cat=p&typeid=i","cat":290395},{"id":211397,"n":"Cacahuetes caramélisées Tokapi Salé - 150g","p":1.4,"u":"9,33 €/KG","img":"https://fd1-photos.leclercdrive.fr/image.ashx?id=2793329&use=l&cat=p&typeid=i","cat":284448},{"id":211406,"n":"Mélange noix nobles Tokapi 100g","p":1.92,"u":"19,20 €/KG","img":"https://fd1-photos.leclercdrive.fr/image.ashx?id=2907473&use=l&cat=p&typeid=i","cat":284448},{"id":211413,"n":"Céréales Kit Kat 330g","p":2.99,"u":"9,06 €/KG","img":"https://fd1-photos.leclercdrive.fr/image.ashx?id=2989453&use=l&cat=p&typeid=i","cat":309513},{"id":211414,"n":"Céréales Miel Pops Kellogg's 330g","p":2.22,"u":"6,73 €/KG","img":"https://fd1-photos.leclercdrive.fr/image.ashx?id=3003423&use=l&cat=p&typeid=i","cat":309513},{"id":211415,"n":"Poules aux vermicelles Maggi 3x59g","p":1.21,"u":"6,84 €/KG","img":"https://fd1-photos.leclercdrive.fr/image.ashx?id=2556345&use=l&cat=p&typeid=i","cat":284463},{"id":211427,"n":"Pain burger Epi d'Or Nature x6 - 330g","p":0.93,"u":"2,82 €/KG","img":"https://fd1-photos.leclercdrive.fr/image.ashx?id=2807303&use=l&cat=p&typeid=i","cat":325067},{"id":211428,"n":"Céréales Special K Kellogg's Nature - 500g","p":2.92,"u":"5,84 €/KG","img":"https://fd1-photos.leclercdrive.fr/image.ashx?id=2583996&use=l&cat=p&typeid=i","cat":309512},{"id":211431,"n":"Oignon Ducros 9g","p":1.99,"u":"221,11 €/KG","img":"https://fd1-photos.leclercdrive.fr/image.ashx?id=2557332&use=l&cat=p&typeid=i","cat":298297},{"id":211432,"n":"Court bouillon Maggi Legumes et vin blanc 150g","p":1.5,"u":"10,00 €/KG","img":"https://fd1-photos.leclercdrive.fr/image.ashx?id=2557740&use=l&cat=p&typeid=i","cat":288379},{"id":211438,"n":"Café grains D'Ys 500g","p":7.4,"u":"14,80 €/KG","img":"https://fd1-photos.leclercdrive.fr/image.ashx?id=2557635&use=l&cat=p&typeid=i","cat":293237},{"id":211455,"n":"Les Oeufs d'Erwan plein air Calibre moyen x12","p":2.9,"pp":2.03,"u":"0,17 €/P","img":"https://fd1-photos.leclercdrive.fr/image.ashx?id=2557548&use=l&cat=p&typeid=i","cat":284378},{"id":211467,"n":"Crème contour yeux La Roche-Posay - 20ml","p":16.15,"u":"807,50 €/L","img":"https://fd1-photos.leclercdrive.fr/image.ashx?id=2813441&use=l&cat=p&typeid=i","cat":291172},{"id":211468,"n":"Fluide hydratant La Roche-Posay Toleriane - 40ml","p":17.66,"u":"441,50 €/L","img":"https://fd1-photos.leclercdrive.fr/image.ashx?id=2813447&use=l&cat=p&typeid=i","cat":291171},{"id":211481,"n":"Biscottes Pasquier Sans sel et sucre ajoutés - 300","p":1.5,"u":"5,00 €/KG","img":"https://fd1-photos.leclercdrive.fr/image.ashx?id=2899407&use=l&cat=p&typeid=i","cat":284479},{"id":211520,"n":"Dentifrice Signal Professionnel Sensibilité Gencives 75ml","p":3.2,"u":"42,67 €/L","img":"https://fd1-photos.leclercdrive.fr/image.ashx?id=2961329&use=l&cat=p&typeid=i","cat":284612},{"id":211537,"n":"Céréales Miel Pops Loops Kellogg's 330g","p":2.18,"u":"6,61 €/KG","img":"https://fd1-photos.leclercdrive.fr/image.ashx?id=2561353&use=l&cat=p&typeid=i","cat":309513},{"id":211550,"n":"Sel Regénérant Sun Lave Vaisselle Standard 1Kg","p":1.08,"u":"1,08 €/KG","img":"https://fd1-photos.leclercdrive.fr/image.ashx?id=2729434&use=l&cat=p&typeid=i","cat":284657},{"id":211561,"n":"Déodorant Spray Dove Anti- Transpirant Invisible Dry 100ml","p":2.95,"u":"29,50 €/L","img":"https://fd1-photos.leclercdrive.fr/image.ashx?id=2905711&use=l&cat=p&typeid=i","cat":284595},{"id":211563,"n":"Déodorant Spray Dove Anti- Transpirant Invisible Dry 200ml","p":2.89,"u":"14,45 €/L","img":"https://fd1-photos.leclercdrive.fr/image.ashx?id=2877244&use=l&cat=p&typeid=i","cat":284595},{"id":211564,"n":"Adoucissant concentré Soupline Coco fleurs blanches - 1.28L","p":5.58,"u":"4,36 €/L","img":"https://fd1-photos.leclercdrive.fr/image.ashx?id=2832566&use=l&cat=p&typeid=i","cat":284650},{"id":211573,"n":"Déodorant Spray Dove Anti- Transpirant Original 200ml","p":3.08,"u":"15,40 €/L","img":"https://fd1-photos.leclercdrive.fr/image.ashx?id=2878486&use=l&cat=p&typeid=i","cat":284595},{"id":211598,"n":"Yaourt protéiné Hipro Stracciatella 0%mg - 2x160g","p":2.19,"u":"6,84 €/KG","img":"https://fd1-photos.leclercdrive.fr/image.ashx?id=2807438&use=l&cat=p&typeid=i","cat":315000},{"id":211632,"n":"Desserts Lactés P'TIT ONCTUEUX Nature 6M+ - 8x90g","p":4.3,"u":"5,97 €/KG","img":"https://fd1-photos.leclercdrive.fr/image.ashx?id=2559161&use=l&cat=p&typeid=i","cat":312392},{"id":211723,"n":"Gel douche Adidas Active Skin & Mind- Deep Care - 250ml","p":2.55,"u":"10,20 €/L","img":"https://fd1-photos.leclercdrive.fr/image.ashx?id=2990778&use=l&cat=p&typeid=i","cat":284594},{"id":211765,"n":"Saucisson Fuet Iberico César Moroni - 150g","p":3.12,"u":"20,80 €/KG","img":"https://fd1-photos.leclercdrive.fr/image.ashx?id=2560125&use=l&cat=p&typeid=i","cat":316006},{"id":211808,"n":"Olives Noires Confites Tramier  Dénoyautées 150g","p":1.6,"u":"10,67 €/KG","img":"https://fd1-photos.leclercdrive.fr/image.ashx?id=2840829&use=l&cat=p&typeid=i","cat":284450},{"id":211827,"n":"Céréales bébé BABIVANILLE Vanille 10M+ - 400g","p":3.41,"u":"8,53 €/KG","img":"https://fd1-photos.leclercdrive.fr/image.ashx?id=2562651&use=l&cat=p&typeid=i","cat":312225},{"id":211844,"n":"Pur jus Tropicana Orange sans pulpe - 4x1,5L","p":13.5,"pp":10.12,"u":"1,69 €/L","img":"https://fd1-photos.leclercdrive.fr/image.ashx?id=2562546&use=l&cat=p&typeid=i","cat":284521},{"id":211897,"n":"Serozinc La Roche-Posay Soluté de sulfate de zinc 150ml","p":8.36,"u":"55,73 €/L","img":"https://fd1-photos.leclercdrive.fr/image.ashx?id=2562528&use=l&cat=p&typeid=i","cat":291166},{"id":211899,"n":"Complément alimentaire Veinoflux - Jambes - x60","p":13.99,"u":"0,23 €/P","img":"https://fd1-photos.leclercdrive.fr/image.ashx?id=2886169&use=l&cat=p&typeid=i","cat":301268},{"id":211911,"n":"Crème décolorante Netline Visage et corps Aloe Vera 60ml","p":7.9,"pp":6.32,"u":"105,33 €/L","img":"https://fd1-photos.leclercdrive.fr/image.ashx?id=2562552&use=l&cat=p&typeid=i","cat":291160},{"id":211913,"n":"Filtres jetables Physiodose x20 - + 2 embouts","p":8.23,"img":"https://fd1-photos.leclercdrive.fr/image.ashx?id=2562555&use=l&cat=p&typeid=i","cat":289435},{"id":211914,"n":"Déodorant spray Weleda Citron - 100ml","p":7.9,"u":"79,00 €/L","img":"https://fd1-photos.leclercdrive.fr/image.ashx?id=2562564&use=l&cat=p&typeid=i","cat":301593},{"id":211921,"n":"Eau nettoyante Dodie 3-en-1 - 1L","p":9.4,"u":"9,40 €/L","img":"https://fd1-photos.leclercdrive.fr/image.ashx?id=2562588&use=l&cat=p&typeid=i","cat":290425},{"id":211933,"n":"Mouche bébé Physiodose Avec filtre","p":7.16,"u":"376,84 €/KG","img":"https://fd1-photos.leclercdrive.fr/image.ashx?id=2563670&use=l&cat=p&typeid=i","cat":290385},{"id":211934,"n":"1ère huile lavante bébé Uriage 500ml","p":10.65,"u":"21,30 €/L","img":"https://fd1-photos.leclercdrive.fr/image.ashx?id=2562570&use=l&cat=p&typeid=i","cat":290425},{"id":211968,"n":"Huile optima Tramier 2L","p":9.56,"u":"4,78 €/L","img":"https://fd1-photos.leclercdrive.fr/image.ashx?id=2657844&use=l&cat=p&typeid=i","cat":284453},{"id":212107,"n":"Brosse à dents Colgate Extra-clean médium - x4","p":1.82,"u":"0,46 €/P","img":"https://fd1-photos.leclercdrive.fr/image.ashx?id=2564309&use=l&cat=p&typeid=i","cat":284614},{"id":212110,"n":"Adoucissant Hyperdou Senteur de provence - 1.9L x 27","p":2.39,"u":"1,26 €/L","img":"https://fd1-photos.leclercdrive.fr/image.ashx?id=2603021&use=l&cat=p&typeid=i","cat":284650},{"id":212248,"n":"Crème glacée La Laitière Chocolat avec copeaux - 490g","p":3.24,"pp":2.27,"u":"4,63 €/KG","img":"https://fd1-photos.leclercdrive.fr/image.ashx?id=3000012&use=l&cat=p&typeid=i","cat":284263},{"id":212383,"n":"Barres de céréales Spécial K Protein Coco cacao cajou -4x28g","p":3.04,"u":"27,14 €/KG","img":"https://fd1-photos.leclercdrive.fr/image.ashx?id=3011809&use=l&cat=p&typeid=i","cat":300032},{"id":212387,"n":"Transiphyt Herbesan 60 gélules","p":9.5,"pp":6.65,"u":"201,52 €/KG","img":"https://fd1-photos.leclercdrive.fr/image.ashx?id=2867092&use=l&cat=p&typeid=i","cat":301268},{"id":212465,"n":"Protège-slip Confort Vania Coton Bio - x30","p":2.43,"img":"https://fd1-photos.leclercdrive.fr/image.ashx?id=2735215&use=l&cat=p&typeid=i","cat":284625},{"id":212467,"n":"Protège-slip Protection Vania Large Fresh - x36","p":3.06,"img":"https://fd1-photos.leclercdrive.fr/image.ashx?id=2735233&use=l&cat=p&typeid=i","cat":284625},{"id":212468,"n":"Protège-slips Confort Vania Aloe vera - x56","p":2.5,"img":"https://fd1-photos.leclercdrive.fr/image.ashx?id=2735236&use=l&cat=p&typeid=i","cat":284625},{"id":212469,"n":"Protège-slip Protection Vania Long Fresh - x40","p":2.68,"img":"https://fd1-photos.leclercdrive.fr/image.ashx?id=2735239&use=l&cat=p&typeid=i","cat":284625},{"id":212486,"n":"Film étirable Elembal 50m","p":1.8,"u":"0,04 €/MT","img":"https://fd1-photos.leclercdrive.fr/image.ashx?id=2566146&use=l&cat=p&typeid=i","cat":285194},{"id":212531,"n":"Pain aux graines Gerblé Sans Gluten ni lactose - 300g","p":3.54,"u":"11,80 €/KG","img":"https://fd1-photos.leclercdrive.fr/image.ashx?id=2662889&use=l&cat=p&typeid=i","cat":325069},{"id":212593,"n":"Litière chats Tous mes Amis Triple action blanche - 5L","p":4.2,"u":"0,84 €/L","img":"https://fd1-photos.leclercdrive.fr/image.ashx?id=2568361&use=l&cat=p&typeid=i","cat":284683},{"id":212599,"n":"Amandes décortiquées Couleurs Vives - 200g","p":2.78,"u":"13,90 €/KG","img":"https://fd1-photos.leclercdrive.fr/image.ashx?id=2567592&use=l&cat=p&typeid=i","cat":284357},{"id":212600,"n":"Cranberries Couleurs Vives 200g","p":1.99,"u":"9,95 €/KG","img":"https://fd1-photos.leclercdrive.fr/image.ashx?id=2567595&use=l&cat=p&typeid=i","cat":284357},{"id":212603,"n":"Fruits secs Mix croquant Couleurs Vives - 200g","p":2.99,"u":"14,95 €/KG","img":"https://fd1-photos.leclercdrive.fr/image.ashx?id=2567601&use=l&cat=p&typeid=i","cat":284357},{"id":212604,"n":"Fruits secs Mix Gourmand Couleurs Vives - 200g","p":2.55,"u":"12,75 €/KG","img":"https://fd1-photos.leclercdrive.fr/image.ashx?id=2567604&use=l&cat=p&typeid=i","cat":284357},{"id":212606,"n":"Sacs poubelle Alfapac Salle de bain - 20x10L","p":1.57,"img":"https://fd1-photos.leclercdrive.fr/image.ashx?id=2588534&use=l&cat=p&typeid=i","cat":285168},{"id":212613,"n":"Collant Well Infini confort Transparent noir - T2","p":5.7,"img":"https://fd1-photos.leclercdrive.fr/image.ashx?id=2586789&use=l&cat=p&typeid=i","cat":334130},{"id":212615,"n":"Collant Well Infini confort Transparent noir - T1","p":5.7,"img":"https://fd1-photos.leclercdrive.fr/image.ashx?id=2586786&use=l&cat=p&typeid=i","cat":334130},{"id":212616,"n":"Collant Well Infini confort Transparent noir - T3","p":5.7,"img":"https://fd1-photos.leclercdrive.fr/image.ashx?id=2586792&use=l&cat=p&typeid=i","cat":334130},{"id":212617,"n":"Collant Well Infini confort Transparent noir - T4","p":5.7,"img":"https://fd1-photos.leclercdrive.fr/image.ashx?id=2586795&use=l&cat=p&typeid=i","cat":334130},{"id":212620,"n":"Collant Well Infini confort Semi-opaque noir - T1","p":5.85,"img":"https://fd1-photos.leclercdrive.fr/image.ashx?id=2575018&use=l&cat=p&typeid=i","cat":334130},{"id":212621,"n":"Collant Well Infini confort Semi-opaque noir - T2","p":5.85,"img":"https://fd1-photos.leclercdrive.fr/image.ashx?id=2575021&use=l&cat=p&typeid=i","cat":334130},{"id":212622,"n":"Collant Well Infini confort Semi-opaque noir - T3","p":5.85,"img":"https://fd1-photos.leclercdrive.fr/image.ashx?id=2575024&use=l&cat=p&typeid=i","cat":334130},{"id":212624,"n":"Collant Well Morphologie Régular semi-opaque noir /+1m65","p":6.3,"img":"https://fd1-photos.leclercdrive.fr/image.ashx?id=2588519&use=l&cat=p&typeid=i","cat":334130},{"id":212625,"n":"Collant Well Morphologie Régular Semi-opaque noir /-1m65","p":6.3,"img":"https://fd1-photos.leclercdrive.fr/image.ashx?id=2588516&use=l&cat=p&typeid=i","cat":334130},{"id":212626,"n":"Collant Well Morphologie Form Semi-opaque noir / +1m65","p":6.3,"img":"https://fd1-photos.leclercdrive.fr/image.ashx?id=2586099&use=l&cat=p&typeid=i","cat":334130},{"id":212627,"n":"Collant Well Morphologie Form Semi-opaque noir / -1m65","p":6.3,"img":"https://fd1-photos.leclercdrive.fr/image.ashx?id=2586096&use=l&cat=p&typeid=i","cat":334130},{"id":212631,"n":"Collants Le Bourget Modacolors Opaque marine - T1/2","p":5.95,"img":"https://fd1-photos.leclercdrive.fr/image.ashx?id=2586804&use=l&cat=p&typeid=i","cat":334130},{"id":212632,"n":"Collants Le Bourget Modacolors Opaque marine - T3/4","p":5.95,"img":"https://fd1-photos.leclercdrive.fr/image.ashx?id=2586807&use=l&cat=p&typeid=i","cat":334130},{"id":212679,"n":"Céréales Coco Pops Chocos Kellogg's - 330g","p":2.5,"u":"7,58 €/KG","img":"https://fd1-photos.leclercdrive.fr/image.ashx?id=2571683&use=l&cat=p&typeid=i","cat":309513},{"id":212750,"n":"Petits pots bébé P'TIT SOUPER Pastasotto 12M+ - 2x200g","p":1.78,"u":"4,45 €/KG","img":"https://fd1-photos.leclercdrive.fr/image.ashx?id=2571863&use=l&cat=p&typeid=i","cat":312239},{"id":212754,"n":"Soupe chinoise Maggi 60g","p":1.1,"u":"18,33 €/KG","img":"https://fd1-photos.leclercdrive.fr/image.ashx?id=2571869&use=l&cat=p&typeid=i","cat":288992},{"id":212770,"n":"Ail & poivre Ducros 45g","p":2.29,"u":"50,89 €/KG","img":"https://fd1-photos.leclercdrive.fr/image.ashx?id=2570166&use=l&cat=p&typeid=i","cat":298297},{"id":212771,"n":"Pepites de chocolats Vahiné  Noisettes - 100g","p":3.35,"u":"33,50 €/KG","img":"https://fd1-photos.leclercdrive.fr/image.ashx?id=2570190&use=l&cat=p&typeid=i","cat":284504},{"id":212773,"n":"Curry Balti Ducros - 39g","p":2.16,"u":"55,38 €/KG","img":"https://fd1-photos.leclercdrive.fr/image.ashx?id=2570169&use=l&cat=p&typeid=i","cat":298297},{"id":212817,"n":"Nettoyant vitres Ajax Triple action Recharge - 750ml","p":1.52,"u":"2,03 €/L","img":"https://fd1-photos.leclercdrive.fr/image.ashx?id=2842969&use=l&cat=p&typeid=i","cat":325363},{"id":212826,"n":"Poivre et épices Ducros 200g","p":6.59,"u":"32,95 €/KG","img":"https://fd1-photos.leclercdrive.fr/image.ashx?id=2571194&use=l&cat=p&typeid=i","cat":284457},{"id":212829,"n":"Moulin Ducros 5 baies - 24g","p":2.71,"u":"112,92 €/KG","img":"https://fd1-photos.leclercdrive.fr/image.ashx?id=2571197&use=l&cat=p&typeid=i","cat":298297},{"id":212830,"n":"Gâteau Lotus Amandelice 312g (6x1p)","p":3.08,"u":"9,87 €/KG","img":"https://fd1-photos.leclercdrive.fr/image.ashx?id=2859821&use=l&cat=p&typeid=i","cat":294777},{"id":212876,"n":"AOP Champagne Moët & Chandon Brut impérial - 75cl","p":39.04,"u":"52,05 €/L","img":"https://fd1-photos.leclercdrive.fr/image.ashx?id=2578951&use=l&cat=p&typeid=i","cat":284542},{"id":212901,"n":"Pile bouton lithium Varta CR2032 - x4+1 offerte","p":6.7,"u":"1,34 €/P","img":"https://fd1-photos.leclercdrive.fr/image.ashx?id=2572323&use=l&cat=p&typeid=i","cat":300572},{"id":212916,"n":"Vodka Poliakov Lime 32% vol. - 70cl","p":12.12,"u":"17,31 €/L","img":"https://fd1-photos.leclercdrive.fr/image.ashx?id=2816850&use=l&cat=p&typeid=i","cat":284550},{"id":212922,"n":"Déboucheur Gel Destop  Spécial Cuisine - 1L","p":2.84,"u":"2,84 €/L","img":"https://fd1-photos.leclercdrive.fr/image.ashx?id=2572278&use=l&cat=p&typeid=i","cat":284908},{"id":212923,"n":"Lardons fumés Herta  300g","p":2.65,"u":"8,83 €/KG","img":"https://fd1-photos.leclercdrive.fr/image.ashx?id=2572155&use=l&cat=p&typeid=i","cat":316011},{"id":212934,"n":"Lait bébé poudre Guigoz Optipro 3ème âge - dès 12 mois - 830g","p":10.43,"u":"12,57 €/KG","img":"https://fd1-photos.leclercdrive.fr/image.ashx?id=2895059&use=l&cat=p&typeid=i","cat":290219},{"id":212971,"n":"Barre Enrobage Blanc Lion x6 barres - 180g","p":2.44,"u":"13,56 €/KG","img":"https://fd1-photos.leclercdrive.fr/image.ashx?id=2813044&use=l&cat=p&typeid=i","cat":284498},{"id":213128,"n":"AOC Saumur Champigny Domaine de la Perruche - 75cl","p":8.33,"u":"11,11 €/L","img":"https://fd1-photos.leclercdrive.fr/image.ashx?id=2767392&use=l&cat=p&typeid=i","cat":289556},{"id":213138,"n":"Vin blanc 0% alcool Uby Osmose Blanc sec - 75cl","p":4.8,"u":"6,40 €/L","img":"https://fd1-photos.leclercdrive.fr/image.ashx?id=2606683&use=l&cat=p&typeid=i","cat":289557},{"id":213139,"n":"Touraine Sauvignon blanc Le Gambier - 75cl","p":4.99,"u":"6,65 €/L","img":"https://fd1-photos.leclercdrive.fr/image.ashx?id=2975239&use=l&cat=p&typeid=i","cat":289557},{"id":213190,"n":"Milky fromage enfant à tartiner Les Croisés 12 portions - 216g","p":1.85,"u":"8,56 €/KG","img":"https://fd1-photos.leclercdrive.fr/image.ashx?id=2791914&use=l&cat=p&typeid=i","cat":314030},{"id":213200,"n":"Gaufrettes Quadro Cémoi Choco noisettes - 187g","p":2.09,"u":"11,18 €/KG","img":"https://fd1-photos.leclercdrive.fr/image.ashx?id=2654731&use=l&cat=p&typeid=i","cat":284488},{"id":213204,"n":"Ourson guimauve Cémoi Chocolat au lait - 170g","p":1.95,"u":"11,47 €/KG","img":"https://fd1-photos.leclercdrive.fr/image.ashx?id=2576462&use=l&cat=p&typeid=i","cat":304250},{"id":213213,"n":"Pastis de Marseille Duval  45%vol - 20cl","p":3.8,"u":"19,00 €/L","img":"https://fd1-photos.leclercdrive.fr/image.ashx?id=2686663&use=l&cat=p&typeid=i","cat":284548},{"id":213242,"n":"Céréales Coco Pops Kellogg's Original - 330g","p":2.72,"u":"8,24 €/KG","img":"https://fd1-photos.leclercdrive.fr/image.ashx?id=2577099&use=l&cat=p&typeid=i","cat":309513},{"id":213356,"n":"Bavoir silicone Mots d'enfants Vert Kaki","p":3.95,"img":"https://fd1-photos.leclercdrive.fr/image.ashx?id=2691863&use=l&cat=p&typeid=i","cat":289435},{"id":213362,"n":"Drap housse Mots d'enfants","p":9.95,"img":"https://fd1-photos.leclercdrive.fr/image.ashx?id=2579174&use=l&cat=p&typeid=i","cat":286694},{"id":213366,"n":"Toast nature Harrys Tranches épaisses - 250g","p":1.75,"u":"7,00 €/KG","img":"https://fd1-photos.leclercdrive.fr/image.ashx?id=2581253&use=l&cat=p&typeid=i","cat":285454},{"id":213417,"n":"Thé vert bio Jardin Bio Duo de citron - 30g","p":2.66,"u":"88,67 €/KG","img":"https://fd1-photos.leclercdrive.fr/image.ashx?id=2579008&use=l&cat=p&typeid=i","cat":293233},{"id":213432,"n":"Gel Corps et Cheveux Cadum Hypoallergenique - 750ml","p":4.17,"u":"5,56 €/L","img":"https://fd1-photos.leclercdrive.fr/image.ashx?id=2581798&use=l&cat=p&typeid=i","cat":284594},{"id":213464,"n":"Panés Spécial Burger Père Dodu  Chapelure Corn Flakes - x2 - 18","p":2.23,"u":"12,39 €/KG","img":"https://fd1-photos.leclercdrive.fr/image.ashx?id=2957221&use=l&cat=p&typeid=i","cat":333684},{"id":213487,"n":"Crème semi-épaisse UHT Délisse Entière - 30% MG - 2x25cl","p":3.21,"u":"6,42 €/L","img":"https://fd1-photos.leclercdrive.fr/image.ashx?id=2579396&use=l&cat=p&typeid=i","cat":284381},{"id":213528,"n":"Gel WC Canard 100% Détartrant - 750ml","p":2.11,"u":"2,81 €/L","img":"https://fd1-photos.leclercdrive.fr/image.ashx?id=2580194&use=l&cat=p&typeid=i","cat":284662},{"id":213569,"n":"Mouchoirs boîte Alice x100","p":0.95,"u":"0,01 €/P","img":"https://fd1-photos.leclercdrive.fr/image.ashx?id=2594142&use=l&cat=p&typeid=i","cat":284638},{"id":213581,"n":"Gel douche Cadum Crème d'amande - 450ml","p":2.87,"u":"6,38 €/L","img":"https://fd1-photos.leclercdrive.fr/image.ashx?id=2582273&use=l&cat=p&typeid=i","cat":284594},{"id":213582,"n":"Crème Douche surgras Bio Cadum Karité - 450ml","p":2.62,"u":"5,82 €/L","img":"https://fd1-photos.leclercdrive.fr/image.ashx?id=2580801&use=l&cat=p&typeid=i","cat":284594},{"id":213594,"n":"Tablette de chocolat Lindt  Noir pailleté gaufrette - 100g","p":2.75,"u":"27,50 €/KG","img":"https://fd1-photos.leclercdrive.fr/image.ashx?id=2750390&use=l&cat=p&typeid=i","cat":284956},{"id":213600,"n":"Crème Douche Nourrissante Cadum Huile de Coco Bio - 450ml","p":2.39,"u":"5,31 €/L","img":"https://fd1-photos.leclercdrive.fr/image.ashx?id=2582276&use=l&cat=p&typeid=i","cat":284594},{"id":213602,"n":"Crème Douche Nourrissante Cadum Miel de Fleurs bio - 450ml","p":2.35,"u":"5,22 €/L","img":"https://fd1-photos.leclercdrive.fr/image.ashx?id=2582279&use=l&cat=p&typeid=i","cat":284594},{"id":213604,"n":"Crème Douche Hydratation Cadum Huile d'Amandes Douces - 450ml","p":2.65,"u":"5,89 €/L","img":"https://fd1-photos.leclercdrive.fr/image.ashx?id=2582282&use=l&cat=p&typeid=i","cat":284594},{"id":213605,"n":"Crème de douche Cadum Fleur de coton - 450ml","p":2.72,"u":"6,04 €/L","img":"https://fd1-photos.leclercdrive.fr/image.ashx?id=2582285&use=l&cat=p&typeid=i","cat":284594},{"id":213606,"n":"Gel Douche Sans Savon Bio Cadum Huile d'Amandes Douces - 450ml","p":2.29,"u":"5,09 €/L","img":"https://fd1-photos.leclercdrive.fr/image.ashx?id=2582288&use=l&cat=p&typeid=i","cat":284594},{"id":213614,"n":"Lentilles corail Notre Jardin 500g","p":1.72,"u":"3,44 €/KG","img":"https://fd1-photos.leclercdrive.fr/image.ashx?id=2983835&use=l&cat=p&typeid=i","cat":284430},{"id":213625,"n":"Miel d'acacia Lune de Miel fleurs -  500g","p":4.59,"u":"9,18 €/KG","img":"https://fd1-photos.leclercdrive.fr/image.ashx?id=2730910&use=l&cat=p&typeid=i","cat":287643},{"id":213687,"n":"Shampoing karité Franck Provost Cheveux Secs, très secs - 500ml","p":4.06,"u":"8,12 €/L","img":"https://fd1-photos.leclercdrive.fr/image.ashx?id=2581804&use=l&cat=p&typeid=i","cat":284606},{"id":213688,"n":"Shampoing Karité Franck Provost Cheveux Très Secs épais - 500ml","p":4.06,"u":"8,12 €/L","img":"https://fd1-photos.leclercdrive.fr/image.ashx?id=2582312&use=l&cat=p&typeid=i","cat":284606},{"id":213692,"n":"Shampooing Franck Provost Cheveux colorés - 500ml","p":4.06,"u":"8,12 €/L","img":"https://fd1-photos.leclercdrive.fr/image.ashx?id=2582321&use=l&cat=p&typeid=i","cat":284606},{"id":213695,"n":"Recharge Gel douche Cadum Sans Sulfate - 500ml","p":2.72,"u":"5,44 €/L","img":"https://fd1-photos.leclercdrive.fr/image.ashx?id=2581810&use=l&cat=p&typeid=i","cat":284594},{"id":213703,"n":"Gel Corps et Cheveux Cadum Sans Sulfate - 400ml","p":2.85,"u":"7,13 €/L","img":"https://fd1-photos.leclercdrive.fr/image.ashx?id=2582270&use=l&cat=p&typeid=i","cat":284594},{"id":213751,"n":"Bière blonde Pélican 50cl","p":1.93,"pp":1.35,"u":"2,70 €/L","img":"https://fd1-photos.leclercdrive.fr/image.ashx?id=2805876&use=l&cat=p&typeid=i","cat":334853},{"id":213752,"n":"Bière rouge Pélican 6x33cl","p":10.36,"pp":7.25,"u":"3,66 €/L","img":"https://fd1-photos.leclercdrive.fr/image.ashx?id=2805873&use=l&cat=p&typeid=i","cat":334878},{"id":213793,"n":"Burger Bacon Marie Boeuf Charolais Emmental - 190g","p":2.84,"u":"14,95 €/KG","img":"https://fd1-photos.leclercdrive.fr/image.ashx?id=2858615&use=l&cat=p&typeid=i","cat":333671},{"id":213794,"n":"Burger Rustique Marie Boeuf Charolais Emmental - 190g","p":2.58,"u":"13,58 €/KG","img":"https://fd1-photos.leclercdrive.fr/image.ashx?id=2858621&use=l&cat=p&typeid=i","cat":333671},{"id":213818,"n":"Croquettes chats Perfect Fit Stérilisés, dinde - 1.4kg","p":6.95,"u":"4,96 €/KG","img":"https://fd1-photos.leclercdrive.fr/image.ashx?id=2619166&use=l&cat=p&typeid=i","cat":284680},{"id":213821,"n":"Brosse à dents Signal Soins gencives Extra souple x4","p":3.24,"u":"0,81 €/P","img":"https://fd1-photos.leclercdrive.fr/image.ashx?id=2805690&use=l&cat=p&typeid=i","cat":284614},{"id":213830,"n":"Adoucissant Soupline concentré  3D Grand air - 1,35L","p":5.47,"u":"4,05 €/L","img":"https://fd1-photos.leclercdrive.fr/image.ashx?id=2924950&use=l&cat=p&typeid=i","cat":284650},{"id":213833,"n":"Colgate Chloro intense  75ml","p":1.16,"u":"15,47 €/L","img":"https://fd1-photos.leclercdrive.fr/image.ashx?id=2964231&use=l&cat=p&typeid=i","cat":284612},{"id":213834,"n":"Brosse à dents Colgate Extra-clean souple - x4","p":1.98,"u":"0,50 €/P","img":"https://fd1-photos.leclercdrive.fr/image.ashx?id=3011950&use=l&cat=p&typeid=i","cat":284614},{"id":213836,"n":"Dentifrice Colgate Ultra Brite  Haleine Fraîche - 75ml","p":1.01,"u":"13,47 €/L","img":"https://fd1-photos.leclercdrive.fr/image.ashx?id=2802845&use=l&cat=p&typeid=i","cat":284612},{"id":213857,"n":"Recharges WC Canard Fresh Disc  Fraîcheur Marine - 2x6 disques","p":5.31,"u":"2,66 €/P","img":"https://fd1-photos.leclercdrive.fr/image.ashx?id=2754824&use=l&cat=p&typeid=i","cat":284662},{"id":213865,"n":"Mélange Pizza Ducros 12g","p":2.3,"u":"191,67 €/KG","img":"https://fd1-photos.leclercdrive.fr/image.ashx?id=2583344&use=l&cat=p&typeid=i","cat":298297},{"id":213868,"n":"Mélange pour salade Ducros 17g","p":4.84,"u":"284,71 €/KG","img":"https://fd1-photos.leclercdrive.fr/image.ashx?id=2583341&use=l&cat=p&typeid=i","cat":298297},{"id":213930,"n":"Fromage enfant La Vache qui rit Original 24P à tartiner - 384g","p":3.94,"u":"10,26 €/KG","img":"https://fd1-photos.leclercdrive.fr/image.ashx?id=2945451&use=l&cat=p&typeid=i","cat":314030},{"id":213953,"n":"Recharges WC Canard fresh disc Citron - 2x6 disques","p":4.75,"u":"2,38 €/P","img":"https://fd1-photos.leclercdrive.fr/image.ashx?id=2754821&use=l&cat=p&typeid=i","cat":284662},{"id":213959,"n":"Nettoyant ménager Pliz Fée du logis - 250ml","p":1.97,"u":"7,88 €/L","img":"https://fd1-photos.leclercdrive.fr/image.ashx?id=2585540&use=l&cat=p&typeid=i","cat":325364},{"id":213961,"n":"Terrine chiens Tous Mes Amis Viandes carottes - 1.2kg","p":1.95,"u":"1,63 €/KG","img":"https://fd1-photos.leclercdrive.fr/image.ashx?id=2815755&use=l&cat=p&typeid=i","cat":288578},{"id":213964,"n":"Nettoyant ménager Ajax Maison pure Sureau - 1.25L","p":2.66,"u":"2,13 €/L","img":"https://fd1-photos.leclercdrive.fr/image.ashx?id=2585555&use=l&cat=p&typeid=i","cat":284907},{"id":213969,"n":"Compote Breizh Pom Pomme reinette 4x100g","p":1.85,"u":"4,63 €/KG","img":"https://fd1-photos.leclercdrive.fr/image.ashx?id=2896303&use=l&cat=p&typeid=i","cat":284508},{"id":214087,"n":"Soda Coca-Cola Original Bouteille - 1,75L","p":2.39,"u":"1,37 €/L","img":"https://fd1-photos.leclercdrive.fr/image.ashx?id=2971745&use=l&cat=p&typeid=i","cat":284530},{"id":214105,"n":"Toast Brioché spécial foie gras Tranches épaisses Harrys 250G","p":1.75,"u":"7,00 €/KG","img":"https://fd1-photos.leclercdrive.fr/image.ashx?id=2587581&use=l&cat=p&typeid=i","cat":285454},{"id":214133,"n":"Fabulus Magix Dès 8 ans","p":21.0,"u":"Dont 0,07 € d'éco-part.","img":"https://fd1-photos.leclercdrive.fr/image.ashx?id=2587599&use=l&cat=p&typeid=i","cat":334378},{"id":214134,"n":"Mille bornes Pat'Patrouille Dès 3 ans","p":18.9,"img":"https://fd1-photos.leclercdrive.fr/image.ashx?id=2587605&use=l&cat=p&typeid=i","cat":334378},{"id":214135,"n":"Mille bornes Mario Kart 2023 Dès 7 ans","p":18.9,"img":"https://fd1-photos.leclercdrive.fr/image.ashx?id=2587602&use=l&cat=p&typeid=i","cat":334378},{"id":214187,"n":"Barbie voyage Dès 3 ans","p":22.9,"img":"https://fd1-photos.leclercdrive.fr/image.ashx?id=2767042&use=l&cat=p&typeid=i","cat":334379},{"id":214195,"n":"DJ le robot danseur vert Dès 9 mois","p":31.8,"u":"Dont 0,25 € d'éco-part.","img":"https://fd1-photos.leclercdrive.fr/image.ashx?id=2845212&use=l&cat=p&typeid=i","cat":334379},{"id":214200,"n":"Poupée Aurore 29cm Dès 3 ans","p":9.5,"img":"https://fd1-photos.leclercdrive.fr/image.ashx?id=2752762&use=l&cat=p&typeid=i","cat":334379},{"id":214201,"n":"Poupée Cendrillon 29cm Dès 3 ans","p":9.5,"img":"https://fd1-photos.leclercdrive.fr/image.ashx?id=2845218&use=l&cat=p&typeid=i","cat":334379},{"id":214326,"n":"Déodorant spray Dovd Grenade anti-transpirant 200ml","p":2.8,"u":"14,00 €/L","img":"https://fd1-photos.leclercdrive.fr/image.ashx?id=2987035&use=l&cat=p&typeid=i","cat":284595},{"id":214327,"n":"Déodorant Spray Dove Anti- Transpirant Beauty Finish 100ml","p":3.27,"u":"32,70 €/L","img":"https://fd1-photos.leclercdrive.fr/image.ashx?id=2987038&use=l&cat=p&typeid=i","cat":284595},{"id":214328,"n":"Déodorant Spray compressé Dove Anti-Transpirant Original 200ml","p":2.28,"u":"11,40 €/L","img":"https://fd1-photos.leclercdrive.fr/image.ashx?id=2877250&use=l&cat=p&typeid=i","cat":284595},{"id":214332,"n":"Chili Cheese Nuggets Pickers By McCain - 230g","p":3.37,"u":"14,65 €/KG","img":"https://fd1-photos.leclercdrive.fr/image.ashx?id=2958678&use=l&cat=p&typeid=i","cat":319822},{"id":214414,"n":"Vin Rosé Mousseux Demi-sec Café de Paris - 75cl","p":4.85,"u":"6,47 €/L","img":"https://fd1-photos.leclercdrive.fr/image.ashx?id=2914477&use=l&cat=p&typeid=i","cat":284544},{"id":214465,"n":"Côtes du Rhone Grande Cuvée 75cl","p":4.56,"u":"6,08 €/L","img":"https://fd1-photos.leclercdrive.fr/image.ashx?id=2590228&use=l&cat=p&typeid=i","cat":289556},{"id":214511,"n":"Saucisson Le Généreux Cochonou 365g","p":5.51,"u":"15,10 €/KG","img":"https://fd1-photos.leclercdrive.fr/image.ashx?id=2948938&use=l&cat=p&typeid=i","cat":316006},{"id":214514,"n":"Masque Nuxe Hair prodigieux - 125ml","p":24.9,"u":"199,20 €/L","img":"https://fd1-photos.leclercdrive.fr/image.ashx?id=2651564&use=l&cat=p&typeid=i","cat":290399},{"id":214519,"n":"Shampooing Nuxe Hair Prodigieux 200ml","p":13.5,"u":"67,50 €/L","img":"https://fd1-photos.leclercdrive.fr/image.ashx?id=2651567&use=l&cat=p&typeid=i","cat":290400},{"id":214523,"n":"Gel moussant Sebiaclear 400ml","p":9.53,"u":"23,83 €/L","img":"https://fd1-photos.leclercdrive.fr/image.ashx?id=2591288&use=l&cat=p&typeid=i","cat":301587},{"id":214524,"n":"Gommage nourrissant Nuxe Rêve de Miel - Corps - 175ml","p":17.9,"u":"102,29 €/L","img":"https://fd1-photos.leclercdrive.fr/image.ashx?id=2651501&use=l&cat=p&typeid=i","cat":301591},{"id":214527,"n":"Baume lèvre Nuxe Very rose - 15g","p":9.25,"u":"616,67 €/KG","img":"https://fd1-photos.leclercdrive.fr/image.ashx?id=2670740&use=l&cat=p&typeid=i","cat":291172},{"id":214558,"n":"Café en grains Bio Méo Espresso - 1kg","p":19.99,"u":"19,99 €/KG","img":"https://fd1-photos.leclercdrive.fr/image.ashx?id=2593980&use=l&cat=p&typeid=i","cat":293237},{"id":214569,"n":"Emincés de cuisse poulet kebab Le Gaulois - 180g","p":3.38,"u":"18,78 €/KG","img":"https://fd1-photos.leclercdrive.fr/image.ashx?id=2732713&use=l&cat=p&typeid=i","cat":284336},{"id":214591,"n":"Camion transporteur Kidway Dès 3 ans","p":19.9,"img":"https://fd1-photos.leclercdrive.fr/image.ashx?id=2593480&use=l&cat=p&typeid=i","cat":334382},{"id":214594,"n":"Garage voiture 2 niveaux Kidway Dès 3 ans","p":11.9,"img":"https://fd1-photos.leclercdrive.fr/image.ashx?id=2593483&use=l&cat=p&typeid=i","cat":334382},{"id":214595,"n":"Manon set docteur Kidway Dès 2 ans","p":12.9,"u":"Dont 0,10 € d'éco-part.","img":"https://fd1-photos.leclercdrive.fr/image.ashx?id=2593851&use=l&cat=p&typeid=i","cat":334379},{"id":214601,"n":"Pêche à la ligne Kidway 2 à 4 joueurs - Dès 3 ans","p":7.9,"u":"Dont 0,19 € d'éco-part.","img":"https://fd1-photos.leclercdrive.fr/image.ashx?id=2593842&use=l&cat=p&typeid=i","cat":334379},{"id":214612,"n":"Set imitation 1er âge Kidway Dès 1 an","p":14.9,"u":"Dont 0,10 € d'éco-part.","img":"https://fd1-photos.leclercdrive.fr/image.ashx?id=2593839&use=l&cat=p&typeid=i","cat":334378},{"id":214626,"n":"S.O.S Ouistiti Mattel Dès 5 ans","p":14.5,"img":"https://fd1-photos.leclercdrive.fr/image.ashx?id=2593393&use=l&cat=p&typeid=i","cat":334378},{"id":214648,"n":"Nouilles Banzai Noodle bœuf  cup - 67g","p":1.24,"u":"18,51 €/KG","img":"https://fd1-photos.leclercdrive.fr/image.ashx?id=2730001&use=l&cat=p&typeid=i","cat":288992},{"id":214762,"n":"Nouilles Banzai Noodle poulet  cup - 67g","p":1.23,"u":"18,36 €/KG","img":"https://fd1-photos.leclercdrive.fr/image.ashx?id=2730004&use=l&cat=p&typeid=i","cat":288992},{"id":214801,"n":"Croquettes petit chien   Pedigree à la volaille - 2kg","p":7.45,"u":"3,73 €/KG","img":"https://fd1-photos.leclercdrive.fr/image.ashx?id=2832323&use=l&cat=p&typeid=i","cat":294526},{"id":214808,"n":"Capsule Nescafé Dolce Gusto Neo  Espresso - x12","p":4.28,"pp":2.82,"u":"42,73 €/KG","img":"https://fd1-photos.leclercdrive.fr/image.ashx?id=2774709&use=l&cat=p&typeid=i","cat":293241},{"id":214809,"n":"Capsule Nescafé Dolce Gusto Neo  Lungo - x12","p":4.21,"pp":2.78,"u":"40,29 €/KG","img":"https://fd1-photos.leclercdrive.fr/image.ashx?id=2775041&use=l&cat=p&typeid=i","cat":293241},{"id":214810,"n":"Capsule Nescafé Dolce Gusto Neo  Grande - x12","p":4.32,"pp":2.85,"u":"33,93 €/KG","img":"https://fd1-photos.leclercdrive.fr/image.ashx?id=2947225&use=l&cat=p&typeid=i","cat":293241},{"id":214811,"n":"Capsule Nescafé Dolce Gusto Neo  Hot Chocolate - x12","p":4.33,"pp":2.86,"u":"13,24 €/KG","img":"https://fd1-photos.leclercdrive.fr/image.ashx?id=2927702&use=l&cat=p&typeid=i","cat":293241},{"id":214812,"n":"Capsule Nescafé Dolce Gusto Neo  Cappuccino - x6 - 122g","p":4.31,"pp":2.84,"u":"23,28 €/KG","img":"https://fd1-photos.leclercdrive.fr/image.ashx?id=2947228&use=l&cat=p&typeid=i","cat":293241},{"id":214814,"n":"Ail en semoule Ducro 335g","p":8.37,"u":"24,99 €/KG","img":"https://fd1-photos.leclercdrive.fr/image.ashx?id=2595665&use=l&cat=p&typeid=i","cat":298297},{"id":214904,"n":"IGP Côte de Gascogne vin blanc 75cl","p":4.8,"u":"6,40 €/L","img":"https://fd1-photos.leclercdrive.fr/image.ashx?id=2908009&use=l&cat=p&typeid=i","cat":289557},{"id":215016,"n":"Croutons nature Tipiak 220g","p":3.04,"u":"13,82 €/KG","img":"https://fd1-photos.leclercdrive.fr/image.ashx?id=2842061&use=l&cat=p&typeid=i","cat":284464},{"id":215017,"n":"Croutons ail Tipiak 220g","p":2.89,"u":"13,14 €/KG","img":"https://fd1-photos.leclercdrive.fr/image.ashx?id=2688872&use=l&cat=p&typeid=i","cat":284464},{"id":215089,"n":"Friandises chien Pedigree Rodeo bœuf fromage x7 - 123g","p":1.89,"u":"15,37 €/KG","img":"https://fd1-photos.leclercdrive.fr/image.ashx?id=2753277&use=l&cat=p&typeid=i","cat":294527},{"id":215124,"n":"Eclat de pistaches Vahiné  torréfiés - 50g","p":3.91,"u":"78,20 €/KG","img":"https://fd1-photos.leclercdrive.fr/image.ashx?id=2596603&use=l&cat=p&typeid=i","cat":284504},{"id":215125,"n":"Caramel Fudges Vahiné 70g","p":3.24,"u":"46,29 €/KG","img":"https://fd1-photos.leclercdrive.fr/image.ashx?id=2596868&use=l&cat=p&typeid=i","cat":284504},{"id":215126,"n":"Chocolat au lait chunks Vahiné 100g","p":2.72,"u":"27,20 €/KG","img":"https://fd1-photos.leclercdrive.fr/image.ashx?id=2596865&use=l&cat=p&typeid=i","cat":284504},{"id":215214,"n":"Brossettes Oral-B Pro Sensitive clean - x2","p":11.13,"u":"5,57 €/PRT","img":"https://fd1-photos.leclercdrive.fr/image.ashx?id=2909254&use=l&cat=p&typeid=i","cat":297133},{"id":215215,"n":"Rasoir électrique Wilkinson Intuition Bikini - x1","p":14.34,"img":"https://fd1-photos.leclercdrive.fr/image.ashx?id=2597531&use=l&cat=p&typeid=i","cat":325352},{"id":215216,"n":"Lames rasoir Wilkinson Intuition - 2 en 1 - 3 lames","p":8.88,"u":"2,96 €/P","img":"https://fd1-photos.leclercdrive.fr/image.ashx?id=2849427&use=l&cat=p&typeid=i","cat":325352},{"id":215228,"n":"Melange garam masala Ducros 40g","p":3.37,"u":"84,25 €/KG","img":"https://fd1-photos.leclercdrive.fr/image.ashx?id=2597384&use=l&cat=p&typeid=i","cat":298297},{"id":215278,"n":"Bonbons Copains Copines Bouée bi-goût acide - 250 g","p":1.59,"u":"6,36 €/KG","img":"https://fd1-photos.leclercdrive.fr/image.ashx?id=2934763&use=l&cat=p&typeid=i","cat":304250},{"id":215281,"n":"Bonbons Copains Copines Soda fruit acide - 200 g","p":1.19,"u":"5,95 €/KG","img":"https://fd1-photos.leclercdrive.fr/image.ashx?id=2934766&use=l&cat=p&typeid=i","cat":304250},{"id":215282,"n":"Bonbons Copains Copines Unicone - 200 g","p":1.29,"u":"6,45 €/KG","img":"https://fd1-photos.leclercdrive.fr/image.ashx?id=2934769&use=l&cat=p&typeid=i","cat":304250},{"id":215294,"n":"Gel nettoyant Nivea Fraîcheur - 150ml","p":4.35,"u":"29,00 €/L","img":"https://fd1-photos.leclercdrive.fr/image.ashx?id=2597513&use=l&cat=p&typeid=i","cat":284603},{"id":215307,"n":"Eau micellaire Expert Nivea  Démaquillant - 400ml","p":3.35,"u":"8,38 €/L","img":"https://fd1-photos.leclercdrive.fr/image.ashx?id=2597528&use=l&cat=p&typeid=i","cat":284603},{"id":215311,"n":"P'tit biscuit Nestlé 180g","p":2.08,"u":"11,56 €/KG","img":"https://fd1-photos.leclercdrive.fr/image.ashx?id=2737225&use=l&cat=p&typeid=i","cat":312227},{"id":215377,"n":"Fromage Persillée Bresse Bleu Le véritable - 200g","p":2.78,"u":"13,90 €/KG","img":"https://fd1-photos.leclercdrive.fr/image.ashx?id=2927486&use=l&cat=p&typeid=i","cat":314032},{"id":215379,"n":"Sérum Visage Anti-âge Nivea Anti-taches Luminous - 30ml","p":16.51,"u":"550,33 €/L","img":"https://fd1-photos.leclercdrive.fr/image.ashx?id=2985492&use=l&cat=p&typeid=i","cat":325345},{"id":215581,"n":"Bouchées chocolats mon chéri  x30 - 315g","p":8.76,"u":"27,81 €/KG","img":"https://fd1-photos.leclercdrive.fr/image.ashx?id=2952923&use=l&cat=p&typeid=i","cat":327601},{"id":215599,"n":"Chocolat Ferrero collection Boite de 15 pièces - 172g","p":7.59,"u":"44,13 €/KG","img":"https://fd1-photos.leclercdrive.fr/image.ashx?id=2871178&use=l&cat=p&typeid=i","cat":327595},{"id":215600,"n":"Boîte Ferrero collection  42 pièces - 431g","p":16.65,"u":"38,63 €/KG","img":"https://fd1-photos.leclercdrive.fr/image.ashx?id=2899752&use=l&cat=p&typeid=i","cat":327595},{"id":215602,"n":"Schoko-bons white Kinder ballotin 380g","p":9.95,"u":"26,18 €/KG","img":"https://fd1-photos.leclercdrive.fr/image.ashx?id=2917061&use=l&cat=p&typeid=i","cat":327592},{"id":215716,"n":"Père Noël blanc Milka 90g","p":3.69,"u":"41,00 €/KG","img":"https://fd1-photos.leclercdrive.fr/image.ashx?id=2599946&use=l&cat=p&typeid=i","cat":327592},{"id":215890,"n":"Piles alcalines Varta V23GA - x2","p":4.0,"u":"2,00 €/P","img":"https://fd1-photos.leclercdrive.fr/image.ashx?id=2600770&use=l&cat=p&typeid=i","cat":300572},{"id":215910,"n":"Bain de bouche Expert Dentamyl Blanche - 500ml","p":1.97,"u":"3,94 €/L","img":"https://fd1-photos.leclercdrive.fr/image.ashx?id=2600627&use=l&cat=p&typeid=i","cat":284613},{"id":215917,"n":"Liquide de Rinçage Finish  800ml","p":4.58,"u":"5,73 €/L","img":"https://fd1-photos.leclercdrive.fr/image.ashx?id=2864678&use=l&cat=p&typeid=i","cat":284657},{"id":215951,"n":"Film étirable Alfapac Vegetal origin - 40m","p":2.1,"img":"https://fd1-photos.leclercdrive.fr/image.ashx?id=2986353&use=l&cat=p&typeid=i","cat":285194},{"id":216007,"n":"Petits pots bébé P'TIT SOUPER Quinotto carottes 8M+ - 2x200g","p":2.14,"u":"5,35 €/KG","img":"https://fd1-photos.leclercdrive.fr/image.ashx?id=2737762&use=l&cat=p&typeid=i","cat":312239},{"id":216014,"n":"Feta bio Bio Village 150g","p":2.49,"u":"16,60 €/KG","img":"https://fd1-photos.leclercdrive.fr/image.ashx?id=2615813&use=l&cat=p&typeid=i","cat":314026},{"id":216018,"n":"Desserts Lactés P'TIT BRASSE BIO Vanille  6M+ - 4X90g","p":2.18,"u":"6,06 €/KG","img":"https://fd1-photos.leclercdrive.fr/image.ashx?id=2601208&use=l&cat=p&typeid=i","cat":312392},{"id":216021,"n":"Desserts Lactés P'TIT ONCTUEUX  Mini Fraise 6M+ - 6x50g","p":2.29,"u":"7,63 €/KG","img":"https://fd1-photos.leclercdrive.fr/image.ashx?id=2601881&use=l&cat=p&typeid=i","cat":312392},{"id":216072,"n":"Beurre Président Demi-sel - 60% MG - 200g","p":1.74,"u":"8,70 €/KG","img":"https://fd1-photos.leclercdrive.fr/image.ashx?id=2841265&use=l&cat=p&typeid=i","cat":284379},{"id":216093,"n":"Chips Tortilla Doritos Goût barbecue style - 160g","p":1.89,"u":"11,81 €/KG","img":"https://fd1-photos.leclercdrive.fr/image.ashx?id=2880718&use=l&cat=p&typeid=i","cat":287899},{"id":216094,"n":"Lait bébé en poudre Blédilait croissance 1-3 ans 1,2kg","p":13.69,"u":"11,41 €/KG","img":"https://fd1-photos.leclercdrive.fr/image.ashx?id=2608157&use=l&cat=p&typeid=i","cat":290219},{"id":216095,"n":"Chips Tortilla Doritos Goût nacho cheese - 160g","p":1.55,"u":"9,69 €/KG","img":"https://fd1-photos.leclercdrive.fr/image.ashx?id=2990478&use=l&cat=p&typeid=i","cat":287899},{"id":216096,"n":"Chips Tortilla Doritos Goût Nature Sel - 160g","p":1.89,"u":"11,81 €/KG","img":"https://fd1-photos.leclercdrive.fr/image.ashx?id=2880715&use=l&cat=p&typeid=i","cat":287899},{"id":216097,"n":"Chips Tortilla Doritos Goût paprika - 160g","p":1.91,"u":"11,94 €/KG","img":"https://fd1-photos.leclercdrive.fr/image.ashx?id=2890091&use=l&cat=p&typeid=i","cat":287899},{"id":216098,"n":"Chips Tortilla Doritos Goût sweet chili - 160g","p":1.84,"u":"11,50 €/KG","img":"https://fd1-photos.leclercdrive.fr/image.ashx?id=2990475&use=l&cat=p&typeid=i","cat":287899},{"id":216099,"n":"Chips Tortilla Doritos Goût sour cream - 160g","p":1.96,"u":"12,25 €/KG","img":"https://fd1-photos.leclercdrive.fr/image.ashx?id=2890088&use=l&cat=p&typeid=i","cat":287899},{"id":216114,"n":"Yaourt Fruits Panier de Yoplait Abricot Nectarine - 4x125g","p":1.59,"u":"3,18 €/KG","img":"https://fd1-photos.leclercdrive.fr/image.ashx?id=2884474&use=l&cat=p&typeid=i","cat":284410},{"id":216119,"n":"Yaourt Panier de Yoplait Fruits Jaunes - 8x125g","p":2.75,"u":"2,75 €/KG","img":"https://fd1-photos.leclercdrive.fr/image.ashx?id=2811965&use=l&cat=p&typeid=i","cat":284410},{"id":216120,"n":"Yaourt Fruits Panier de Yoplait Fraise Framboise Cerise -8x125g","p":2.75,"u":"2,75 €/KG","img":"https://fd1-photos.leclercdrive.fr/image.ashx?id=2811968&use=l&cat=p&typeid=i","cat":284410},{"id":216123,"n":"Yaourt Fruits Panier de Yoplait Panaché - 16x125g","p":4.63,"u":"2,32 €/KG","img":"https://fd1-photos.leclercdrive.fr/image.ashx?id=2884489&use=l&cat=p&typeid=i","cat":284410},{"id":216128,"n":"Yaourt Fruits Panier de Yoplait Panaché 0%Mg - 16x125g","p":4.33,"u":"2,17 €/KG","img":"https://fd1-photos.leclercdrive.fr/image.ashx?id=2884495&use=l&cat=p&typeid=i","cat":284410},{"id":216182,"n":"Répertoire Esquisse 180pages Rouge Spirale - 5X5 - 11x17cm","p":2.79,"img":"https://fd1-photos.leclercdrive.fr/image.ashx?id=2603148&use=l&cat=p&typeid=i","cat":284697},{"id":216303,"n":"Riz Méditerranée Ben's original  Express 2mn - 220g","p":1.32,"u":"5,28 €/KG","img":"https://fd1-photos.leclercdrive.fr/image.ashx?id=2995301&use=l&cat=p&typeid=i","cat":287600},{"id":216350,"n":"Émincés de porc au curry L'Atelier Boucherie - 300g","p":4.59,"u":"15,30 €/KG","img":"https://fd1-photos.leclercdrive.fr/image.ashx?id=2854279&use=l&cat=p&typeid=i","cat":284331},{"id":216351,"n":"Émincés de porc Cacahuète L'Atelier Boucherie - 300g","p":4.59,"u":"15,30 €/KG","img":"https://fd1-photos.leclercdrive.fr/image.ashx?id=2854291&use=l&cat=p&typeid=i","cat":284331},{"id":216352,"n":"Émincés de porc thaï L'Atelier Boucherie - 300g","p":4.59,"u":"15,30 €/KG","img":"https://fd1-photos.leclercdrive.fr/image.ashx?id=2854294&use=l&cat=p&typeid=i","cat":284331},{"id":216353,"n":"Émincés de porc caramel L'Atelier Boucherie - 300g","p":4.59,"u":"15,30 €/KG","img":"https://fd1-photos.leclercdrive.fr/image.ashx?id=2854297&use=l&cat=p&typeid=i","cat":284331},{"id":216378,"n":"Dessert Lacté P'TIT BRASSE Mini BIO Pomme Poire SSA 4M+ - 6x50g","p":3.1,"u":"10,33 €/KG","img":"https://fd1-photos.leclercdrive.fr/image.ashx?id=2651726&use=l&cat=p&typeid=i","cat":312392},{"id":216381,"n":"Émincés de boeuf Tex-Mex L'Atelier Boucherie - 200g","p":4.79,"u":"23,95 €/KG","img":"https://fd1-photos.leclercdrive.fr/image.ashx?id=2854282&use=l&cat=p&typeid=i","cat":284328},{"id":216382,"n":"Desserts Lactés P'TIT ONCTUEUX Mini Abricot 6M+ - 6x50g","p":2.39,"u":"7,97 €/KG","img":"https://fd1-photos.leclercdrive.fr/image.ashx?id=2606451&use=l&cat=p&typeid=i","cat":312392},{"id":216383,"n":"Émincés de boeuf chinois L'Atelier Boucherie - 200g","p":4.79,"u":"23,95 €/KG","img":"https://fd1-photos.leclercdrive.fr/image.ashx?id=2854288&use=l&cat=p&typeid=i","cat":284328},{"id":216464,"n":"Tablette de chocolat Poulain Blanc biscuit - 195g","p":3.47,"u":"18,26 €/KG","img":"https://fd1-photos.leclercdrive.fr/image.ashx?id=2607125&use=l&cat=p&typeid=i","cat":284957},{"id":216465,"n":"Gâteaux P'tit moelleux Savane 135g","p":1.49,"u":"11,04 €/KG","img":"https://fd1-photos.leclercdrive.fr/image.ashx?id=2881458&use=l&cat=p&typeid=i","cat":284495},{"id":216474,"n":"Infusion La Tisanière Bio - menthe & citron vert 30g","p":2.96,"u":"98,67 €/KG","img":"https://fd1-photos.leclercdrive.fr/image.ashx?id=2606906&use=l&cat=p&typeid=i","cat":293234},{"id":216480,"n":"Infusion La Tisanière  Bio fruits rouges  Hibiscus 32g","p":2.75,"u":"85,94 €/KG","img":"https://fd1-photos.leclercdrive.fr/image.ashx?id=2606903&use=l&cat=p&typeid=i","cat":293234},{"id":216596,"n":"Pâte à tartiner Andros be nuts Cacahuète croquant - 325g","p":3.17,"u":"9,75 €/KG","img":"https://fd1-photos.leclercdrive.fr/image.ashx?id=2906484&use=l&cat=p&typeid=i","cat":284481},{"id":216597,"n":"Pâte à tartiner Andros be nuts Cacahuète crémeux - 325g","p":3.17,"u":"9,75 €/KG","img":"https://fd1-photos.leclercdrive.fr/image.ashx?id=2916201&use=l&cat=p&typeid=i","cat":284481},{"id":216629,"n":"Soda Twist Pik Haribo Sachet bonbons acidulés - 190g","p":1.95,"u":"10,26 €/KG","img":"https://fd1-photos.leclercdrive.fr/image.ashx?id=2984958&use=l&cat=p&typeid=i","cat":304250},{"id":216772,"n":"Desserts Lactés P'TIT ONCTUEUX Pomme 6M+ - 4x90g","p":1.99,"u":"5,53 €/KG","img":"https://fd1-photos.leclercdrive.fr/image.ashx?id=2737765&use=l&cat=p&typeid=i","cat":312392},{"id":216808,"n":"Freixenet Carta Blanca Cava Blanc - 75 cl","p":5.8,"u":"7,73 €/L","img":"https://fd1-photos.leclercdrive.fr/image.ashx?id=2902840&use=l&cat=p&typeid=i","cat":284544},{"id":216999,"n":"Pétales céréales Grainea Nature - 750g","p":2.99,"u":"3,99 €/KG","img":"https://fd1-photos.leclercdrive.fr/image.ashx?id=2609438&use=l&cat=p&typeid=i","cat":309512},{"id":217003,"n":"Céréales coco pops Kellogg's Au chocolat - 550g","p":3.82,"u":"6,95 €/KG","img":"https://fd1-photos.leclercdrive.fr/image.ashx?id=2611080&use=l&cat=p&typeid=i","cat":309513},{"id":217145,"n":"Rhum Don Papa Baroko  40% vol. - 70cl","p":36.9,"u":"52,71 €/L","img":"https://fd1-photos.leclercdrive.fr/image.ashx?id=2654017&use=l&cat=p&typeid=i","cat":284550},{"id":217256,"n":"Champignons de Paris blancs Panier du Primeur - 400g","p":2.39,"u":"5,98 €/KG","img":"https://fd1-photos.leclercdrive.fr/image.ashx?id=2610765&use=l&cat=p&typeid=i","cat":284352},{"id":217401,"n":"Crème mains La Roche-Posay Cicaplast - 100ml","p":8.9,"u":"89,00 €/L","img":"https://fd1-photos.leclercdrive.fr/image.ashx?id=2613477&use=l&cat=p&typeid=i","cat":290424},{"id":217402,"n":"Baume B5 La Roche-Posay Cicaplast - 15ml","p":4.99,"u":"332,67 €/L","img":"https://fd1-photos.leclercdrive.fr/image.ashx?id=2613480&use=l&cat=p&typeid=i","cat":290421},{"id":217403,"n":"Baume B5+ La Roche-Posay Cicaplast - 40ml","p":6.98,"u":"174,50 €/L","img":"https://fd1-photos.leclercdrive.fr/image.ashx?id=2846006&use=l&cat=p&typeid=i","cat":290421},{"id":217405,"n":"Pansements ampoules Compeed Talon - Sport - x5","p":7.99,"u":"1,60 €/P","img":"https://fd1-photos.leclercdrive.fr/image.ashx?id=2612679&use=l&cat=p&typeid=i","cat":291163},{"id":217406,"n":"Pansements ampoules Compeed Moyen format - x10","p":11.5,"u":"1,15 €/P","img":"https://fd1-photos.leclercdrive.fr/image.ashx?id=2612706&use=l&cat=p&typeid=i","cat":291163},{"id":217408,"n":"Gel douche Atoderm Bioderma Eco-recharge - 1L","p":8.1,"u":"8,10 €/L","img":"https://fd1-photos.leclercdrive.fr/image.ashx?id=2613591&use=l&cat=p&typeid=i","cat":301591},{"id":217414,"n":"Baume lèvres Avène Eau thermale Réparateur - Cicalfate + - 10ml","p":7.41,"u":"741,00 €/L","img":"https://fd1-photos.leclercdrive.fr/image.ashx?id=2613447&use=l&cat=p&typeid=i","cat":291172},{"id":217417,"n":"Eau micellaire Avène Cleanance - 400ml","p":10.2,"u":"25,50 €/L","img":"https://fd1-photos.leclercdrive.fr/image.ashx?id=2613453&use=l&cat=p&typeid=i","cat":301587},{"id":217421,"n":"Soin Effaclar La Roche-Posay Duo + - 40ml","p":14.3,"u":"357,50 €/L","img":"https://fd1-photos.leclercdrive.fr/image.ashx?id=2613486&use=l&cat=p&typeid=i","cat":291166},{"id":217426,"n":"Pansements Elastoplast Flexibles - 2 formats - x20","p":2.71,"u":"0,14 €/P","img":"https://fd1-photos.leclercdrive.fr/image.ashx?id=2612751&use=l&cat=p&typeid=i","cat":291163},{"id":217434,"n":"Sparadrap Elastoplast Classic - 5mx2,5cm","p":2.49,"img":"https://fd1-photos.leclercdrive.fr/image.ashx?id=2613612&use=l&cat=p&typeid=i","cat":291163},{"id":217447,"n":"Gel douche surgras Neutraderm Dermo-protect - 1L","p":7.37,"u":"7,37 €/L","img":"https://fd1-photos.leclercdrive.fr/image.ashx?id=2886828&use=l&cat=p&typeid=i","cat":301591},{"id":217454,"n":"Gel vaginal Replens Hydratant - x8 - 2018","p":10.4,"u":"1,30 €/P","img":"https://fd1-photos.leclercdrive.fr/image.ashx?id=2612655&use=l&cat=p&typeid=i","cat":301348},{"id":217457,"n":"Patchs invisibles Compeed Bouton de fièvre - x15","p":9.5,"u":"0,63 €/P","img":"https://fd1-photos.leclercdrive.fr/image.ashx?id=2613582&use=l&cat=p&typeid=i","cat":291172},{"id":217460,"n":"Shampooing Bioderma Nodé P - Apaisant - 400ml","p":8.49,"u":"21,23 €/L","img":"https://fd1-photos.leclercdrive.fr/image.ashx?id=2612742&use=l&cat=p&typeid=i","cat":290400},{"id":217465,"n":"Gelules ArkoLevure 250mg - x30","p":9.5,"u":"0,32 €/P","img":"https://fd1-photos.leclercdrive.fr/image.ashx?id=2613504&use=l&cat=p&typeid=i","cat":301268},{"id":217468,"n":"Complément alimentaire Supraflor - x30","p":13.39,"u":"0,45 €/P","img":"https://fd1-photos.leclercdrive.fr/image.ashx?id=2613510&use=l&cat=p&typeid=i","cat":301268},{"id":217470,"n":"Parmentier de canard confit Fleury Michon - 300g","p":3.13,"u":"10,43 €/KG","img":"https://fd1-photos.leclercdrive.fr/image.ashx?id=3003257&use=l&cat=p&typeid=i","cat":333665},{"id":217572,"n":"Complément alimentaire Chondrostéo+ - 3x90","p":24.37,"u":"0,09 €/P","img":"https://fd1-photos.leclercdrive.fr/image.ashx?id=3002114&use=l&cat=p&typeid=i","cat":301268},{"id":217579,"n":"Complément alimentaire Cys- Control - Fort - x10","p":14.44,"u":"1,44 €/P","img":"https://fd1-photos.leclercdrive.fr/image.ashx?id=2886172&use=l&cat=p&typeid=i","cat":301268},{"id":217584,"n":"Complément alimentaire Arkorelax - Moral+ - x60","p":24.4,"u":"0,41 €/P","img":"https://fd1-photos.leclercdrive.fr/image.ashx?id=2614185&use=l&cat=p&typeid=i","cat":301268},{"id":217613,"n":"Café en grain Plantation Ethiopie - 500g","p":7.99,"u":"15,98 €/KG","img":"https://fd1-photos.leclercdrive.fr/image.ashx?id=2824310&use=l&cat=p&typeid=i","cat":293237},{"id":217614,"n":"Chips  Bugles 3D Lay's Format familiale - 150g","p":1.37,"u":"9,13 €/KG","img":"https://fd1-photos.leclercdrive.fr/image.ashx?id=2917420&use=l&cat=p&typeid=i","cat":284449},{"id":217618,"n":"Velouté bio Jardin Bio Potiron patate douce 1L","p":3.1,"u":"3,10 €/L","img":"https://fd1-photos.leclercdrive.fr/image.ashx?id=2615077&use=l&cat=p&typeid=i","cat":284462},{"id":217622,"n":"Concassé de tomates bio Jardin Bio - 400g","p":1.29,"u":"3,23 €/KG","img":"https://fd1-photos.leclercdrive.fr/image.ashx?id=2615071&use=l&cat=p&typeid=i","cat":288384},{"id":217905,"n":"Petits pots bébé P'TITE RECETTE BIO Carottes bœuf 12M+ - 2x190g","p":3.0,"u":"7,89 €/KG","img":"https://fd1-photos.leclercdrive.fr/image.ashx?id=2615774&use=l&cat=p&typeid=i","cat":312237},{"id":217907,"n":"Mix croquant Tramier Natura 175g","p":3.96,"u":"22,63 €/KG","img":"https://fd1-photos.leclercdrive.fr/image.ashx?id=2985624&use=l&cat=p&typeid=i","cat":284357},{"id":217912,"n":"Pistaches  Tramier Natura Grillées - 160g","p":3.99,"u":"24,94 €/KG","img":"https://fd1-photos.leclercdrive.fr/image.ashx?id=2948510&use=l&cat=p&typeid=i","cat":284448},{"id":217914,"n":"Noix de cajou Tramier Natura 160g","p":3.99,"u":"24,94 €/KG","img":"https://fd1-photos.leclercdrive.fr/image.ashx?id=2948507&use=l&cat=p&typeid=i","cat":284448},{"id":217946,"n":"Détachant textile Texil Multi-usage - 500g","p":2.8,"u":"5,60 €/KG","img":"https://fd1-photos.leclercdrive.fr/image.ashx?id=2988132&use=l&cat=p&typeid=i","cat":284651},{"id":217952,"n":"Rouge à lèvres L'Oréal Paris Color Riche 303 - Rose tendre","p":12.59,"img":"https://fd1-photos.leclercdrive.fr/image.ashx?id=3014434&use=l&cat=p&typeid=i","cat":287029},{"id":217982,"n":"Dentifrice Integral 8 Signal Complet Effet Prébiotique 75ml","p":1.72,"u":"22,93 €/L","img":"https://fd1-photos.leclercdrive.fr/image.ashx?id=2974665&use=l&cat=p&typeid=i","cat":284612},{"id":217987,"n":"Dentifrice Signal Integral 8 Prébiotique complet - 100ml","p":2.5,"u":"25,00 €/L","img":"https://fd1-photos.leclercdrive.fr/image.ashx?id=2738668&use=l&cat=p&typeid=i","cat":284612},{"id":217991,"n":"Dentifrice Signal Integral 8 Nettoyage intense - 75ml","p":2.39,"u":"31,87 €/L","img":"https://fd1-photos.leclercdrive.fr/image.ashx?id=2818190&use=l&cat=p&typeid=i","cat":284612},{"id":217993,"n":"Dentifrice Integral 8 Signal Blancheur Prébiotique 75ml","p":1.56,"u":"20,80 €/L","img":"https://fd1-photos.leclercdrive.fr/image.ashx?id=2974668&use=l&cat=p&typeid=i","cat":284612},{"id":217995,"n":"Dentifrice Signal Integral 8 Resist +Prébiotique - 75ml","p":2.89,"u":"38,53 €/L","img":"https://fd1-photos.leclercdrive.fr/image.ashx?id=2818199&use=l&cat=p&typeid=i","cat":284612},{"id":218000,"n":"Dentifrice Signal Système Blancheur 1 semaine - 75ml","p":1.77,"u":"23,60 €/L","img":"https://fd1-photos.leclercdrive.fr/image.ashx?id=2777516&use=l&cat=p&typeid=i","cat":284612},{"id":218002,"n":"Dentifrice Signal Système Blancheur Eclat brillance 75ml","p":2.28,"u":"30,40 €/L","img":"https://fd1-photos.leclercdrive.fr/image.ashx?id=2981424&use=l&cat=p&typeid=i","cat":284612},{"id":218003,"n":"Brosse à dents Signal Integral  8 - Noir - Souple - x1","p":1.8,"img":"https://fd1-photos.leclercdrive.fr/image.ashx?id=2748707&use=l&cat=p&typeid=i","cat":284614},{"id":218051,"n":"Soupe japonaise Maggi 50g","p":1.12,"u":"22,40 €/KG","img":"https://fd1-photos.leclercdrive.fr/image.ashx?id=2737768&use=l&cat=p&typeid=i","cat":288992},{"id":218055,"n":"Soupe vietnamienne Maggi 40g","p":1.11,"u":"27,75 €/KG","img":"https://fd1-photos.leclercdrive.fr/image.ashx?id=2838078&use=l&cat=p&typeid=i","cat":288992},{"id":218154,"n":"Vodka Absolut  Watermelon - 38% vol. 70cl","p":17.81,"u":"25,44 €/L","img":"https://fd1-photos.leclercdrive.fr/image.ashx?id=2645687&use=l&cat=p&typeid=i","cat":284550},{"id":218216,"n":"Bonbon surfizz Lutti cola - 200g","p":1.61,"u":"8,05 €/KG","img":"https://fd1-photos.leclercdrive.fr/image.ashx?id=2817446&use=l&cat=p&typeid=i","cat":304250},{"id":218226,"n":"Assaisonnement Viandox Knorr 665ml","p":5.36,"u":"8,06 €/L","img":"https://fd1-photos.leclercdrive.fr/image.ashx?id=2729935&use=l&cat=p&typeid=i","cat":288383},{"id":218231,"n":"Bonbons Krema Fruits rouges - 240g","p":2.12,"u":"8,83 €/KG","img":"https://fd1-photos.leclercdrive.fr/image.ashx?id=2618047&use=l&cat=p&typeid=i","cat":304250},{"id":218251,"n":"Bonbons Dooo & Fizz Lutti 450g","p":4.91,"u":"10,91 €/KG","img":"https://fd1-photos.leclercdrive.fr/image.ashx?id=2964459&use=l&cat=p&typeid=i","cat":304250},{"id":218305,"n":"Saucisses de Montbéliard IGP NRT - 500g","p":5.99,"u":"11,98 €/KG","img":"https://fd1-photos.leclercdrive.fr/image.ashx?id=2991509&use=l&cat=p&typeid=i","cat":316012},{"id":218310,"n":"Saumon fumé Delpeyrat Norvège 10 tranches - 300g","p":11.98,"u":"39,93 €/KG","img":"https://fd1-photos.leclercdrive.fr/image.ashx?id=2923540&use=l&cat=p&typeid=i","cat":285188},{"id":218316,"n":"Infusion La Tisanière  verveine menthe - 24g","p":2.9,"u":"120,83 €/KG","img":"https://fd1-photos.leclercdrive.fr/image.ashx?id=2881293&use=l&cat=p&typeid=i","cat":293234},{"id":218331,"n":"Saumon fumé Petit Navire Écosse 10 tranches - 290g","p":10.7,"u":"36,90 €/KG","img":"https://fd1-photos.leclercdrive.fr/image.ashx?id=2950495&use=l&cat=p&typeid=i","cat":285188},{"id":218402,"n":"Badiane Ducros 25g","p":2.17,"u":"86,80 €/KG","img":"https://fd1-photos.leclercdrive.fr/image.ashx?id=2618891&use=l&cat=p&typeid=i","cat":298297},{"id":218407,"n":"Melange pour curry Ducros 20g","p":1.57,"u":"78,50 €/KG","img":"https://fd1-photos.leclercdrive.fr/image.ashx?id=2618888&use=l&cat=p&typeid=i","cat":298297},{"id":218423,"n":"Burrata di Bufala Les Croisés - 125g","p":2.91,"u":"23,28 €/KG","img":"https://fd1-photos.leclercdrive.fr/image.ashx?id=3009529&use=l&cat=p&typeid=i","cat":314026},{"id":218560,"n":"Tortillas Old El Paso de blé  nature familial x12 - 489g","p":3.35,"u":"0,28 €/P","img":"https://fd1-photos.leclercdrive.fr/image.ashx?id=2737669&use=l&cat=p&typeid=i","cat":288993},{"id":218563,"n":"Sauce Tomates Cuisinées Panzani - 650G","p":2.16,"u":"3,32 €/KG","img":"https://fd1-photos.leclercdrive.fr/image.ashx?id=2977936&use=l&cat=p&typeid=i","cat":287599},{"id":218579,"n":"Gaufres de Liège 180G / 4x1P - LOTUS","p":1.59,"u":"8,83 €/KG","img":"https://fd1-photos.leclercdrive.fr/image.ashx?id=2657592&use=l&cat=p&typeid=i","cat":294777},{"id":218582,"n":"Biscuits Tentation Delacre Chocolat Boîte - 150g","p":2.1,"u":"14,00 €/KG","img":"https://fd1-photos.leclercdrive.fr/image.ashx?id=2673142&use=l&cat=p&typeid=i","cat":284490},{"id":218584,"n":"Curry madras 45G - DUCROS","p":1.44,"u":"32,00 €/KG","img":"https://fd1-photos.leclercdrive.fr/image.ashx?id=2620131&use=l&cat=p&typeid=i","cat":298297},{"id":218586,"n":"Curry korma 42G- DUCROS","p":1.69,"u":"40,24 €/KG","img":"https://fd1-photos.leclercdrive.fr/image.ashx?id=2620134&use=l&cat=p&typeid=i","cat":298297},{"id":218792,"n":"Sachet Père Noël et attaches Rohan - 175g","p":4.89,"u":"27,94 €/KG","img":"https://fd1-photos.leclercdrive.fr/image.ashx?id=2622594&use=l&cat=p&typeid=i","cat":327592},{"id":218804,"n":"Croquettes chat Perfect Fit Boeuf Stérilisés Adulte 1.4kg","p":6.85,"u":"4,89 €/KG","img":"https://fd1-photos.leclercdrive.fr/image.ashx?id=2622792&use=l&cat=p&typeid=i","cat":284680},{"id":218807,"n":"Croquettes chat Perfect Fit Poulet stérilisés - 1.4kg","p":6.3,"u":"4,50 €/KG","img":"https://fd1-photos.leclercdrive.fr/image.ashx?id=2622795&use=l&cat=p&typeid=i","cat":284680},{"id":218819,"n":"Croquettes chat sénior Perfect  Fit 7+ au poulet - 1,4kg","p":6.59,"u":"4,71 €/KG","img":"https://fd1-photos.leclercdrive.fr/image.ashx?id=2624332&use=l&cat=p&typeid=i","cat":284680},{"id":218831,"n":"Saumon fumé Delpeyrat Écosse 12 tranches - 330g","p":12.43,"u":"37,67 €/KG","img":"https://fd1-photos.leclercdrive.fr/image.ashx?id=2755348&use=l&cat=p&typeid=i","cat":285188},{"id":218833,"n":"Saumon fumé Delpeyrat Norvège - 12 tranches - 360g","p":12.43,"u":"34,53 €/KG","img":"https://fd1-photos.leclercdrive.fr/image.ashx?id=2755345&use=l&cat=p&typeid=i","cat":285188},{"id":218861,"n":"Knacki Original Herta Sans nitrite x10 - 350g","p":3.29,"u":"9,40 €/KG","img":"https://fd1-photos.leclercdrive.fr/image.ashx?id=2684958&use=l&cat=p&typeid=i","cat":316012},{"id":218862,"n":"Knacki Original Herta x20 - 700g","p":3.35,"u":"4,79 €/KG","img":"https://fd1-photos.leclercdrive.fr/image.ashx?id=2688848&use=l&cat=p&typeid=i","cat":316012},{"id":218863,"n":"Bacon fumé Herta Sans nitrite x10 - 120g","p":2.38,"u":"19,83 €/KG","img":"https://fd1-photos.leclercdrive.fr/image.ashx?id=2876248&use=l&cat=p&typeid=i","cat":316011},{"id":219068,"n":"Thym Ducros 35g","p":1.79,"u":"51,14 €/KG","img":"https://fd1-photos.leclercdrive.fr/image.ashx?id=2624589&use=l&cat=p&typeid=i","cat":298297},{"id":219069,"n":"Sauce Pesto Barilla Alla Calabrese - 190g","p":2.4,"u":"12,63 €/KG","img":"https://fd1-photos.leclercdrive.fr/image.ashx?id=2624751&use=l&cat=p&typeid=i","cat":287599},{"id":219070,"n":"Poivre saveur & épices 40g","p":2.59,"u":"64,75 €/KG","img":"https://fd1-photos.leclercdrive.fr/image.ashx?id=2624592&use=l&cat=p&typeid=i","cat":284457},{"id":219084,"n":"Noisettes rondes 1kg","p":9.99,"u":"9,99 €/KG","img":"https://fd1-photos.leclercdrive.fr/image.ashx?id=655539&use=l&cat=p&typeid=i","cat":284357},{"id":219125,"n":"Liquide vaisselle Uni Vert Ecologique - Rose - 500ml","p":1.25,"u":"2,50 €/L","img":"https://fd1-photos.leclercdrive.fr/image.ashx?id=2999520&use=l&cat=p&typeid=i","cat":284655},{"id":219283,"n":"Granola extra cookie Chocolat - 6x184g","p":10.5,"pp":7.35,"u":"6,66 €/KG","img":"https://fd1-photos.leclercdrive.fr/image.ashx?id=2629719&use=l&cat=p&typeid=i","cat":284488},{"id":219595,"n":"Champignons forestiers 250g","p":3.99,"u":"15,96 €/KG","img":"https://fd1-photos.leclercdrive.fr/image.ashx?id=2626351&use=l&cat=p&typeid=i","cat":284352},{"id":219601,"n":"Petits pains grillés Pasquier Blé complet - 225g","p":1.49,"u":"6,62 €/KG","img":"https://fd1-photos.leclercdrive.fr/image.ashx?id=2834452&use=l&cat=p&typeid=i","cat":284479},{"id":219602,"n":"Petits pains grillés Pasquier Froment - 225g","p":1.49,"u":"6,62 €/KG","img":"https://fd1-photos.leclercdrive.fr/image.ashx?id=2834455&use=l&cat=p&typeid=i","cat":284479},{"id":219722,"n":"Bloc de foie gras de canard Pierre de Chaumeyrac - 300g","p":16.9,"u":"56,33 €/KG","img":"https://fd1-photos.leclercdrive.fr/image.ashx?id=2804341&use=l&cat=p&typeid=i","cat":316008},{"id":220127,"n":"Muesli chia sans gluten bio  Terres et Céréales - 500g","p":4.23,"u":"8,46 €/KG","img":"https://fd1-photos.leclercdrive.fr/image.ashx?id=2634148&use=l&cat=p&typeid=i","cat":309512},{"id":220155,"n":"Salade frisée 1p","p":2.95,"img":"https://fd1-photos.leclercdrive.fr/image.ashx?id=1631221&use=l&cat=p&typeid=i","cat":284352},{"id":220213,"n":"Raisin rosé sans pépins Panier du Primeur - 500g","p":3.99,"u":"7,98 €/KG","img":"https://fd1-photos.leclercdrive.fr/image.ashx?id=2858144&use=l&cat=p&typeid=i","cat":284356},{"id":220226,"n":"Décoloration Cheveux 100% ultra blond - 255g","p":7.29,"u":"28,59 €/KG","img":"https://fd1-photos.leclercdrive.fr/image.ashx?id=2636386&use=l&cat=p&typeid=i","cat":288899},{"id":220240,"n":"Sachet fraîcheur chiot Pedigree Mixte en gelée - 12x100g","p":6.43,"u":"5,36 €/KG","img":"https://fd1-photos.leclercdrive.fr/image.ashx?id=2876125&use=l&cat=p&typeid=i","cat":284673},{"id":220243,"n":"Croquettes chien  Pedigree au bœuf - 3kg","p":8.11,"u":"2,70 €/KG","img":"https://fd1-photos.leclercdrive.fr/image.ashx?id=2634328&use=l&cat=p&typeid=i","cat":284672},{"id":220252,"n":"Croquettes chien  Pedigree à la volaille - 3kg","p":8.11,"u":"2,70 €/KG","img":"https://fd1-photos.leclercdrive.fr/image.ashx?id=2832320&use=l&cat=p&typeid=i","cat":284672},{"id":220261,"n":"Sachet chien senior Cesar  Sélection en gelée - 12x100g","p":7.29,"u":"6,08 €/KG","img":"https://fd1-photos.leclercdrive.fr/image.ashx?id=2634415&use=l&cat=p&typeid=i","cat":284673},{"id":220265,"n":"Friandises chat Catisfactions  Creamy au saumon - 4x10g","p":1.59,"u":"39,75 €/KG","img":"https://fd1-photos.leclercdrive.fr/image.ashx?id=2912536&use=l&cat=p&typeid=i","cat":285285},{"id":220272,"n":"Sachet fraîcheur chat Whiskas  Carte mixte en gelée - 12x85g","p":4.59,"u":"4,50 €/KG","img":"https://fd1-photos.leclercdrive.fr/image.ashx?id=2902990&use=l&cat=p&typeid=i","cat":285286},{"id":220280,"n":"Raisin blanc sans pépins Panier du Primeur - 500g","p":3.99,"u":"7,98 €/KG","img":"https://fd1-photos.leclercdrive.fr/image.ashx?id=2858132&use=l&cat=p&typeid=i","cat":284356},{"id":220296,"n":"Boîte chat Whiskas  Gelée du marché - 4x390g","p":4.84,"u":"3,10 €/KG","img":"https://fd1-photos.leclercdrive.fr/image.ashx?id=2730490&use=l&cat=p&typeid=i","cat":285601},{"id":220347,"n":"Sachet fraîcheur chat Whiskas  Classiques en sauce - 12x85g","p":4.82,"u":"4,73 €/KG","img":"https://fd1-photos.leclercdrive.fr/image.ashx?id=2633887&use=l&cat=p&typeid=i","cat":285286},{"id":220484,"n":"Crémant de Bourgogne brut Couvent des Visitandines 2x75cl","p":12.5,"u":"8,33 €/L","img":"https://fd1-photos.leclercdrive.fr/image.ashx?id=2638661&use=l&cat=p&typeid=i","cat":284545},{"id":220563,"n":"Dentifrice Signal Intégral 8 Interdentaire - 3x75ml","p":4.68,"u":"20,80 €/L","img":"https://fd1-photos.leclercdrive.fr/image.ashx?id=2639846&use=l&cat=p&typeid=i","cat":284612},{"id":220689,"n":"Dentifrice Integral 8 Signal Interdentaire Prébiotique 75ml","p":1.67,"u":"22,27 €/L","img":"https://fd1-photos.leclercdrive.fr/image.ashx?id=2940654&use=l&cat=p&typeid=i","cat":284612},{"id":220742,"n":"Savon Le Petit Marseillais  Recharge antibacterien - 250ml","p":1.06,"u":"4,24 €/L","img":"https://fd1-photos.leclercdrive.fr/image.ashx?id=2684230&use=l&cat=p&typeid=i","cat":284597},{"id":220786,"n":"Papier toilette humide Lotus Confort - x38","p":1.49,"u":"0,04 €/P","img":"https://fd1-photos.leclercdrive.fr/image.ashx?id=2864843&use=l&cat=p&typeid=i","cat":284634},{"id":220788,"n":"Recharge crème lavante mains Le Petit Marseillais Lait 250ml","p":0.82,"u":"3,28 €/L","img":"https://fd1-photos.leclercdrive.fr/image.ashx?id=2735242&use=l&cat=p&typeid=i","cat":284597},{"id":220815,"n":"Rasoirs rechargeables Femme Bic Click 3 Soleil - x1+4 recharges","p":5.96,"u":"1,19 €/P","img":"https://fd1-photos.leclercdrive.fr/image.ashx?id=2636078&use=l&cat=p&typeid=i","cat":325352},{"id":220821,"n":"Crème lavante mains Le Petit Marseillais - Amande - 250ml","p":0.81,"u":"3,24 €/L","img":"https://fd1-photos.leclercdrive.fr/image.ashx?id=2684209&use=l&cat=p&typeid=i","cat":284597},{"id":220823,"n":"Gel lavant mains Le Petit Marseillais - Lavande - 300ml","p":1.7,"u":"5,67 €/L","img":"https://fd1-photos.leclercdrive.fr/image.ashx?id=2684221&use=l&cat=p&typeid=i","cat":284597},{"id":220824,"n":"Crème lavante mains Le Petit Marseillais - Lait - 300ml","p":1.49,"u":"4,97 €/L","img":"https://fd1-photos.leclercdrive.fr/image.ashx?id=2684224&use=l&cat=p&typeid=i","cat":284597},{"id":220826,"n":"Gel lavant mains Le Petit  Marseillais Le cuisinier 250ml","p":1.04,"u":"4,16 €/L","img":"https://fd1-photos.leclercdrive.fr/image.ashx?id=2684560&use=l&cat=p&typeid=i","cat":284597},{"id":220851,"n":"Saumon fumé Ronde des Mers Écosse - 14 tranches - 490g","p":17.49,"u":"35,69 €/KG","img":"https://fd1-photos.leclercdrive.fr/image.ashx?id=2833144&use=l&cat=p&typeid=i","cat":285188},{"id":221401,"n":"Saumon fumé Ronde des Mers Norvège 14 tranches - 490g","p":17.49,"u":"35,69 €/KG","img":"https://fd1-photos.leclercdrive.fr/image.ashx?id=2833141&use=l&cat=p&typeid=i","cat":285188},{"id":221463,"n":"Saumon fumé Delpeyrat Ecosse - 10 tranches - 275g","p":11.98,"u":"43,56 €/KG","img":"https://fd1-photos.leclercdrive.fr/image.ashx?id=2923543&use=l&cat=p&typeid=i","cat":285188},{"id":221498,"n":"Infusion nuit tranquille miel Elephant - x20 - 30g","p":2.19,"u":"73,00 €/KG","img":"https://fd1-photos.leclercdrive.fr/image.ashx?id=2655650&use=l&cat=p&typeid=i","cat":293234},{"id":221507,"n":"Infusion nuit tranquille  Elephant - x20 - 30g","p":1.47,"u":"49,00 €/KG","img":"https://fd1-photos.leclercdrive.fr/image.ashx?id=2655647&use=l&cat=p&typeid=i","cat":293234},{"id":221717,"n":"Café Colombie  Brocéliande 100% arabica grains  1kgg","p":18.77,"u":"18,77 €/KG","img":"https://fd1-photos.leclercdrive.fr/image.ashx?id=2662024&use=l&cat=p&typeid=i","cat":293237},{"id":221884,"n":"Haricots verts extra fins Bonduelle - 3 x 440g","p":5.82,"u":"4,41 €/KG","img":"https://fd1-photos.leclercdrive.fr/image.ashx?id=2856967&use=l&cat=p&typeid=i","cat":312606},{"id":222044,"n":"Tondeuse Gillette Corps Styler - x1","p":44.85,"pp":26.91,"img":"https://fd1-photos.leclercdrive.fr/image.ashx?id=2955221&use=l&cat=p&typeid=i","cat":284616},{"id":222052,"n":"Fruit de la passion 1p","p":0.79,"img":"https://fd1-photos.leclercdrive.fr/image.ashx?id=1633904&use=l&cat=p&typeid=i","cat":284356},{"id":222056,"n":"Citron vert  1p","p":0.49,"img":"https://fd1-photos.leclercdrive.fr/image.ashx?id=1628331&use=l&cat=p&typeid=i","cat":284356},{"id":222087,"n":"Shampoing Enfants Ultra Doux Abricot - 600ml","p":4.75,"u":"7,92 €/L","img":"https://fd1-photos.leclercdrive.fr/image.ashx?id=2851096&use=l&cat=p&typeid=i","cat":284606},{"id":222088,"n":"Poire Conférence 1p","p":0.69,"img":"https://fd1-photos.leclercdrive.fr/image.ashx?id=1636641&use=l&cat=p&typeid=i","cat":284356},{"id":222096,"n":"Pomme Pink Lady  1p","p":0.79,"img":"https://fd1-photos.leclercdrive.fr/image.ashx?id=2121659&use=l&cat=p&typeid=i","cat":284356},{"id":222118,"n":"Chou chinois 1p","p":3.29,"img":"https://fd1-photos.leclercdrive.fr/image.ashx?id=578704&use=l&cat=p&typeid=i","cat":284352},{"id":222126,"n":"Courgette ronde  1p","p":0.69,"img":"https://fd1-photos.leclercdrive.fr/image.ashx?id=1631976&use=l&cat=p&typeid=i","cat":284352},{"id":222145,"n":"Salade Scarole 1p","p":2.95,"img":"https://fd1-photos.leclercdrive.fr/image.ashx?id=1632542&use=l&cat=p&typeid=i","cat":284352},{"id":222161,"n":"Céleri  1 branche","p":2.39,"img":"https://fd1-photos.leclercdrive.fr/image.ashx?id=1631818&use=l&cat=p&typeid=i","cat":284352},{"id":222171,"n":"Citron  1p","p":0.75,"img":"https://fd1-photos.leclercdrive.fr/image.ashx?id=1628602&use=l&cat=p&typeid=i","cat":284356},{"id":222180,"n":"Pomelo rouge 1p","p":0.89,"img":"https://fd1-photos.leclercdrive.fr/image.ashx?id=1636326&use=l&cat=p&typeid=i","cat":284356},{"id":222183,"n":"Grenade 1p","p":1.89,"img":"https://fd1-photos.leclercdrive.fr/image.ashx?id=1633898&use=l&cat=p&typeid=i","cat":284356},{"id":222195,"n":"Ananas Victoria 1p","p":3.99,"img":"https://fd1-photos.leclercdrive.fr/image.ashx?id=571059&use=l&cat=p&typeid=i","cat":284356},{"id":222221,"n":"Poire Williams   1p","p":0.79,"img":"https://fd1-photos.leclercdrive.fr/image.ashx?id=1636644&use=l&cat=p&typeid=i","cat":284356},{"id":222222,"n":"Poire Williams   1p","p":0.79,"img":"https://fd1-photos.leclercdrive.fr/image.ashx?id=1636644&use=l&cat=p&typeid=i","cat":284356},{"id":222256,"n":"Avocat  1p","p":1.29,"img":"https://fd1-photos.leclercdrive.fr/image.ashx?id=1633637&use=l&cat=p&typeid=i","cat":284352},{"id":222261,"n":"Radis noir  1p","p":1.79,"img":"https://fd1-photos.leclercdrive.fr/image.ashx?id=578511&use=l&cat=p&typeid=i","cat":284352},{"id":222262,"n":"Fenouil  1p","p":1.89,"img":"https://fd1-photos.leclercdrive.fr/image.ashx?id=612612&use=l&cat=p&typeid=i","cat":284352},{"id":222297,"n":"Poivron doux jaune  1p","p":0.99,"img":"https://fd1-photos.leclercdrive.fr/image.ashx?id=1631227&use=l&cat=p&typeid=i","cat":284352},{"id":222397,"n":"Décor pour gateaux Vahiné Princesse","p":1.18,"img":"https://fd1-photos.leclercdrive.fr/image.ashx?id=2649689&use=l&cat=p&typeid=i","cat":284504},{"id":222414,"n":"Barre protéinée Barebells Salty peanut 55g","p":2.45,"u":"44,55 €/KG","img":"https://fd1-photos.leclercdrive.fr/image.ashx?id=2781114&use=l&cat=p&typeid=i","cat":318652},{"id":222453,"n":"Acide citrique Briochin Ecocert - 450g","p":3.65,"u":"8,11 €/KG","img":"https://fd1-photos.leclercdrive.fr/image.ashx?id=3000755&use=l&cat=p&typeid=i","cat":325365},{"id":222455,"n":"Recharge lessive détachante  savon noir 37 lavages - 1,7L","p":5.68,"u":"3,34 €/L","img":"https://fd1-photos.leclercdrive.fr/image.ashx?id=3000782&use=l&cat=p&typeid=i","cat":284640},{"id":222471,"n":"Sachet fraicheur chien Cesar  Sélection en sauce - 12x100g","p":7.36,"u":"0,61 €/KG","img":"https://fd1-photos.leclercdrive.fr/image.ashx?id=2651720&use=l&cat=p&typeid=i","cat":284673},{"id":222479,"n":"Pop corn sucre de canne Vico Micro-ondable 240g","p":1.99,"u":"8,29 €/KG","img":"https://fd1-photos.leclercdrive.fr/image.ashx?id=2651585&use=l&cat=p&typeid=i","cat":304249},{"id":222480,"n":"Pop corn Vico Salé - 240g","p":1.69,"u":"7,04 €/KG","img":"https://fd1-photos.leclercdrive.fr/image.ashx?id=2815049&use=l&cat=p&typeid=i","cat":304249},{"id":222515,"n":"Chou rouge émincé Notre Jardin 250g","p":0.99,"u":"3,96 €/KG","img":"https://fd1-photos.leclercdrive.fr/image.ashx?id=3006883&use=l&cat=p&typeid=i","cat":284352},{"id":222522,"n":"Complément alimentaire Keraphan Keraphane - 180+60 gélules 107g","p":19.2,"u":"179,44 €/KG","img":"https://fd1-photos.leclercdrive.fr/image.ashx?id=2748557&use=l&cat=p&typeid=i","cat":301266},{"id":222550,"n":"Steak haché pur bœuf 15%MG Les Éleveurs de Bretagne - 1kg","p":13.3,"u":"13,30 €/KG","img":"https://fd1-photos.leclercdrive.fr/image.ashx?id=2656760&use=l&cat=p&typeid=i","cat":319778},{"id":222584,"n":"Pâte à tartiner Nutella 220g","p":2.41,"u":"10,95 €/KG","img":"https://fd1-photos.leclercdrive.fr/image.ashx?id=2755216&use=l&cat=p&typeid=i","cat":284481},{"id":222586,"n":"Démêlant Cheveux Elsève Glycolic Gloss - 150ml","p":5.59,"u":"37,27 €/L","img":"https://fd1-photos.leclercdrive.fr/image.ashx?id=2657160&use=l&cat=p&typeid=i","cat":284607},{"id":222589,"n":"Sérum Soin Sans Rinçage Elsève Glycolic Gloss - 150ml","p":10.51,"u":"70,07 €/L","img":"https://fd1-photos.leclercdrive.fr/image.ashx?id=2656069&use=l&cat=p&typeid=i","cat":284608},{"id":222595,"n":"Pur jus d'ananas passion  Jafaden - 90cl","p":2.29,"u":"2,54 €/L","img":"https://fd1-photos.leclercdrive.fr/image.ashx?id=2723189&use=l&cat=p&typeid=i","cat":285435},{"id":222597,"n":"Sérum anti-taches L'Oréal Paris Bright Reveal - 30ml","p":13.74,"u":"458,00 €/L","img":"https://fd1-photos.leclercdrive.fr/image.ashx?id=2865881&use=l&cat=p&typeid=i","cat":325345},{"id":222599,"n":"Sérum correcteur L'Oréal Paris  Age Perfect - 30ml","p":11.97,"pp":7.9,"u":"263,33 €/L","img":"https://fd1-photos.leclercdrive.fr/image.ashx?id=2664491&use=l&cat=p&typeid=i","cat":325345},{"id":222608,"n":"Jambon cru Serrano Aoste  6 tranches + 3 offertes - 150g","p":3.39,"u":"22,60 €/KG","img":"https://fd1-photos.leclercdrive.fr/image.ashx?id=2653669&use=l&cat=p&typeid=i","cat":316007},{"id":222631,"n":"Gâteau Savane Brossard Max Barr' Pocket x14 - 420g","p":4.95,"u":"11,79 €/KG","img":"https://fd1-photos.leclercdrive.fr/image.ashx?id=2964721&use=l&cat=p&typeid=i","cat":294776},{"id":222702,"n":"Dentifrice Integral 8 Signal Fraîcheur Intense 75ml","p":1.91,"u":"25,47 €/L","img":"https://fd1-photos.leclercdrive.fr/image.ashx?id=2818196&use=l&cat=p&typeid=i","cat":284612},{"id":222703,"n":"Dentifrice Signal Extra fraîcheur blancheur 75ml","p":1.68,"u":"22,40 €/L","img":"https://fd1-photos.leclercdrive.fr/image.ashx?id=2938328&use=l&cat=p&typeid=i","cat":284612},{"id":222704,"n":"Dentifrice Signal Extra fraîcheur intense - 75ml","p":1.99,"u":"26,53 €/L","img":"https://fd1-photos.leclercdrive.fr/image.ashx?id=2654212&use=l&cat=p&typeid=i","cat":284612},{"id":222718,"n":"Liquide vaisselle & mains Briochin - Ecocert 500ml","p":2.81,"u":"5,62 €/L","img":"https://fd1-photos.leclercdrive.fr/image.ashx?id=3000740&use=l&cat=p&typeid=i","cat":284655},{"id":222743,"n":"Sauce Sriracha Mayo Hot Chili - 215ml","p":2.95,"u":"13,72 €/L","img":"https://fd1-photos.leclercdrive.fr/image.ashx?id=2655211&use=l&cat=p&typeid=i","cat":288992},{"id":222763,"n":"Miel Fleurs sauvages Miellerie Bretonne - 250g","p":5.2,"u":"20,80 €/KG","img":"https://fd1-photos.leclercdrive.fr/image.ashx?id=2667907&use=l&cat=p&typeid=i","cat":287643},{"id":222765,"n":"Miel Fleurs sauvages Miellerie Bretonne - 1kg","p":15.59,"u":"15,59 €/KG","img":"https://fd1-photos.leclercdrive.fr/image.ashx?id=2667904&use=l&cat=p&typeid=i","cat":287643},{"id":222773,"n":"Sauce piquante chipotle Cholula 150ml","p":2.91,"u":"19,40 €/L","img":"https://fd1-photos.leclercdrive.fr/image.ashx?id=2654725&use=l&cat=p&typeid=i","cat":298298},{"id":222774,"n":"Sauce piquante original Cholula 150ml","p":2.95,"u":"19,67 €/L","img":"https://fd1-photos.leclercdrive.fr/image.ashx?id=2654728&use=l&cat=p&typeid=i","cat":288993},{"id":222779,"n":"Eau de javel La Croix Traditionnelle - 1.5L","p":1.49,"u":"0,99 €/L","img":"https://fd1-photos.leclercdrive.fr/image.ashx?id=2667556&use=l&cat=p&typeid=i","cat":284661},{"id":222782,"n":"Adoucissant Soupline Lingettes Voile Sèche-linge Grand air-x20","p":2.76,"u":"0,14 €/P","img":"https://fd1-photos.leclercdrive.fr/image.ashx?id=2654435&use=l&cat=p&typeid=i","cat":325302},{"id":222819,"n":"Berocca Energie Cassis - x45 comprimés - 290g","p":14.99,"u":"51,69 €/KG","img":"https://fd1-photos.leclercdrive.fr/image.ashx?id=2654432&use=l&cat=p&typeid=i","cat":301264},{"id":222820,"n":"Bonbons Haribo Pocket Assortiment mini sachets - 340g","p":2.85,"u":"8,38 €/KG","img":"https://fd1-photos.leclercdrive.fr/image.ashx?id=2654653&use=l&cat=p&typeid=i","cat":304250},{"id":222824,"n":"Carottes râpées Notre Jardin 250g","p":1.49,"u":"5,96 €/KG","img":"https://fd1-photos.leclercdrive.fr/image.ashx?id=2664626&use=l&cat=p&typeid=i","cat":284353},{"id":222825,"n":"Complément alimentaire Granions Collagène marin - x60 - 54g","p":13.92,"u":"257,78 €/KG","img":"https://fd1-photos.leclercdrive.fr/image.ashx?id=2655019&use=l&cat=p&typeid=i","cat":301266},{"id":222826,"n":"Chou blanc carotte Notre Jardin 250g","p":1.51,"u":"6,04 €/KG","img":"https://fd1-photos.leclercdrive.fr/image.ashx?id=2740975&use=l&cat=p&typeid=i","cat":284353},{"id":222827,"n":"Complément alimentaire Granions Complexe anti-âge - x60 - 54g","p":19.9,"u":"368,52 €/KG","img":"https://fd1-photos.leclercdrive.fr/image.ashx?id=2735953&use=l&cat=p&typeid=i","cat":301266},{"id":222833,"n":"Complément alimentaire Biocyte Collagen express - x45 - 135g","p":15.9,"u":"117,78 €/KG","img":"https://fd1-photos.leclercdrive.fr/image.ashx?id=2655043&use=l&cat=p&typeid=i","cat":301266},{"id":222835,"n":"Supradyn Itensia Efferverscent - x30 - 150g","p":11.9,"u":"79,33 €/KG","img":"https://fd1-photos.leclercdrive.fr/image.ashx?id=2656042&use=l&cat=p&typeid=i","cat":301264},{"id":222842,"n":"Acide citrique Clair 500g","p":2.99,"u":"5,98 €/KG","img":"https://fd1-photos.leclercdrive.fr/image.ashx?id=2822147&use=l&cat=p&typeid=i","cat":325365},{"id":222843,"n":"Liquide vaisselle Uni vert Ecolo amande - 500ml","p":1.15,"u":"2,30 €/L","img":"https://fd1-photos.leclercdrive.fr/image.ashx?id=2999523&use=l&cat=p&typeid=i","cat":284655},{"id":222846,"n":"Gel douche Le Petit Marseillais Cerise & jasmin - 250ml","p":1.49,"u":"5,96 €/L","img":"https://fd1-photos.leclercdrive.fr/image.ashx?id=2685198&use=l&cat=p&typeid=i","cat":284594},{"id":222848,"n":"Mélange de jeunes pousses Notre Jardin - 175g","p":1.76,"u":"10,06 €/KG","img":"https://fd1-photos.leclercdrive.fr/image.ashx?id=2662601&use=l&cat=p&typeid=i","cat":284353},{"id":222851,"n":"Mesclun Notre Jardin 125g","p":1.51,"u":"12,08 €/KG","img":"https://fd1-photos.leclercdrive.fr/image.ashx?id=2663299&use=l&cat=p&typeid=i","cat":284353},{"id":222898,"n":"Dentifrice Sensodyne Anti-Tâches - 75ml","p":5.42,"u":"72,27 €/L","img":"https://fd1-photos.leclercdrive.fr/image.ashx?id=2997775&use=l&cat=p&typeid=i","cat":284612},{"id":222899,"n":"Dentifrice Sensodyne Email renforcé - 75ml","p":5.22,"u":"69,60 €/L","img":"https://fd1-photos.leclercdrive.fr/image.ashx?id=2997208&use=l&cat=p&typeid=i","cat":284612},{"id":222912,"n":"Sauce soja sucrée Suzi Wan 250ml","p":2.81,"u":"11,24 €/L","img":"https://fd1-photos.leclercdrive.fr/image.ashx?id=2886217&use=l&cat=p&typeid=i","cat":288992},{"id":222913,"n":"Sauce pour nems Suzi Wan 250ml","p":2.72,"u":"10,88 €/L","img":"https://fd1-photos.leclercdrive.fr/image.ashx?id=2990877&use=l&cat=p&typeid=i","cat":288992},{"id":222995,"n":"Nouilles Banzai Noodle Curry cup - 67g","p":1.25,"u":"18,66 €/KG","img":"https://fd1-photos.leclercdrive.fr/image.ashx?id=2730007&use=l&cat=p&typeid=i","cat":288992},{"id":223116,"n":"Flocons sarrasin sans gluten  bio Terres et Céréales - 500g","p":4.49,"u":"8,98 €/KG","img":"https://fd1-photos.leclercdrive.fr/image.ashx?id=2880787&use=l&cat=p&typeid=i","cat":309512},{"id":223229,"n":"Dentifrice Parodontax Réparation active gencives 75ml","p":4.24,"u":"56,53 €/L","img":"https://fd1-photos.leclercdrive.fr/image.ashx?id=2917534&use=l&cat=p&typeid=i","cat":284612},{"id":223295,"n":"Brioche La Fournée Dorée Tressée et tranchée - 500g","p":2.81,"u":"5,62 €/KG","img":"https://fd1-photos.leclercdrive.fr/image.ashx?id=2661079&use=l&cat=p&typeid=i","cat":284478},{"id":223379,"n":"Chips sarrasin Terre de Breizh Sel de Guérande 120g","p":2.93,"u":"24,42 €/KG","img":"https://fd1-photos.leclercdrive.fr/image.ashx?id=2999306&use=l&cat=p&typeid=i","cat":284447},{"id":223394,"n":"Boisson aux fruits Jafun Tropical - 4x20cl","p":1.49,"u":"1,86 €/L","img":"https://fd1-photos.leclercdrive.fr/image.ashx?id=2992576&use=l&cat=p&typeid=i","cat":295018},{"id":223445,"n":"Shampoing fortifiant Fructis Force et Brillance - 300ml","p":2.72,"u":"9,07 €/L","img":"https://fd1-photos.leclercdrive.fr/image.ashx?id=2669271&use=l&cat=p&typeid=i","cat":284606},{"id":223446,"n":"Shampoing démêlant Fructis Antipelliculaire - 300ml","p":3.25,"u":"10,83 €/L","img":"https://fd1-photos.leclercdrive.fr/image.ashx?id=2669277&use=l&cat=p&typeid=i","cat":284606},{"id":223490,"n":"Compote Breizh Pom' Pomme reinette 8x100g","p":3.63,"u":"4,54 €/KG","img":"https://fd1-photos.leclercdrive.fr/image.ashx?id=2664827&use=l&cat=p&typeid=i","cat":284508},{"id":223499,"n":"Ketchup Rustica 390g","p":1.09,"u":"2,79 €/KG","img":"https://fd1-photos.leclercdrive.fr/image.ashx?id=2954391&use=l&cat=p&typeid=i","cat":284455},{"id":223521,"n":"Biscuit bio  Nocciolata bianca Fourré pâte à tartiner - 250g","p":3.37,"u":"13,48 €/KG","img":"https://fd1-photos.leclercdrive.fr/image.ashx?id=2664554&use=l&cat=p&typeid=i","cat":284487},{"id":223527,"n":"Anti-moustiques Marie Rose Zones tropicales - 100ml","p":5.72,"u":"57,20 €/L","img":"https://fd1-photos.leclercdrive.fr/image.ashx?id=2684455&use=l&cat=p&typeid=i","cat":299654},{"id":223581,"n":"Serviettes fuites urinaires Always Discreet - Long+ - x16","p":7.06,"u":"0,44 €/P","img":"https://fd1-photos.leclercdrive.fr/image.ashx?id=2685471&use=l&cat=p&typeid=i","cat":284628},{"id":223603,"n":"Fil dentaire Dentamyl Cire menthe - 80m","p":2.72,"u":"0,03 €/MT","img":"https://fd1-photos.leclercdrive.fr/image.ashx?id=2672888&use=l&cat=p&typeid=i","cat":285159},{"id":223611,"n":"Désodorisant Febreze Petit coin Fleur naissante - 7.5ml","p":3.2,"u":"400,00 €/L","img":"https://fd1-photos.leclercdrive.fr/image.ashx?id=2955230&use=l&cat=p&typeid=i","cat":311628},{"id":223649,"n":"Shampooing Head & shoulder 2-en-1 - Classic - 300ml","p":4.69,"u":"15,63 €/L","img":"https://fd1-photos.leclercdrive.fr/image.ashx?id=2863003&use=l&cat=p&typeid=i","cat":284606},{"id":223650,"n":"Shampooing Head & shoulder 1in1 - Classic - 330ml","p":4.84,"u":"14,67 €/L","img":"https://fd1-photos.leclercdrive.fr/image.ashx?id=2859962&use=l&cat=p&typeid=i","cat":284606},{"id":223661,"n":"Pains au chocolat Croustipate  x6 - 275g","p":2.48,"u":"9,02 €/KG","img":"https://fd1-photos.leclercdrive.fr/image.ashx?id=2902055&use=l&cat=p&typeid=i","cat":333681},{"id":223670,"n":"Berocca Energie Orange - x45- 290g","p":14.99,"u":"51,69 €/KG","img":"https://fd1-photos.leclercdrive.fr/image.ashx?id=2664830&use=l&cat=p&typeid=i","cat":301264},{"id":223674,"n":"Gel anti-douleur Granions Décontractant musculaire 100ml","p":11.9,"u":"119,00 €/L","img":"https://fd1-photos.leclercdrive.fr/image.ashx?id=2666198&use=l&cat=p&typeid=i","cat":291163},{"id":223764,"n":"licorne ROHAN moulage décoré","p":6.82,"u":"29,02 €/KG","img":"https://fd1-photos.leclercdrive.fr/image.ashx?id=2666039&use=l&cat=p&typeid=i","cat":327592},{"id":223826,"n":"Moulage avec surprise Kinder Chocolat - 36g","p":3.06,"u":"85,00 €/KG","img":"https://fd1-photos.leclercdrive.fr/image.ashx?id=2993158&use=l&cat=p&typeid=i","cat":327592},{"id":223850,"n":"Déodorant Spray Femme Narta Anti-Trace Blanche 48h - 200ml","p":2.43,"u":"12,15 €/L","img":"https://fd1-photos.leclercdrive.fr/image.ashx?id=2678589&use=l&cat=p&typeid=i","cat":284595},{"id":223851,"n":"Déodorant Spray Homme 48h Narta Fraîcheur Classique - 200mL","p":2.38,"u":"11,90 €/L","img":"https://fd1-photos.leclercdrive.fr/image.ashx?id=2675511&use=l&cat=p&typeid=i","cat":284618},{"id":223853,"n":"Déodorant Spray Femme Narta Fraîcheur Cologne 48h - 200ml","p":2.37,"u":"11,85 €/L","img":"https://fd1-photos.leclercdrive.fr/image.ashx?id=2678592&use=l&cat=p&typeid=i","cat":284595},{"id":223857,"n":"Déodorant Spray Femme Narta 48h Sans Alcool - 200ML","p":2.4,"u":"12,00 €/L","img":"https://fd1-photos.leclercdrive.fr/image.ashx?id=2680242&use=l&cat=p&typeid=i","cat":284595},{"id":223884,"n":"Brossettes Dentamyl Perfect angle - x2","p":6.99,"u":"3,50 €/P","img":"https://fd1-photos.leclercdrive.fr/image.ashx?id=2824298&use=l&cat=p&typeid=i","cat":297133},{"id":223919,"n":"Papier aluminium Albal 30m","p":5.45,"img":"https://fd1-photos.leclercdrive.fr/image.ashx?id=2667109&use=l&cat=p&typeid=i","cat":285194},{"id":223925,"n":"Riz Long grain Ben's original Vrac 10mn - 1kg","p":3.38,"u":"3,38 €/KG","img":"https://fd1-photos.leclercdrive.fr/image.ashx?id=2990961&use=l&cat=p&typeid=i","cat":284428},{"id":224140,"n":"Bun's jambon ketchup McCain 460g","p":3.46,"u":"7,52 €/KG","img":"https://fd1-photos.leclercdrive.fr/image.ashx?id=2741180&use=l&cat=p&typeid=i","cat":319822},{"id":224141,"n":"Bun's bolognaise McCain 460g","p":3.46,"u":"7,52 €/KG","img":"https://fd1-photos.leclercdrive.fr/image.ashx?id=2750675&use=l&cat=p&typeid=i","cat":319822},{"id":224143,"n":"Bun's Burger McCain 460g","p":3.46,"u":"7,52 €/KG","img":"https://fd1-photos.leclercdrive.fr/image.ashx?id=2741183&use=l&cat=p&typeid=i","cat":319822},{"id":224144,"n":"Bun's jambon 4 fromages McCain 460g","p":3.71,"u":"8,07 €/KG","img":"https://fd1-photos.leclercdrive.fr/image.ashx?id=2668111&use=l&cat=p&typeid=i","cat":319822},{"id":224263,"n":"Monster Energy zéro sucres 50cl","p":1.59,"u":"3,18 €/L","img":"https://fd1-photos.leclercdrive.fr/image.ashx?id=2669358&use=l&cat=p&typeid=i","cat":284533},{"id":224265,"n":"Monster Energy Juice Bad apple 50cl","p":1.48,"u":"2,96 €/L","img":"https://fd1-photos.leclercdrive.fr/image.ashx?id=2759044&use=l&cat=p&typeid=i","cat":284533},{"id":224350,"n":"Mascara L'Oréal Panorama - Noir - x1","p":11.95,"pp":7.89,"img":"https://fd1-photos.leclercdrive.fr/image.ashx?id=2973538&use=l&cat=p&typeid=i","cat":287029},{"id":224351,"n":"Mascara L'Oréal Paris Panorama - Brown - 10.5ml","p":11.95,"pp":7.89,"u":"789,00 €/L","img":"https://fd1-photos.leclercdrive.fr/image.ashx?id=2946484&use=l&cat=p&typeid=i","cat":287029},{"id":224352,"n":"Rouge à lèvres L'Oréal Paris Color Riche 302 Bois de rose","p":12.12,"img":"https://fd1-photos.leclercdrive.fr/image.ashx?id=3014431&use=l&cat=p&typeid=i","cat":287029},{"id":224353,"n":"Eosine Mercurochrome 2% Solution aquese - 100ml","p":2.89,"u":"28,90 €/L","img":"https://fd1-photos.leclercdrive.fr/image.ashx?id=2670710&use=l&cat=p&typeid=i","cat":284630},{"id":224359,"n":"Crème Visage Homme Nivea Men Anti-taches Power 2en1 - 50ml","p":13.4,"pp":8.84,"u":"176,80 €/L","img":"https://fd1-photos.leclercdrive.fr/image.ashx?id=3014617&use=l&cat=p&typeid=i","cat":284622},{"id":224360,"n":"Sérum Visage Homme Nivea Men Anti-taches Power 2en1 - 30ml","p":14.62,"pp":9.65,"u":"321,67 €/L","img":"https://fd1-photos.leclercdrive.fr/image.ashx?id=2944915&use=l&cat=p&typeid=i","cat":284622},{"id":224367,"n":"Piles spéciales Foxter CR2032 - x4","p":3.5,"img":"https://fd1-photos.leclercdrive.fr/image.ashx?id=2922472&use=l&cat=p&typeid=i","cat":300572},{"id":224423,"n":"Concentré Sodastream Ice Tea - 440ml","p":5.99,"pp":4.99,"u":"11,34 €/L","img":"https://fd1-photos.leclercdrive.fr/image.ashx?id=2670917&use=l&cat=p&typeid=i","cat":295020},{"id":224434,"n":"Yaourt à la grecque Délisse Vanille - 4x150g","p":2.39,"u":"3,98 €/KG","img":"https://fd1-photos.leclercdrive.fr/image.ashx?id=2885143&use=l&cat=p&typeid=i","cat":314999},{"id":224670,"n":"Eau minérale naturelle Hépar 6x75cl","p":3.92,"u":"0,87 €/L","img":"https://fd1-photos.leclercdrive.fr/image.ashx?id=2673361&use=l&cat=p&typeid=i","cat":284535},{"id":224706,"n":"Gnocchi star à poêler Lustucru  300g","p":1.82,"u":"6,07 €/KG","img":"https://fd1-photos.leclercdrive.fr/image.ashx?id=2921630&use=l&cat=p&typeid=i","cat":333682},{"id":224760,"n":"Infusion Elephant  detox fraicheur x20 - 36g","p":2.19,"u":"60,83 €/KG","img":"https://fd1-photos.leclercdrive.fr/image.ashx?id=2677639&use=l&cat=p&typeid=i","cat":293234},{"id":224763,"n":"Infusion Elephant Pure relaxation - x20 - 32g","p":2.19,"u":"68,44 €/KG","img":"https://fd1-photos.leclercdrive.fr/image.ashx?id=2677636&use=l&cat=p&typeid=i","cat":293234},{"id":224783,"n":"Liqueur Rivière du Mat L'Onctueux - 70cl","p":13.5,"pp":12.15,"u":"17,36 €/L","img":"https://fd1-photos.leclercdrive.fr/image.ashx?id=2693539&use=l&cat=p&typeid=i","cat":286032},{"id":224787,"n":"Liqueur Rivière du Mat Vanille Bourbon 17° - 70cl","p":13.39,"pp":12.05,"u":"17,21 €/L","img":"https://fd1-photos.leclercdrive.fr/image.ashx?id=2740001&use=l&cat=p&typeid=i","cat":286032},{"id":224808,"n":"Riz Citron Ben's original  Express 2mn - 220g","p":1.29,"u":"5,86 €/KG","img":"https://fd1-photos.leclercdrive.fr/image.ashx?id=2906442&use=l&cat=p&typeid=i","cat":287600},{"id":224810,"n":"Riz Tomate Ben's original  Express 2mn - 220g","p":1.31,"u":"5,95 €/KG","img":"https://fd1-photos.leclercdrive.fr/image.ashx?id=2995295&use=l&cat=p&typeid=i","cat":287600},{"id":224818,"n":"Riz Basmati Ben's original  Express 2mn - 220g","p":1.28,"u":"5,82 €/KG","img":"https://fd1-photos.leclercdrive.fr/image.ashx?id=2995292&use=l&cat=p&typeid=i","cat":287600},{"id":224830,"n":"Riz Complet Ben's original Vrac 12mn - 1kg","p":4.45,"u":"4,45 €/KG","img":"https://fd1-photos.leclercdrive.fr/image.ashx?id=2886307&use=l&cat=p&typeid=i","cat":284428},{"id":224839,"n":"Riz a la Creole Ben's original  Express 2mn - 220g","p":1.64,"u":"7,45 €/KG","img":"https://fd1-photos.leclercdrive.fr/image.ashx?id=2886265&use=l&cat=p&typeid=i","cat":287600},{"id":224841,"n":"Riz a l'Indienne Ben's original  Express 2mn - 220g","p":1.78,"u":"8,09 €/KG","img":"https://fd1-photos.leclercdrive.fr/image.ashx?id=2886268&use=l&cat=p&typeid=i","cat":287600},{"id":224856,"n":"Jus innocent ananas fraise 900ml","p":2.4,"u":"2,67 €/L","img":"https://fd1-photos.leclercdrive.fr/image.ashx?id=2879122&use=l&cat=p&typeid=i","cat":285435},{"id":224872,"n":"Riz Complet Ben's original  Express 2mn - 220g","p":1.49,"u":"6,77 €/KG","img":"https://fd1-photos.leclercdrive.fr/image.ashx?id=2886969&use=l&cat=p&typeid=i","cat":287600},{"id":224873,"n":"Riz Paella Ben's original Express 2mn - 220g","p":1.45,"u":"6,59 €/KG","img":"https://fd1-photos.leclercdrive.fr/image.ashx?id=2995310&use=l&cat=p&typeid=i","cat":287600},{"id":224876,"n":"Riz Long grain Ben's original  Express 2mn - 220g","p":1.36,"u":"6,18 €/KG","img":"https://fd1-photos.leclercdrive.fr/image.ashx?id=2995298&use=l&cat=p&typeid=i","cat":287600},{"id":224877,"n":"Riz Cantonais Ben's original  Express 2mn - 220g","p":1.38,"u":"6,27 €/KG","img":"https://fd1-photos.leclercdrive.fr/image.ashx?id=2995304&use=l&cat=p&typeid=i","cat":287600},{"id":224880,"n":"Riz aux Légumes Ben's original Express 2mn - 220g","p":1.45,"u":"6,59 €/KG","img":"https://fd1-photos.leclercdrive.fr/image.ashx?id=2906430&use=l&cat=p&typeid=i","cat":287600},{"id":224882,"n":"Riz Long grain Ben's original  Sachet cuisson 10mn - 1kg","p":3.42,"u":"3,42 €/KG","img":"https://fd1-photos.leclercdrive.fr/image.ashx?id=2957272&use=l&cat=p&typeid=i","cat":284428},{"id":224883,"n":"Riz Long Grain Ben's original Sachet cuisson 10mn - 750g","p":2.98,"u":"3,97 €/KG","img":"https://fd1-photos.leclercdrive.fr/image.ashx?id=2886313&use=l&cat=p&typeid=i","cat":284428},{"id":224888,"n":"Riz Long grain Ben's original Vrac 20mn - 1kg","p":3.39,"u":"3,39 €/KG","img":"https://fd1-photos.leclercdrive.fr/image.ashx?id=2886301&use=l&cat=p&typeid=i","cat":284428},{"id":224926,"n":"Ketchup Bio Village Bio - 330g","p":1.09,"u":"3,30 €/KG","img":"https://fd1-photos.leclercdrive.fr/image.ashx?id=2958374&use=l&cat=p&typeid=i","cat":284455},{"id":224930,"n":"Lait d'avoine Bjorg Bio Vanille - 1L","p":2.1,"u":"2,10 €/L","img":"https://fd1-photos.leclercdrive.fr/image.ashx?id=2906253&use=l&cat=p&typeid=i","cat":316067},{"id":224931,"n":"Boisson soja Bjorg Bio Proteines - 1L","p":2.19,"u":"2,19 €/L","img":"https://fd1-photos.leclercdrive.fr/image.ashx?id=2939469&use=l&cat=p&typeid=i","cat":316067},{"id":224932,"n":"Boisson végétale Bjorg Bio noisettes sans sucres - 1L","p":2.29,"u":"2,29 €/L","img":"https://fd1-photos.leclercdrive.fr/image.ashx?id=2939466&use=l&cat=p&typeid=i","cat":316067},{"id":224937,"n":"Plat en morceaux Bledina 200g","p":2.39,"u":"11,95 €/KG","img":"https://fd1-photos.leclercdrive.fr/image.ashx?id=2866298&use=l&cat=p&typeid=i","cat":312239},{"id":224941,"n":"Champagne Veuve Clicquot Brut - 12,5% - 75cl","p":43.79,"u":"58,39 €/L","img":"https://fd1-photos.leclercdrive.fr/image.ashx?id=2675070&use=l&cat=p&typeid=i","cat":284542},{"id":225033,"n":"Tartinable Houmous Apero&Co Pois chiche curry - 90g","p":3.07,"u":"34,11 €/KG","img":"https://fd1-photos.leclercdrive.fr/image.ashx?id=2683175&use=l&cat=p&typeid=i","cat":284451},{"id":225034,"n":"Tartinable courgette Apero&Co Chèvre basilic - 90g","p":3.02,"u":"33,56 €/KG","img":"https://fd1-photos.leclercdrive.fr/image.ashx?id=2683184&use=l&cat=p&typeid=i","cat":284451},{"id":225036,"n":"Tartinable artichaut Apero&Co Au yuzu - 90g","p":3.36,"u":"37,33 €/KG","img":"https://fd1-photos.leclercdrive.fr/image.ashx?id=2683178&use=l&cat=p&typeid=i","cat":284451},{"id":225037,"n":"Tartinable  Apero&Co Tomate confite pesto - 90g","p":3.39,"u":"37,67 €/KG","img":"https://fd1-photos.leclercdrive.fr/image.ashx?id=2683181&use=l&cat=p&typeid=i","cat":284451},{"id":225040,"n":"Rillettes Piquillos Apero&Co Piment d'Espelette - 90g","p":3.05,"u":"33,89 €/KG","img":"https://fd1-photos.leclercdrive.fr/image.ashx?id=2683169&use=l&cat=p&typeid=i","cat":284451},{"id":225041,"n":"Rillettes Terre&Mer Apero&Co Porc thon algues - 90g","p":3.21,"u":"35,67 €/KG","img":"https://fd1-photos.leclercdrive.fr/image.ashx?id=2981632&use=l&cat=p&typeid=i","cat":284451},{"id":225042,"n":"Pâté de porc Apero&Co Chorizo paprika fumé - 90g","p":3.0,"u":"33,33 €/KG","img":"https://fd1-photos.leclercdrive.fr/image.ashx?id=2681910&use=l&cat=p&typeid=i","cat":284451},{"id":225043,"n":"Pâté de porc Apero&Co Ail des Ours - 90g","p":3.14,"u":"34,89 €/KG","img":"https://fd1-photos.leclercdrive.fr/image.ashx?id=2683172&use=l&cat=p&typeid=i","cat":305149},{"id":225045,"n":"Pâté de porc \"Pâté d'cochonne\" A l'Ail - 156g","p":3.14,"u":"20,13 €/KG","img":"https://fd1-photos.leclercdrive.fr/image.ashx?id=2684263&use=l&cat=p&typeid=i","cat":305149},{"id":225085,"n":"IGP Ile de Beauté rosé Dom Casa - 75cl","p":5.16,"u":"6,88 €/L","img":"https://fd1-photos.leclercdrive.fr/image.ashx?id=2676714&use=l&cat=p&typeid=i","cat":289558},{"id":225088,"n":"AOC Bourgogne Passetoutgrain Terres Burgondes - 75 cl","p":8.95,"u":"11,93 €/L","img":"https://fd1-photos.leclercdrive.fr/image.ashx?id=2692611&use=l&cat=p&typeid=i","cat":289556},{"id":225090,"n":"AOP Montlouis Jean Dumont Les Hauts Boulay - 75cl","p":8.17,"u":"10,89 €/L","img":"https://fd1-photos.leclercdrive.fr/image.ashx?id=2693623&use=l&cat=p&typeid=i","cat":289557},{"id":225215,"n":"Infusion Yogi detox Bio énergie - x15 - 27g","p":2.49,"u":"92,22 €/KG","img":"https://fd1-photos.leclercdrive.fr/image.ashx?id=2677489&use=l&cat=p&typeid=i","cat":293234},{"id":225248,"n":"Tartine céréales Gerblé  Matin - 125g","p":1.59,"u":"12,72 €/KG","img":"https://fd1-photos.leclercdrive.fr/image.ashx?id=2688866&use=l&cat=p&typeid=i","cat":318651},{"id":225251,"n":"Crème Vinaigre balsamique  Tramier - 250g","p":3.19,"u":"12,76 €/KG","img":"https://fd1-photos.leclercdrive.fr/image.ashx?id=2677192&use=l&cat=p&typeid=i","cat":298543},{"id":225256,"n":"Recettes du Marché Tramier  Basilic Herbes de Provence 150g","p":2.69,"u":"17,93 €/KG","img":"https://fd1-photos.leclercdrive.fr/image.ashx?id=2882611&use=l&cat=p&typeid=i","cat":284450},{"id":225310,"n":"Boisson aux Fruits Tropico Tropical - Bouteille - 1,25L","p":1.71,"u":"1,37 €/L","img":"https://fd1-photos.leclercdrive.fr/image.ashx?id=2736811&use=l&cat=p&typeid=i","cat":295018},{"id":225311,"n":"Boisson Tropico Orange Ananas - 1.25 L","p":1.85,"u":"1,48 €/L","img":"https://fd1-photos.leclercdrive.fr/image.ashx?id=2977702&use=l&cat=p&typeid=i","cat":295018},{"id":225316,"n":"Biscuit petit déj Gerblé Chocolat - 200g","p":2.03,"u":"10,15 €/KG","img":"https://fd1-photos.leclercdrive.fr/image.ashx?id=2679014&use=l&cat=p&typeid=i","cat":318651},{"id":225441,"n":"Fusilli au poulet Fleury Michon Sauce champignons - 280g","p":2.22,"u":"7,93 €/KG","img":"https://fd1-photos.leclercdrive.fr/image.ashx?id=3003233&use=l&cat=p&typeid=i","cat":333665},{"id":225445,"n":"Les tranches Fleury Michon Pois chiches x4 - 120g","p":1.75,"u":"14,58 €/KG","img":"https://fd1-photos.leclercdrive.fr/image.ashx?id=2902007&use=l&cat=p&typeid=i","cat":316036},{"id":225446,"n":"Les tranches Fleury Michon Lentilles corail  x4 - 120g","p":1.75,"u":"14,58 €/KG","img":"https://fd1-photos.leclercdrive.fr/image.ashx?id=2900905&use=l&cat=p&typeid=i","cat":316036},{"id":225447,"n":"Les tranches Fleury Michon Haricots blancs x4 - 120g","p":1.75,"u":"14,58 €/KG","img":"https://fd1-photos.leclercdrive.fr/image.ashx?id=2902010&use=l&cat=p&typeid=i","cat":316036},{"id":225462,"n":"Déodorant Bille Femme Narta Anti-Transpirant 48h - 50ml","p":2.39,"u":"47,80 €/L","img":"https://fd1-photos.leclercdrive.fr/image.ashx?id=2681862&use=l&cat=p&typeid=i","cat":284595},{"id":225463,"n":"Déodorant Bille Homme 48h Narta Fraîcheur Polaire - 50ml","p":2.4,"u":"48,00 €/L","img":"https://fd1-photos.leclercdrive.fr/image.ashx?id=2681865&use=l&cat=p&typeid=i","cat":284618},{"id":225464,"n":"Déodorant Bille bio Femme Narta Sans Alcool - 50ml","p":2.39,"u":"47,80 €/L","img":"https://fd1-photos.leclercdrive.fr/image.ashx?id=2681868&use=l&cat=p&typeid=i","cat":284595},{"id":225465,"n":"Déodorant Bille Femme Narta Anti-Traces 48h - 50ml","p":2.36,"u":"47,20 €/L","img":"https://fd1-photos.leclercdrive.fr/image.ashx?id=2681871&use=l&cat=p&typeid=i","cat":284595},{"id":225466,"n":"Déodorant Bille Femme Narta Anti-Traces Sans alcool - 50ml","p":2.39,"u":"47,80 €/L","img":"https://fd1-photos.leclercdrive.fr/image.ashx?id=2681874&use=l&cat=p&typeid=i","cat":284595},{"id":225468,"n":"Déodorant Bille Homme 48h Narta Anti-Traces Blanches - 50ml","p":2.36,"u":"47,20 €/L","img":"https://fd1-photos.leclercdrive.fr/image.ashx?id=2681886&use=l&cat=p&typeid=i","cat":284618},{"id":225614,"n":"Désinfectant Sanytol Eucalyptus - Multi-usage 500ml","p":2.17,"u":"4,34 €/L","img":"https://fd1-photos.leclercdrive.fr/image.ashx?id=2894800&use=l&cat=p&typeid=i","cat":325357},{"id":225617,"n":"Désinfectant Sanytol Pamplemousse Multi-usage 500ml","p":2.51,"u":"5,02 €/L","img":"https://fd1-photos.leclercdrive.fr/image.ashx?id=2682144&use=l&cat=p&typeid=i","cat":325357},{"id":225619,"n":"Désinfectant nettoyant Sanytol Multi-surfaces - Eucalyptus 1L","p":2.05,"u":"2,05 €/L","img":"https://fd1-photos.leclercdrive.fr/image.ashx?id=2866319&use=l&cat=p&typeid=i","cat":284907},{"id":225623,"n":"Lingettes optiques - Nettoyant  lunettes x30","p":1.29,"u":"0,04 €/P","img":"https://fd1-photos.leclercdrive.fr/image.ashx?id=2681539&use=l&cat=p&typeid=i","cat":288862},{"id":225645,"n":"Crêpes au caramel Whaou x8 - 256g","p":2.39,"u":"9,34 €/KG","img":"https://fd1-photos.leclercdrive.fr/image.ashx?id=2962869&use=l&cat=p&typeid=i","cat":284494},{"id":225646,"n":"Maïs Géant Vert extra croquant sans résidu pesticides - 3x140g","p":2.38,"u":"5,67 €/KG","img":"https://fd1-photos.leclercdrive.fr/image.ashx?id=2977369&use=l&cat=p&typeid=i","cat":312611},{"id":225647,"n":"Maïs Géant Vert extra tendre sans résidu pesticides - 3x140g","p":2.38,"u":"5,67 €/KG","img":"https://fd1-photos.leclercdrive.fr/image.ashx?id=2977366&use=l&cat=p&typeid=i","cat":312611},{"id":225655,"n":"Huile d'olive Terra Delyssa Vierge extra - 75cl","p":8.59,"u":"11,45 €/L","img":"https://fd1-photos.leclercdrive.fr/image.ashx?id=2686153&use=l&cat=p&typeid=i","cat":284453},{"id":225703,"n":"Aérosol répulsif Raid Moustiques - 300ml","p":2.79,"u":"9,30 €/L","img":"https://fd1-photos.leclercdrive.fr/image.ashx?id=2736385&use=l&cat=p&typeid=i","cat":298368},{"id":225706,"n":"Aérosol répulsif Raid Fourmis et cafards - 300ml","p":2.99,"u":"9,97 €/L","img":"https://fd1-photos.leclercdrive.fr/image.ashx?id=2736382&use=l&cat=p&typeid=i","cat":298368},{"id":225712,"n":"Infusion Yogi Bio Défenses immunitaires x15 - 30g","p":2.49,"u":"83,00 €/KG","img":"https://fd1-photos.leclercdrive.fr/image.ashx?id=2683196&use=l&cat=p&typeid=i","cat":293234},{"id":225714,"n":"Infusion Yogi Bio Elixir pour la gorge x15 - 27g","p":2.48,"u":"91,85 €/KG","img":"https://fd1-photos.leclercdrive.fr/image.ashx?id=2683199&use=l&cat=p&typeid=i","cat":293234},{"id":225717,"n":"Infusion Yogi Bio Curcuma gingembre - x15 - 30g","p":2.49,"u":"83,00 €/KG","img":"https://fd1-photos.leclercdrive.fr/image.ashx?id=2683202&use=l&cat=p&typeid=i","cat":293234},{"id":225732,"n":"Bonbons Haribo méga fête Assortiment mini sachets - 880g","p":8.46,"u":"9,61 €/KG","img":"https://fd1-photos.leclercdrive.fr/image.ashx?id=2984961&use=l&cat=p&typeid=i","cat":304250},{"id":225749,"n":"Masque Lissant Ultra Doux Eau de Riz - 340ml","p":4.89,"u":"14,38 €/L","img":"https://fd1-photos.leclercdrive.fr/image.ashx?id=2684233&use=l&cat=p&typeid=i","cat":284608},{"id":225751,"n":"Shampoing Lissant Ultra Doux Cheveux longs - 250ml","p":2.58,"u":"10,32 €/L","img":"https://fd1-photos.leclercdrive.fr/image.ashx?id=2684236&use=l&cat=p&typeid=i","cat":284606},{"id":225752,"n":"Après-shampooing Garnier Ultra Doux - Eau de riz - 200ml","p":2.58,"u":"12,90 €/L","img":"https://fd1-photos.leclercdrive.fr/image.ashx?id=2684239&use=l&cat=p&typeid=i","cat":284607},{"id":225755,"n":"Crème dépilatoire Veet Men Peaux sensibles - 400ml","p":6.91,"u":"17,28 €/L","img":"https://fd1-photos.leclercdrive.fr/image.ashx?id=2785448&use=l&cat=p&typeid=i","cat":284617},{"id":225784,"n":"Bandes de cire Veet Pure Froide - Aisselles - x16","p":4.31,"u":"0,27 €/P","img":"https://fd1-photos.leclercdrive.fr/image.ashx?id=2970795&use=l&cat=p&typeid=i","cat":325351},{"id":225785,"n":"Bandes de cire Veet Pure Jambes - x20","p":4.84,"u":"0,24 €/P","img":"https://fd1-photos.leclercdrive.fr/image.ashx?id=2964956&use=l&cat=p&typeid=i","cat":325351},{"id":225786,"n":"Lingettes Intima Regul'Active - x20","p":2.64,"u":"0,13 €/P","img":"https://fd1-photos.leclercdrive.fr/image.ashx?id=2689787&use=l&cat=p&typeid=i","cat":284627},{"id":225788,"n":"Recharge savon Dettol Karité - 250ml","p":3.14,"u":"12,56 €/L","img":"https://fd1-photos.leclercdrive.fr/image.ashx?id=2969016&use=l&cat=p&typeid=i","cat":284597},{"id":225789,"n":"Bandes de cire Veet Maillot - x16","p":4.56,"u":"0,29 €/P","img":"https://fd1-photos.leclercdrive.fr/image.ashx?id=2865662&use=l&cat=p&typeid=i","cat":325351},{"id":225793,"n":"Liquide vaisselle Paic Acti Froid - Menthe - 500ml","p":2.31,"u":"4,62 €/L","img":"https://fd1-photos.leclercdrive.fr/image.ashx?id=2684335&use=l&cat=p&typeid=i","cat":284655},{"id":225794,"n":"Gle intime Mucogyne Non-hormonal x8 unidoses 40ml","p":15.28,"u":"382,00 €/L","img":"https://fd1-photos.leclercdrive.fr/image.ashx?id=2913295&use=l&cat=p&typeid=i","cat":328622},{"id":225795,"n":"Lubrifiant Saforelle Intime - 30ml","p":8.77,"u":"292,33 €/L","img":"https://fd1-photos.leclercdrive.fr/image.ashx?id=2684164&use=l&cat=p&typeid=i","cat":328622},{"id":225796,"n":"Crème Créaline DS+crème Bioderma - Soin apaisant 40ml","p":12.09,"u":"302,25 €/L","img":"https://fd1-photos.leclercdrive.fr/image.ashx?id=2683775&use=l&cat=p&typeid=i","cat":291171},{"id":225798,"n":"Crème hydraliane SVR Hydratation intense - 50ml","p":13.9,"u":"278,00 €/L","img":"https://fd1-photos.leclercdrive.fr/image.ashx?id=2968355&use=l&cat=p&typeid=i","cat":291171},{"id":225849,"n":"Toast de pain grillé Apero&Co 100g","p":2.86,"u":"28,60 €/KG","img":"https://fd1-photos.leclercdrive.fr/image.ashx?id=2685255&use=l&cat=p&typeid=i","cat":285454},{"id":225869,"n":"Blanc de poulet nature Herta - 4 tranches - 120g","p":1.54,"u":"12,83 €/KG","img":"https://fd1-photos.leclercdrive.fr/image.ashx?id=2684961&use=l&cat=p&typeid=i","cat":316010},{"id":225891,"n":"Bière blonde 1664 5,5° - 18x25cl","p":11.4,"pp":8.55,"u":"1,90 €/L","img":"https://fd1-photos.leclercdrive.fr/image.ashx?id=2684931&use=l&cat=p&typeid=i","cat":334873},{"id":225931,"n":"Tuiles Monster Munch  Crazy barbecue - 150g","p":1.9,"u":"12,67 €/KG","img":"https://fd1-photos.leclercdrive.fr/image.ashx?id=2923993&use=l&cat=p&typeid=i","cat":287899},{"id":226108,"n":"Chocolat Nesquik 800g","p":4.69,"u":"5,86 €/KG","img":"https://fd1-photos.leclercdrive.fr/image.ashx?id=3005377&use=l&cat=p&typeid=i","cat":293235},{"id":226115,"n":"Gourde compotes Pom'potes 5 fruits jaunes - 4x90g","p":2.3,"u":"6,39 €/KG","img":"https://fd1-photos.leclercdrive.fr/image.ashx?id=2991825&use=l&cat=p&typeid=i","cat":284508},{"id":226116,"n":"Chewing-gum Mentos Pure Fresh  Fresh Mint sans sucres - 100g","p":2.77,"u":"27,70 €/KG","img":"https://fd1-photos.leclercdrive.fr/image.ashx?id=2687707&use=l&cat=p&typeid=i","cat":304251},{"id":226122,"n":"Biscuits Delacre Cigarettes Russes - 230g","p":1.84,"u":"8,00 €/KG","img":"https://fd1-photos.leclercdrive.fr/image.ashx?id=2688833&use=l&cat=p&typeid=i","cat":284490},{"id":226159,"n":"Feuille de chêne rouge 2p","p":2.2,"u":"1,10 €/P","img":"https://fd1-photos.leclercdrive.fr/image.ashx?id=2568226&use=l&cat=p&typeid=i","cat":284352},{"id":226162,"n":"Feuille de chêne verte 2p","p":2.2,"u":"1,10 €/P","img":"https://fd1-photos.leclercdrive.fr/image.ashx?id=2568220&use=l&cat=p&typeid=i","cat":284352},{"id":226295,"n":"Purée amandes Rigoni di Asiago Bio - 220g","p":6.89,"u":"31,32 €/KG","img":"https://fd1-photos.leclercdrive.fr/image.ashx?id=2966791&use=l&cat=p&typeid=i","cat":284481},{"id":226302,"n":"Pâtes fraîches RANA Ravioli  Cèpes Champignons Ricotta -250g","p":2.68,"u":"10,72 €/KG","img":"https://fd1-photos.leclercdrive.fr/image.ashx?id=2737381&use=l&cat=p&typeid=i","cat":333682},{"id":226320,"n":"Croquettes Edgard Cooper Naturelles sans céréales - 750g","p":7.59,"u":"10,12 €/KG","img":"https://fd1-photos.leclercdrive.fr/image.ashx?id=2770575&use=l&cat=p&typeid=i","cat":284680},{"id":226323,"n":"Couscous Tipiak Familial - 630g","p":1.73,"u":"2,75 €/KG","img":"https://fd1-photos.leclercdrive.fr/image.ashx?id=2854624&use=l&cat=p&typeid=i","cat":284429},{"id":226339,"n":"Sardines Parmentier Filet d'huile d'olive - 135g","p":1.92,"u":"14,22 €/KG","img":"https://fd1-photos.leclercdrive.fr/image.ashx?id=2826531&use=l&cat=p&typeid=i","cat":305146},{"id":226346,"n":"Boisson Gazeuse Maison Perrier Forever Gingembre Citron 1L","p":0.95,"u":"0,95 €/L","img":"https://fd1-photos.leclercdrive.fr/image.ashx?id=2692818&use=l&cat=p&typeid=i","cat":284536},{"id":226355,"n":"Liqueur Eclat de Menthe Menthe fraîche - 18% - 70cl","p":9.9,"u":"14,14 €/L","img":"https://fd1-photos.leclercdrive.fr/image.ashx?id=2792018&use=l&cat=p&typeid=i","cat":286032},{"id":226412,"n":"Barre de céréales Nature Valley  Protéine cranberries x4 -160g","p":2.7,"u":"16,88 €/KG","img":"https://fd1-photos.leclercdrive.fr/image.ashx?id=2693869&use=l&cat=p&typeid=i","cat":285869},{"id":226415,"n":"Gâteaux moelleux Kinder Délice Coeur lait enrobé Cacao - 4x39g","p":2.06,"u":"13,21 €/KG","img":"https://fd1-photos.leclercdrive.fr/image.ashx?id=2693851&use=l&cat=p&typeid=i","cat":284495},{"id":226438,"n":"Soda Coca-Cola Original Canette - Pack 6x20CL","p":3.65,"u":"3,04 €/L","img":"https://fd1-photos.leclercdrive.fr/image.ashx?id=2766571&use=l&cat=p&typeid=i","cat":284530},{"id":226454,"n":"Pinsa à garnir L'Italie des Pizzas - 2x250g","p":5.39,"u":"10,78 €/KG","img":"https://fd1-photos.leclercdrive.fr/image.ashx?id=2693866&use=l&cat=p&typeid=i","cat":333681},{"id":226455,"n":"Chewing-gum Mentos Pure Fresh  Fresh Chloro sans sucres - 100g","p":2.77,"u":"27,70 €/KG","img":"https://fd1-photos.leclercdrive.fr/image.ashx?id=2693434&use=l&cat=p&typeid=i","cat":304251},{"id":226481,"n":"Sucre de canne roux Canadou 70cl","p":3.14,"u":"4,49 €/L","img":"https://fd1-photos.leclercdrive.fr/image.ashx?id=2694446&use=l&cat=p&typeid=i","cat":284502},{"id":226493,"n":"G&T sans alcool Sir James 25cl","p":1.93,"u":"7,72 €/L","img":"https://fd1-photos.leclercdrive.fr/image.ashx?id=2902445&use=l&cat=p&typeid=i","cat":284549},{"id":226496,"n":"Biscuit Lotus Biscoff Speculoos Original Pocket 186g (12x2p)","p":1.53,"u":"8,23 €/KG","img":"https://fd1-photos.leclercdrive.fr/image.ashx?id=2695004&use=l&cat=p&typeid=i","cat":284487},{"id":226510,"n":"Biscuits BN Chocolats -570g","p":2.33,"img":"https://fd1-photos.leclercdrive.fr/image.ashx?id=2693509&use=l&cat=p&typeid=i","cat":284488},{"id":226514,"n":"Filet de cabillaud Fish & Chips L'Atelier Poissonnerie - 200g","p":3.89,"u":"19,45 €/KG","img":"https://fd1-photos.leclercdrive.fr/image.ashx?id=2714456&use=l&cat=p&typeid=i","cat":284344},{"id":226526,"n":"Olive verte farcie Tramier  Amande - 160g","p":2.96,"u":"18,50 €/KG","img":"https://fd1-photos.leclercdrive.fr/image.ashx?id=2693467&use=l&cat=p&typeid=i","cat":284450},{"id":226528,"n":"Olives vertes Tramier Dénoyautées - 160g","p":2.13,"u":"13,31 €/KG","img":"https://fd1-photos.leclercdrive.fr/image.ashx?id=2988309&use=l&cat=p&typeid=i","cat":284450},{"id":226532,"n":"Olives noires Tramier  Denoyautées - 100g","p":1.59,"u":"15,90 €/KG","img":"https://fd1-photos.leclercdrive.fr/image.ashx?id=2693458&use=l&cat=p&typeid=i","cat":284450},{"id":226593,"n":"Croustis chèvres Soignon 100g","p":1.94,"u":"19,40 €/KG","img":"https://fd1-photos.leclercdrive.fr/image.ashx?id=2769729&use=l&cat=p&typeid=i","cat":314027},{"id":226622,"n":"Biberon + poignées col large Serenity+ Nuk - 360ml","p":7.9,"img":"https://fd1-photos.leclercdrive.fr/image.ashx?id=2694554&use=l&cat=p&typeid=i","cat":284742},{"id":226624,"n":"Biberon col large Serenity+ Nuk 150ml","p":5.9,"img":"https://fd1-photos.leclercdrive.fr/image.ashx?id=2694536&use=l&cat=p&typeid=i","cat":284742},{"id":226646,"n":"Boisson Gazeuse Maison Perrier Forever Citron Vert 1L","p":0.98,"u":"0,98 €/L","img":"https://fd1-photos.leclercdrive.fr/image.ashx?id=2695103&use=l&cat=p&typeid=i","cat":284536},{"id":226657,"n":"Boisson Gazeuse Maison Perrier Forever Citron 1L","p":1.0,"u":"1,00 €/L","img":"https://fd1-photos.leclercdrive.fr/image.ashx?id=2887311&use=l&cat=p&typeid=i","cat":284536},{"id":226659,"n":"Boisson Gazeuse Maison Perrier Forever Orange 1L","p":0.98,"u":"0,98 €/L","img":"https://fd1-photos.leclercdrive.fr/image.ashx?id=2695106&use=l&cat=p&typeid=i","cat":284536},{"id":226661,"n":"Boisson Gazeuse Maison Perrier Forever Menthe 1L","p":0.98,"u":"0,98 €/L","img":"https://fd1-photos.leclercdrive.fr/image.ashx?id=2695112&use=l&cat=p&typeid=i","cat":284536},{"id":226663,"n":"Boisson Gazeuse Maison Perrier Forever Citron 6x50cl","p":3.96,"u":"1,32 €/L","img":"https://fd1-photos.leclercdrive.fr/image.ashx?id=2695100&use=l&cat=p&typeid=i","cat":284536},{"id":226664,"n":"Boisson Gazeuse Maison Perrier Forever Citron Vert 6x50cl","p":3.96,"u":"1,32 €/L","img":"https://fd1-photos.leclercdrive.fr/image.ashx?id=2695109&use=l&cat=p&typeid=i","cat":284536},{"id":226667,"n":"Boisson Gazeuse Maison Perrier Forever Citron 6x33cl","p":3.16,"u":"1,60 €/L","img":"https://fd1-photos.leclercdrive.fr/image.ashx?id=2878447&use=l&cat=p&typeid=i","cat":284536},{"id":226668,"n":"Boisson Gazeuse Maison Perrier Forever Citron Vert 6x33cl","p":3.16,"u":"1,60 €/L","img":"https://fd1-photos.leclercdrive.fr/image.ashx?id=2887308&use=l&cat=p&typeid=i","cat":284536},{"id":226776,"n":"Thé noir fruits rouges Lipton 20 sachets - 30g","p":1.73,"u":"57,67 €/KG","img":"https://fd1-photos.leclercdrive.fr/image.ashx?id=2695359&use=l&cat=p&typeid=i","cat":293233},{"id":226777,"n":"Thé noir vanille et caramel 20 sachets - 34g","p":2.45,"u":"72,06 €/KG","img":"https://fd1-photos.leclercdrive.fr/image.ashx?id=2736703&use=l&cat=p&typeid=i","cat":293233},{"id":226778,"n":"Thé noir orange Lipton 20 sachets - 34g","p":2.46,"u":"72,35 €/KG","img":"https://fd1-photos.leclercdrive.fr/image.ashx?id=2695371&use=l&cat=p&typeid=i","cat":293233},{"id":226781,"n":"Thé noir pêche mangue Lipton 20 sachets - 34g","p":2.41,"u":"70,88 €/KG","img":"https://fd1-photos.leclercdrive.fr/image.ashx?id=2695362&use=l&cat=p&typeid=i","cat":293233},{"id":226788,"n":"Amandes émondées grillées Bio - 200g","p":4.8,"u":"24,00 €/KG","img":"https://fd1-photos.leclercdrive.fr/image.ashx?id=2694290&use=l&cat=p&typeid=i","cat":284357},{"id":226789,"n":"Noix de Cajou curry Bio - 250g","p":6.63,"u":"26,52 €/KG","img":"https://fd1-photos.leclercdrive.fr/image.ashx?id=2694296&use=l&cat=p&typeid=i","cat":284357},{"id":226790,"n":"Pistaches décortiquées Bio - 200g","p":15.5,"u":"77,50 €/KG","img":"https://fd1-photos.leclercdrive.fr/image.ashx?id=2694293&use=l&cat=p&typeid=i","cat":284357},{"id":226806,"n":"Liquide de rinçage Sun Brillance - 500ml","p":3.31,"u":"6,62 €/L","img":"https://fd1-photos.leclercdrive.fr/image.ashx?id=2829099&use=l&cat=p&typeid=i","cat":284657},{"id":226813,"n":"Déodorant stick Sanex  Zéro% Sensitive - 65ml","p":2.53,"u":"38,92 €/L","img":"https://fd1-photos.leclercdrive.fr/image.ashx?id=2745415&use=l&cat=p&typeid=i","cat":284595},{"id":226818,"n":"Dentifrice Sensodyne Soin  complet Triple action - 75ml","p":3.98,"u":"53,07 €/L","img":"https://fd1-photos.leclercdrive.fr/image.ashx?id=2997778&use=l&cat=p&typeid=i","cat":284612},{"id":226827,"n":"Nettoyant Machine Sun Lave Vaisselle 3 Doses","p":3.4,"u":"28,33 €/KG","img":"https://fd1-photos.leclercdrive.fr/image.ashx?id=2738710&use=l&cat=p&typeid=i","cat":284657},{"id":226830,"n":"Dentifrice Sensodyne Répare & protège Blancheur - 75ml","p":4.49,"u":"59,87 €/L","img":"https://fd1-photos.leclercdrive.fr/image.ashx?id=2872955&use=l&cat=p&typeid=i","cat":284612},{"id":226856,"n":"P'tit onctueux pêche Nestlé sans sucres ajoutés - 4x90g","p":1.99,"u":"5,53 €/KG","img":"https://fd1-photos.leclercdrive.fr/image.ashx?id=2695124&use=l&cat=p&typeid=i","cat":312392},{"id":226876,"n":"P'tit brassé banane Nestlé mangue sans sucre - 4x90g","p":1.99,"u":"5,53 €/KG","img":"https://fd1-photos.leclercdrive.fr/image.ashx?id=2696133&use=l&cat=p&typeid=i","cat":312392},{"id":226879,"n":"Pate tomate colin Naturnes Dès 6 mois - 2x90g","p":2.09,"u":"11,61 €/KG","img":"https://fd1-photos.leclercdrive.fr/image.ashx?id=2696139&use=l&cat=p&typeid=i","cat":312235},{"id":226882,"n":"Chocolat en poudre Nesquik 300g","p":2.87,"u":"9,57 €/KG","img":"https://fd1-photos.leclercdrive.fr/image.ashx?id=3005374&use=l&cat=p&typeid=i","cat":293235},{"id":226911,"n":"Bille au chocolat Maltesers 400g","p":5.62,"u":"14,05 €/KG","img":"https://fd1-photos.leclercdrive.fr/image.ashx?id=2976050&use=l&cat=p&typeid=i","cat":304238},{"id":226920,"n":"Bonbons Skittles  152g","p":1.36,"u":"8,95 €/KG","img":"https://fd1-photos.leclercdrive.fr/image.ashx?id=3008984&use=l&cat=p&typeid=i","cat":304250},{"id":226971,"n":"Sun Tablettes Lave-Vaisselle Tout en 1 Expert Plus x40","p":7.9,"u":"11,29 €/KG","img":"https://fd1-photos.leclercdrive.fr/image.ashx?id=2942012&use=l&cat=p&typeid=i","cat":284656},{"id":226973,"n":"Sun Tablettes Lave-Vaisselle Tout en 1 Citron Ecolabel x46","p":7.9,"u":"10,41 €/KG","img":"https://fd1-photos.leclercdrive.fr/image.ashx?id=3000905&use=l&cat=p&typeid=i","cat":284656},{"id":226991,"n":"Crème protectrice Florgynelle Probiotique - 15ml","p":8.75,"u":"583,33 €/L","img":"https://fd1-photos.leclercdrive.fr/image.ashx?id=2878120&use=l&cat=p&typeid=i","cat":328622},{"id":226996,"n":"Soin intime Saforelle Miss Et corporel - Dès 2 ans 250ml","p":6.86,"u":"27,44 €/L","img":"https://fd1-photos.leclercdrive.fr/image.ashx?id=2696625&use=l&cat=p&typeid=i","cat":328622},{"id":227043,"n":"Soin intime Saforelle Miss Et corporel - 500ml","p":10.99,"u":"21,98 €/L","img":"https://fd1-photos.leclercdrive.fr/image.ashx?id=2697174&use=l&cat=p&typeid=i","cat":328622},{"id":227044,"n":"Soin lavant Saforelle Fraîcheur - 250ml","p":6.6,"u":"26,40 €/L","img":"https://fd1-photos.leclercdrive.fr/image.ashx?id=2711659&use=l&cat=p&typeid=i","cat":301348},{"id":227054,"n":"Gel intime Mucogyne 70ml","p":13.51,"u":"193,00 €/L","img":"https://fd1-photos.leclercdrive.fr/image.ashx?id=2913355&use=l&cat=p&typeid=i","cat":328622},{"id":227058,"n":"Lait ultra invisible Bioderma Photoderm - SPF50+ - 200ML","p":18.52,"u":"92,60 €/L","img":"https://fd1-photos.leclercdrive.fr/image.ashx?id=2696723&use=l&cat=p&typeid=i","cat":290396},{"id":227070,"n":"Thé glacé pétillant Lipton Ice Tea pêche - bouteille 1.25L","p":1.6,"u":"1,28 €/L","img":"https://fd1-photos.leclercdrive.fr/image.ashx?id=2887704&use=l&cat=p&typeid=i","cat":295019},{"id":227239,"n":"Shampooing Nodé DS+ Bioderma Antipelliculaire intense  125ml","p":10.15,"u":"81,20 €/L","img":"https://fd1-photos.leclercdrive.fr/image.ashx?id=2697860&use=l&cat=p&typeid=i","cat":290400},{"id":227240,"n":"Crème ultra parfumée Bioderma Ultra-nourrissante - 500ml","p":12.17,"u":"24,34 €/L","img":"https://fd1-photos.leclercdrive.fr/image.ashx?id=2981208&use=l&cat=p&typeid=i","cat":290421},{"id":227241,"n":"Sitck lèvres Atoderm Bioderma 2x4g","p":5.9,"u":"737,50 €/KG","img":"https://fd1-photos.leclercdrive.fr/image.ashx?id=2956556&use=l&cat=p&typeid=i","cat":291172},{"id":227242,"n":"Soin hydratant Bioderma Anti-imperfections - 30ml","p":11.2,"u":"373,33 €/L","img":"https://fd1-photos.leclercdrive.fr/image.ashx?id=2697836&use=l&cat=p&typeid=i","cat":291166},{"id":227243,"n":"Soin lavant Saforelle Ultra Hydratant - Eco recharge 400ml","p":8.94,"u":"22,35 €/L","img":"https://fd1-photos.leclercdrive.fr/image.ashx?id=2697839&use=l&cat=p&typeid=i","cat":301348},{"id":227244,"n":"Huile lavante Uriage 500ml","p":6.78,"u":"13,56 €/L","img":"https://fd1-photos.leclercdrive.fr/image.ashx?id=2697854&use=l&cat=p&typeid=i","cat":301591},{"id":227245,"n":"Baume démaquillant SVR Sensifine - 100g","p":9.9,"u":"99,00 €/KG","img":"https://fd1-photos.leclercdrive.fr/image.ashx?id=2697857&use=l&cat=p&typeid=i","cat":301587},{"id":227246,"n":"Ampoule flash Sebiaclear SVR Anti-imperfections - 30ml","p":20.89,"u":"696,33 €/L","img":"https://fd1-photos.leclercdrive.fr/image.ashx?id=2965142&use=l&cat=p&typeid=i","cat":291171},{"id":227247,"n":"Crème Sebiaclear SVR Matifiant hydratant - 40ml","p":8.9,"u":"222,50 €/L","img":"https://fd1-photos.leclercdrive.fr/image.ashx?id=2967893&use=l&cat=p&typeid=i","cat":291166},{"id":227298,"n":"Biscuits sablés McVitie's  Flocon avoine chocolat 300g","p":2.45,"u":"8,17 €/KG","img":"https://fd1-photos.leclercdrive.fr/image.ashx?id=2700641&use=l&cat=p&typeid=i","cat":284487},{"id":227307,"n":"Café capsules Dolce Gusto Starbucks White Moka - 123g","p":4.39,"u":"35,69 €/KG","img":"https://fd1-photos.leclercdrive.fr/image.ashx?id=3000459&use=l&cat=p&typeid=i","cat":284749},{"id":227311,"n":"Bière Pelican rouge  50cl","p":2.21,"pp":1.55,"u":"3,10 €/L","img":"https://fd1-photos.leclercdrive.fr/image.ashx?id=2700107&use=l&cat=p&typeid=i","cat":334853},{"id":227318,"n":"P'tite Céréale Nestlé Vanille - 415g","p":2.62,"u":"6,31 €/KG","img":"https://fd1-photos.leclercdrive.fr/image.ashx?id=2700773&use=l&cat=p&typeid=i","cat":312225},{"id":227320,"n":"Céréales Nesquik 675g","p":4.45,"u":"6,59 €/KG","img":"https://fd1-photos.leclercdrive.fr/image.ashx?id=2971434&use=l&cat=p&typeid=i","cat":309513},{"id":227323,"n":"Céréales Crunch Nestlé 675g","p":4.45,"u":"6,59 €/KG","img":"https://fd1-photos.leclercdrive.fr/image.ashx?id=2949085&use=l&cat=p&typeid=i","cat":309513},{"id":227325,"n":"P'tite céréales Nestlé Saveur biscuit - 415g","p":3.15,"u":"7,59 €/KG","img":"https://fd1-photos.leclercdrive.fr/image.ashx?id=2700776&use=l&cat=p&typeid=i","cat":312225},{"id":227329,"n":"P'tite céréale Nestlé 415g","p":3.13,"u":"7,54 €/KG","img":"https://fd1-photos.leclercdrive.fr/image.ashx?id=2700770&use=l&cat=p&typeid=i","cat":312225},{"id":227331,"n":"P'tite céréales Nestlé Cacao - 415g","p":2.6,"u":"6,27 €/KG","img":"https://fd1-photos.leclercdrive.fr/image.ashx?id=2700767&use=l&cat=p&typeid=i","cat":312225},{"id":227339,"n":"Capsules Nescafé Dolce Gusto  Lungo - x16","p":4.51,"u":"50,11 €/KG","img":"https://fd1-photos.leclercdrive.fr/image.ashx?id=2907716&use=l&cat=p&typeid=i","cat":293239},{"id":227341,"n":"Céréales Lion Nestlé 1.05kg","p":6.08,"u":"6,08 €/KG","img":"https://fd1-photos.leclercdrive.fr/image.ashx?id=2995433&use=l&cat=p&typeid=i","cat":309513},{"id":227352,"n":"Céréales Chocapic  645g","p":4.46,"u":"6,91 €/KG","img":"https://fd1-photos.leclercdrive.fr/image.ashx?id=2977732&use=l&cat=p&typeid=i","cat":309513},{"id":227372,"n":"Céréales Lion 675g","p":4.45,"u":"6,59 €/KG","img":"https://fd1-photos.leclercdrive.fr/image.ashx?id=2997256&use=l&cat=p&typeid=i","cat":309513},{"id":227374,"n":"Céréales Chocapic 375g","p":2.79,"u":"7,44 €/KG","img":"https://fd1-photos.leclercdrive.fr/image.ashx?id=2977408&use=l&cat=p&typeid=i","cat":309513},{"id":227375,"n":"Capsule Nescafé Farmers Origins  Brazil Int 8 - x10","p":2.39,"u":"54,32 €/KG","img":"https://fd1-photos.leclercdrive.fr/image.ashx?id=2952166&use=l&cat=p&typeid=i","cat":284749},{"id":227376,"n":"Croquette Friskies Vitafit  Boeuf - 3kg","p":7.22,"u":"2,41 €/KG","img":"https://fd1-photos.leclercdrive.fr/image.ashx?id=2986999&use=l&cat=p&typeid=i","cat":284672},{"id":227378,"n":"Croquettes Friskies junior Poulet & legumes - 1.5kg","p":5.33,"u":"3,55 €/KG","img":"https://fd1-photos.leclercdrive.fr/image.ashx?id=2699612&use=l&cat=p&typeid=i","cat":284680},{"id":227381,"n":"Croquettes Friskies Vitafit Poulet & legumes - 3kg","p":7.22,"u":"2,41 €/KG","img":"https://fd1-photos.leclercdrive.fr/image.ashx?id=2986981&use=l&cat=p&typeid=i","cat":284672},{"id":227391,"n":"Croquettes Friskies Saumon & legumes - 3 kg","p":10.15,"u":"3,38 €/KG","img":"https://fd1-photos.leclercdrive.fr/image.ashx?id=2940615&use=l&cat=p&typeid=i","cat":284680},{"id":227397,"n":"Croquettes Friskies  Dinde & legumes - 1.5kg","p":5.35,"u":"3,57 €/KG","img":"https://fd1-photos.leclercdrive.fr/image.ashx?id=2699621&use=l&cat=p&typeid=i","cat":284680},{"id":227400,"n":"Croquettes chat Friskies Saumon et legumes - 1.5 kg","p":5.27,"u":"3,51 €/KG","img":"https://fd1-photos.leclercdrive.fr/image.ashx?id=2940600&use=l&cat=p&typeid=i","cat":284680},{"id":227408,"n":"Riz basmati Taureau Ailé 220g","p":1.65,"u":"7,50 €/KG","img":"https://fd1-photos.leclercdrive.fr/image.ashx?id=2916330&use=l&cat=p&typeid=i","cat":287600},{"id":227445,"n":"Riz basmati Taureau Ailé Nature - 220g","p":1.6,"u":"7,27 €/KG","img":"https://fd1-photos.leclercdrive.fr/image.ashx?id=2916327&use=l&cat=p&typeid=i","cat":287600},{"id":227505,"n":"Mini haché de porc Henaff Tomate basilic x6 - 240g","p":4.48,"u":"18,67 €/KG","img":"https://fd1-photos.leclercdrive.fr/image.ashx?id=2700494&use=l&cat=p&typeid=i","cat":284332},{"id":227512,"n":"Chips Savour  Sel de guerande - 120g","p":1.48,"u":"12,33 €/KG","img":"https://fd1-photos.leclercdrive.fr/image.ashx?id=2743828&use=l&cat=p&typeid=i","cat":284447},{"id":227532,"n":"Chips Lay's Barbecue - 250g","p":2.05,"u":"8,20 €/KG","img":"https://fd1-photos.leclercdrive.fr/image.ashx?id=2994488&use=l&cat=p&typeid=i","cat":284447},{"id":227534,"n":"Chips Lay's Barbecue - 135g","p":1.16,"u":"8,59 €/KG","img":"https://fd1-photos.leclercdrive.fr/image.ashx?id=2994485&use=l&cat=p&typeid=i","cat":284447},{"id":227542,"n":"Croquettes pour chien Friskies Vitafit 12kg","p":25.62,"u":"2,14 €/KG","img":"https://fd1-photos.leclercdrive.fr/image.ashx?id=2986987&use=l&cat=p&typeid=i","cat":284672},{"id":227592,"n":"Jambon cru Serrano Aoste 6 tranches - 100g","p":3.3,"u":"33,00 €/KG","img":"https://fd1-photos.leclercdrive.fr/image.ashx?id=2937184&use=l&cat=p&typeid=i","cat":316007},{"id":227600,"n":"Croquettes chat Friskies Boeuf, poulet et légumes - 3kg","p":10.15,"u":"3,38 €/KG","img":"https://fd1-photos.leclercdrive.fr/image.ashx?id=2940603&use=l&cat=p&typeid=i","cat":284680},{"id":227602,"n":"Croquettes Friskies  Poulet & légumes  1,5 kg","p":5.35,"u":"3,57 €/KG","img":"https://fd1-photos.leclercdrive.fr/image.ashx?id=2701400&use=l&cat=p&typeid=i","cat":284680},{"id":227603,"n":"Croquettes chat stérilisé Friskies Agneau légumes - 1.5kg","p":5.59,"u":"3,73 €/KG","img":"https://fd1-photos.leclercdrive.fr/image.ashx?id=2701064&use=l&cat=p&typeid=i","cat":284680},{"id":227612,"n":"Croquettes chien light Friskies Poulet & légumes - 3kg","p":8.35,"u":"2,78 €/KG","img":"https://fd1-photos.leclercdrive.fr/image.ashx?id=2987002&use=l&cat=p&typeid=i","cat":284672},{"id":227626,"n":"Barres chocolatées Mars  x7 - 315g","p":2.89,"u":"9,17 €/KG","img":"https://fd1-photos.leclercdrive.fr/image.ashx?id=2701043&use=l&cat=p&typeid=i","cat":284498},{"id":227629,"n":"Barres chocolatées Snickers x7 - 350g","p":3.29,"u":"9,40 €/KG","img":"https://fd1-photos.leclercdrive.fr/image.ashx?id=2701040&use=l&cat=p&typeid=i","cat":284498},{"id":227633,"n":"Barres chocolatées Twix  x10 -210g","p":2.25,"u":"10,71 €/KG","img":"https://fd1-photos.leclercdrive.fr/image.ashx?id=2980091&use=l&cat=p&typeid=i","cat":284498},{"id":227671,"n":"Bière aromatisée Desperados Tropical -  6X33cl","p":8.8,"u":"4,44 €/L","img":"https://fd1-photos.leclercdrive.fr/image.ashx?id=2701142&use=l&cat=p&typeid=i","cat":334878},{"id":227684,"n":"Barres chocolatées Twix x7 - 350g","p":3.22,"u":"9,20 €/KG","img":"https://fd1-photos.leclercdrive.fr/image.ashx?id=2701028&use=l&cat=p&typeid=i","cat":284498},{"id":227701,"n":"Chocolat Pâtissier Nestlé Dessert Blanc - 170g","p":3.03,"u":"17,82 €/KG","img":"https://fd1-photos.leclercdrive.fr/image.ashx?id=2895062&use=l&cat=p&typeid=i","cat":284957},{"id":227702,"n":"Fromage enfant La Vache qui rit Pik&Croq 8 portions - 280g","p":3.32,"u":"11,86 €/KG","img":"https://fd1-photos.leclercdrive.fr/image.ashx?id=2945436&use=l&cat=p&typeid=i","cat":314030},{"id":227719,"n":"Jambon cuit supérieur découenné L'Atelier Charcuterie x4 - 220g","p":3.8,"u":"17,27 €/KG","img":"https://fd1-photos.leclercdrive.fr/image.ashx?id=2907413&use=l&cat=p&typeid=i","cat":316009},{"id":227721,"n":"Jambon cuit avec couenne L'Atelier Charcuterie x2 - 110g","p":2.04,"u":"18,55 €/KG","img":"https://fd1-photos.leclercdrive.fr/image.ashx?id=2999039&use=l&cat=p&typeid=i","cat":316009},{"id":227722,"n":"Jambon cuit découenné L'Atelier Charcuterie x2 - 110g","p":2.21,"u":"20,09 €/KG","img":"https://fd1-photos.leclercdrive.fr/image.ashx?id=2999036&use=l&cat=p&typeid=i","cat":316009},{"id":227723,"n":"Jambon cuit supérieur -25% sel L'Atelier Charcuterie x4 - 220g","p":4.57,"u":"20,77 €/KG","img":"https://fd1-photos.leclercdrive.fr/image.ashx?id=2909356&use=l&cat=p&typeid=i","cat":316009},{"id":227729,"n":"Café au lait Soluble Nescafé 3en1 - x10 - 165g","p":1.89,"u":"11,45 €/KG","img":"https://fd1-photos.leclercdrive.fr/image.ashx?id=2854759&use=l&cat=p&typeid=i","cat":284843},{"id":227731,"n":"Céréales Nesquik  375g","p":2.69,"u":"7,17 €/KG","img":"https://fd1-photos.leclercdrive.fr/image.ashx?id=2977411&use=l&cat=p&typeid=i","cat":309513},{"id":227739,"n":"Capsule Nescafé Farmers Origins  Colombia Décaféiné Int 6 - x10","p":2.79,"u":"52,64 €/KG","img":"https://fd1-photos.leclercdrive.fr/image.ashx?id=2701977&use=l&cat=p&typeid=i","cat":284749},{"id":227744,"n":"Capsule Nescafé Farmers Origins  Andes Int 5 - x10","p":2.84,"u":"64,55 €/KG","img":"https://fd1-photos.leclercdrive.fr/image.ashx?id=2701965&use=l&cat=p&typeid=i","cat":284749},{"id":227780,"n":"Liqueur GET Menthe & Citrons 17,9° - 70cl","p":12.99,"u":"18,56 €/L","img":"https://fd1-photos.leclercdrive.fr/image.ashx?id=2840629&use=l&cat=p&typeid=i","cat":286032},{"id":227818,"n":"Fromage enfant La Vache qui rit Pik&Croq 5 portions - 175g","p":2.01,"u":"11,49 €/KG","img":"https://fd1-photos.leclercdrive.fr/image.ashx?id=2945433&use=l&cat=p&typeid=i","cat":314030},{"id":227820,"n":"Fromage enfant La Vache qui rit Original 8P à tartiner - 128g","p":1.94,"u":"15,16 €/KG","img":"https://fd1-photos.leclercdrive.fr/image.ashx?id=2945439&use=l&cat=p&typeid=i","cat":314030},{"id":227835,"n":"Baby carottes Notre Jardin 250g","p":1.59,"u":"6,36 €/KG","img":"https://fd1-photos.leclercdrive.fr/image.ashx?id=2854255&use=l&cat=p&typeid=i","cat":284352},{"id":227882,"n":"Concentré Sodastream Cola - 440ml","p":4.99,"pp":3.99,"u":"9,07 €/L","img":"https://fd1-photos.leclercdrive.fr/image.ashx?id=2703350&use=l&cat=p&typeid=i","cat":295020},{"id":227884,"n":"Bâtonnet Magnum White choco Cookie - x3 - 222g","p":2.49,"u":"11,22 €/KG","img":"https://fd1-photos.leclercdrive.fr/image.ashx?id=2793071&use=l&cat=p&typeid=i","cat":284265},{"id":227896,"n":"Glace Carte d'Or Les Essentiels Vanille de Madagascar 700ml","p":2.7,"pp":1.89,"u":"5,15 €/KG","img":"https://fd1-photos.leclercdrive.fr/image.ashx?id=2831149&use=l&cat=p&typeid=i","cat":284263},{"id":227897,"n":"Glace Bâtonnet MAGNUM Amande 4x100ml","p":2.76,"u":"9,20 €/KG","img":"https://fd1-photos.leclercdrive.fr/image.ashx?id=2849364&use=l&cat=p&typeid=i","cat":284265},{"id":227898,"n":"Bâtonnet Magnum Classic x4 - 300g","p":2.99,"u":"9,97 €/KG","img":"https://fd1-photos.leclercdrive.fr/image.ashx?id=2966794&use=l&cat=p&typeid=i","cat":284265},{"id":227900,"n":"Glace Bâtonnet MAGNUM Chocolat Blanc 4x100ml","p":2.99,"u":"10,17 €/KG","img":"https://fd1-photos.leclercdrive.fr/image.ashx?id=3011944&use=l&cat=p&typeid=i","cat":284265},{"id":227901,"n":"Bâtonnet Magnum Fraise et blanc - x4 - 324g","p":3.29,"u":"10,15 €/KG","img":"https://fd1-photos.leclercdrive.fr/image.ashx?id=3009293&use=l&cat=p&typeid=i","cat":284265},{"id":227902,"n":"Batonnets glace Magnum Chocolat Blanc Amande x4 - 300g","p":3.36,"u":"11,20 €/KG","img":"https://fd1-photos.leclercdrive.fr/image.ashx?id=3009296&use=l&cat=p&typeid=i","cat":284265},{"id":227903,"n":"Glace Bâtonnet MAGNUM Amande 8x100ml","p":5.55,"u":"9,25 €/KG","img":"https://fd1-photos.leclercdrive.fr/image.ashx?id=3009299&use=l&cat=p&typeid=i","cat":284265},{"id":227904,"n":"Glace Bâtonnet MAGNUM Classique 8x100ml","p":5.33,"u":"8,88 €/KG","img":"https://fd1-photos.leclercdrive.fr/image.ashx?id=2974057&use=l&cat=p&typeid=i","cat":284265},{"id":227906,"n":"Glace Bâtonnet Mini MAGNUM Amande 6x55ml","p":2.77,"u":"10,41 €/KG","img":"https://fd1-photos.leclercdrive.fr/image.ashx?id=2843544&use=l&cat=p&typeid=i","cat":284265},{"id":227907,"n":"Glace Bâtonnet MAGNUM Classique 6x55ml","p":2.77,"u":"11,12 €/KG","img":"https://fd1-photos.leclercdrive.fr/image.ashx?id=2967968&use=l&cat=p&typeid=i","cat":284265},{"id":227909,"n":"Glace Bâtonnet Mini MAGNUM Amande & Chocolat Blanc 6x55ml","p":3.67,"u":"11,12 €/L","img":"https://fd1-photos.leclercdrive.fr/image.ashx?id=2843541&use=l&cat=p&typeid=i","cat":284265},{"id":227915,"n":"Saucisses fraîches Hénaff Nature 3x55g","p":3.36,"u":"20,24 €/KG","img":"https://fd1-photos.leclercdrive.fr/image.ashx?id=2702975&use=l&cat=p&typeid=i","cat":284334},{"id":227960,"n":"Concentré cola sans sucres Sodastream - 440ml","p":4.99,"pp":3.99,"u":"9,07 €/L","img":"https://fd1-photos.leclercdrive.fr/image.ashx?id=2703155&use=l&cat=p&typeid=i","cat":295020},{"id":227961,"n":"Concentré cola light Sodastream - 440ml","p":4.99,"pp":3.99,"u":"9,07 €/L","img":"https://fd1-photos.leclercdrive.fr/image.ashx?id=2703332&use=l&cat=p&typeid=i","cat":295020},{"id":227962,"n":"Concentré agrumes sans sucres Sodastream - 440ml","p":4.99,"pp":3.99,"u":"9,07 €/L","img":"https://fd1-photos.leclercdrive.fr/image.ashx?id=2871133&use=l&cat=p&typeid=i","cat":295020},{"id":227973,"n":"Concentré saveur citron sans Sucres - Sodastream - 440ml","p":4.99,"pp":3.99,"u":"9,07 €/L","img":"https://fd1-photos.leclercdrive.fr/image.ashx?id=2765363&use=l&cat=p&typeid=i","cat":295020},{"id":227978,"n":"Concentré Sodastream Menthe sans sucres - 440ml","p":4.99,"pp":3.99,"u":"9,07 €/L","img":"https://fd1-photos.leclercdrive.fr/image.ashx?id=2765372&use=l&cat=p&typeid=i","cat":295020},{"id":228102,"n":"Thé glacé Lipton Ice Tea Pêche Sans sucres - bouteille 1.75l","p":2.05,"u":"1,17 €/L","img":"https://fd1-photos.leclercdrive.fr/image.ashx?id=2857060&use=l&cat=p&typeid=i","cat":295019},{"id":228103,"n":"Thé glacé Lipton Ice Tea Pêche Zéro sucres - canettes 6x33cl","p":3.53,"u":"1,78 €/L","img":"https://fd1-photos.leclercdrive.fr/image.ashx?id=2959442&use=l&cat=p&typeid=i","cat":295019},{"id":228194,"n":"Thé glacé Oasis Ice Tea Saveur Mangue Passion - 1,5L","p":1.85,"u":"1,23 €/L","img":"https://fd1-photos.leclercdrive.fr/image.ashx?id=2705040&use=l&cat=p&typeid=i","cat":295019},{"id":228198,"n":"Sirop Frucci Grenadine - 1.3L","p":3.28,"u":"2,52 €/L","img":"https://fd1-photos.leclercdrive.fr/image.ashx?id=2909921&use=l&cat=p&typeid=i","cat":295020},{"id":228205,"n":"Nettoyant ménager AJAX Air frais coquelicots - 1.25L","p":2.31,"u":"1,85 €/L","img":"https://fd1-photos.leclercdrive.fr/image.ashx?id=2944473&use=l&cat=p&typeid=i","cat":284907},{"id":228396,"n":"Thé glacé Lipton Ice Tea Pêche - 6x33cl","p":3.18,"u":"1,61 €/L","img":"https://fd1-photos.leclercdrive.fr/image.ashx?id=2852471&use=l&cat=p&typeid=i","cat":295019},{"id":228413,"n":"Fromage frais Atelier Blini Thon - 140g","p":2.97,"u":"21,21 €/KG","img":"https://fd1-photos.leclercdrive.fr/image.ashx?id=2812780&use=l&cat=p&typeid=i","cat":315999},{"id":228462,"n":"Spray Nettoyant 5-en-1 Cif Cuisine & Salle de Bain 750ml","p":2.09,"u":"2,79 €/L","img":"https://fd1-photos.leclercdrive.fr/image.ashx?id=2999336&use=l&cat=p&typeid=i","cat":325357},{"id":228463,"n":"Liquide vaisselle mini Paic Citron - 500ml","p":1.13,"u":"2,26 €/L","img":"https://fd1-photos.leclercdrive.fr/image.ashx?id=2708020&use=l&cat=p&typeid=i","cat":284655},{"id":228464,"n":"Recharge Adoucissant Soupline Grand Air - 1L - x45","p":3.48,"u":"3,48 €/L","img":"https://fd1-photos.leclercdrive.fr/image.ashx?id=2860598&use=l&cat=p&typeid=i","cat":284650},{"id":228465,"n":"Nettoyant ménager Ajax Fête des fleurs muguets 1.25L","p":2.79,"u":"2,23 €/L","img":"https://fd1-photos.leclercdrive.fr/image.ashx?id=2926072&use=l&cat=p&typeid=i","cat":284907},{"id":228467,"n":"Spray nettoyant ménager Ajax Salle de bain - 500ml","p":2.68,"u":"5,36 €/L","img":"https://fd1-photos.leclercdrive.fr/image.ashx?id=2708041&use=l&cat=p&typeid=i","cat":325357},{"id":228469,"n":"Perles de linge Soupline Grand Air - 230g","p":6.77,"u":"29,43 €/KG","img":"https://fd1-photos.leclercdrive.fr/image.ashx?id=2708032&use=l&cat=p&typeid=i","cat":325302},{"id":228480,"n":"Gel Douche Dove Advanced Care Nutrition Intense 225ml","p":2.97,"u":"13,20 €/L","img":"https://fd1-photos.leclercdrive.fr/image.ashx?id=2968580&use=l&cat=p&typeid=i","cat":284594},{"id":228484,"n":"Gel Douche Dove Hydratant 450ml","p":3.32,"u":"7,38 €/L","img":"https://fd1-photos.leclercdrive.fr/image.ashx?id=2993499&use=l&cat=p&typeid=i","cat":284594},{"id":228486,"n":"Gel douche Dove Fraîcheur - 450ml","p":3.32,"u":"7,38 €/L","img":"https://fd1-photos.leclercdrive.fr/image.ashx?id=2738707&use=l&cat=p&typeid=i","cat":284594},{"id":228506,"n":"Lessive liquide Mir Black Raviveur noir x27 - 1.35L","p":5.79,"u":"4,29 €/L","img":"https://fd1-photos.leclercdrive.fr/image.ashx?id=2881323&use=l&cat=p&typeid=i","cat":284644},{"id":228509,"n":"Lessive liquide Mir Laine Textile délicat x27 - 1.35L","p":5.77,"u":"4,27 €/L","img":"https://fd1-photos.leclercdrive.fr/image.ashx?id=2890118&use=l&cat=p&typeid=i","cat":284644},{"id":228510,"n":"Lessive liquide Super Croix X-tra Bora Bora x42 - 1.89L","p":7.45,"u":"3,94 €/L","img":"https://fd1-photos.leclercdrive.fr/image.ashx?id=2876263&use=l&cat=p&typeid=i","cat":284640},{"id":228541,"n":"Sirop Teisseire  Menthe verte - 1,30L","p":5.23,"u":"4,02 €/L","img":"https://fd1-photos.leclercdrive.fr/image.ashx?id=2709094&use=l&cat=p&typeid=i","cat":295020},{"id":228631,"n":"Soda Coca-Cola Sans Sucres Canette - Pack 6x20CL","p":3.45,"u":"2,88 €/L","img":"https://fd1-photos.leclercdrive.fr/image.ashx?id=2709352&use=l&cat=p&typeid=i","cat":284530},{"id":228807,"n":"Oeufs de poule Plein air Éleveurs de Bretagne x6","p":1.6,"u":"0,27 €/P","img":"https://fd1-photos.leclercdrive.fr/image.ashx?id=2765237&use=l&cat=p&typeid=i","cat":284378},{"id":228808,"n":"Oeufs de poule Plein air Éleveurs de Bretagne - x12","p":2.99,"u":"0,25 €/P","img":"https://fd1-photos.leclercdrive.fr/image.ashx?id=2766433&use=l&cat=p&typeid=i","cat":284378},{"id":228871,"n":"Jeu de société La Bonne Paye - Age 8+","p":20.9,"img":"https://fd1-photos.leclercdrive.fr/image.ashx?id=2711664&use=l&cat=p&typeid=i","cat":334378},{"id":228942,"n":"Dessert P'tit brassé  Mini pêche - 6x50g","p":1.99,"u":"6,63 €/KG","img":"https://fd1-photos.leclercdrive.fr/image.ashx?id=2955989&use=l&cat=p&typeid=i","cat":312392},{"id":228965,"n":"P'tite céréales Nestlé Saveur biscuit - 270g","p":3.09,"u":"1,14 €/L","img":"https://fd1-photos.leclercdrive.fr/image.ashx?id=2712813&use=l&cat=p&typeid=i","cat":312225},{"id":228970,"n":"Chips Tortilla Doritos Chili - 250g","p":2.69,"u":"10,76 €/KG","img":"https://fd1-photos.leclercdrive.fr/image.ashx?id=2959439&use=l&cat=p&typeid=i","cat":287899},{"id":228972,"n":"Chips Tortilla Doritos Cheese - 250g","p":2.6,"u":"10,40 €/KG","img":"https://fd1-photos.leclercdrive.fr/image.ashx?id=2901788&use=l&cat=p&typeid=i","cat":287899},{"id":228974,"n":"Chips Tortilla Doritos Nature corn - 250g","p":2.69,"u":"10,76 €/KG","img":"https://fd1-photos.leclercdrive.fr/image.ashx?id=2986224&use=l&cat=p&typeid=i","cat":287899},{"id":228976,"n":"Infusion Saveurs du soir Lipton Grand sud - 32g","p":1.19,"u":"37,19 €/KG","img":"https://fd1-photos.leclercdrive.fr/image.ashx?id=2718741&use=l&cat=p&typeid=i","cat":293234},{"id":228988,"n":"Infusion Maroc Lipton Menthe & epices x20 - 40g","p":1.7,"u":"42,50 €/KG","img":"https://fd1-photos.leclercdrive.fr/image.ashx?id=2718744&use=l&cat=p&typeid=i","cat":293234},{"id":228992,"n":"Thé vert Lipton Bio  x20 - 28g","p":2.31,"u":"82,50 €/KG","img":"https://fd1-photos.leclercdrive.fr/image.ashx?id=2739405&use=l&cat=p&typeid=i","cat":293233},{"id":228995,"n":"Coffret thé noir Lipton Sensations x50 - 82g","p":9.5,"pp":6.65,"u":"81,10 €/KG","img":"https://fd1-photos.leclercdrive.fr/image.ashx?id=2719636&use=l&cat=p&typeid=i","cat":293233},{"id":229001,"n":"Biscuits mini fourrés BN  Framboise - x5 - 175g","p":1.92,"u":"10,97 €/KG","img":"https://fd1-photos.leclercdrive.fr/image.ashx?id=2748230&use=l&cat=p&typeid=i","cat":284489},{"id":229002,"n":"Chips Tuiles Pringles HOT Flamin' Cheese - 160g","p":1.86,"u":"11,63 €/KG","img":"https://fd1-photos.leclercdrive.fr/image.ashx?id=2927609&use=l&cat=p&typeid=i","cat":287899},{"id":229015,"n":"Sauce soja Suzi Wan 135ml","p":1.81,"u":"13,41 €/L","img":"https://fd1-photos.leclercdrive.fr/image.ashx?id=2906664&use=l&cat=p&typeid=i","cat":288992},{"id":229031,"n":"Biscuit apéritif Ancel Bretzels - 260g","p":2.77,"u":"10,65 €/KG","img":"https://fd1-photos.leclercdrive.fr/image.ashx?id=2749137&use=l&cat=p&typeid=i","cat":297000},{"id":229056,"n":"Nouilles instantanées Tanoshi Blé curry - sachet 85g","p":0.79,"u":"9,29 €/KG","img":"https://fd1-photos.leclercdrive.fr/image.ashx?id=2912053&use=l&cat=p&typeid=i","cat":288992},{"id":229059,"n":"Nouilles instantannées Tanoshi Blé crevette- sachet 85g","p":0.78,"u":"9,18 €/KG","img":"https://fd1-photos.leclercdrive.fr/image.ashx?id=2912047&use=l&cat=p&typeid=i","cat":288992},{"id":229061,"n":"Sauce soja salée Tanoshi 200ml","p":2.63,"u":"13,15 €/L","img":"https://fd1-photos.leclercdrive.fr/image.ashx?id=2921603&use=l&cat=p&typeid=i","cat":288992},{"id":229065,"n":"Sauce soja  Kikkoman 1L","p":12.59,"u":"12,59 €/L","img":"https://fd1-photos.leclercdrive.fr/image.ashx?id=2849373&use=l&cat=p&typeid=i","cat":288992},{"id":229117,"n":"Noisettes décortiquées  Couleurs Vives - 175g","p":2.99,"u":"17,09 €/KG","img":"https://fd1-photos.leclercdrive.fr/image.ashx?id=2713661&use=l&cat=p&typeid=i","cat":284357},{"id":229128,"n":"Nouilles Tanoshi Curry épicé cup de 65g","p":1.42,"u":"21,85 €/KG","img":"https://fd1-photos.leclercdrive.fr/image.ashx?id=2939442&use=l&cat=p&typeid=i","cat":288992},{"id":229137,"n":"Nouilles Tanoshi Poulet shitake cup de 65g","p":1.43,"u":"22,00 €/KG","img":"https://fd1-photos.leclercdrive.fr/image.ashx?id=2906208&use=l&cat=p&typeid=i","cat":288992},{"id":229156,"n":"Vin efferverscent Perlino Prosecco brut - 75cl","p":7.2,"u":"9,60 €/L","img":"https://fd1-photos.leclercdrive.fr/image.ashx?id=2873333&use=l&cat=p&typeid=i","cat":289461},{"id":229224,"n":"Glace pâte à tartiner Nutella 230g","p":3.95,"u":"17,17 €/KG","img":"https://fd1-photos.leclercdrive.fr/image.ashx?id=2905672&use=l&cat=p&typeid=i","cat":284725},{"id":229288,"n":"Glace Carte d'Or Café - 374g","p":2.82,"pp":1.97,"u":"5,27 €/KG","img":"https://fd1-photos.leclercdrive.fr/image.ashx?id=2973348&use=l&cat=p&typeid=i","cat":284263},{"id":229289,"n":"Glace Carte d'Or Chocolat Noir - 374g","p":2.69,"pp":1.88,"u":"5,03 €/KG","img":"https://fd1-photos.leclercdrive.fr/image.ashx?id=2849370&use=l&cat=p&typeid=i","cat":284263},{"id":229295,"n":"Glace Carte d'Or Citron de Sicile - 453g","p":3.19,"pp":2.23,"u":"4,92 €/KG","img":"https://fd1-photos.leclercdrive.fr/image.ashx?id=2769251&use=l&cat=p&typeid=i","cat":284263},{"id":229310,"n":"Huile de colza Cauvin Sans pesticide  - 75cl","p":3.9,"u":"5,20 €/L","img":"https://fd1-photos.leclercdrive.fr/image.ashx?id=2716321&use=l&cat=p&typeid=i","cat":284453},{"id":229330,"n":"Choucroute cuisinée Stoeffler 400g","p":3.53,"u":"8,83 €/KG","img":"https://fd1-photos.leclercdrive.fr/image.ashx?id=2716162&use=l&cat=p&typeid=i","cat":333665},{"id":229369,"n":"Soda Breizh Cola Cerise 1.5L","p":2.04,"u":"1,36 €/L","img":"https://fd1-photos.leclercdrive.fr/image.ashx?id=2717925&use=l&cat=p&typeid=i","cat":284530},{"id":229414,"n":"Chocolat Poulain maxi Lait Feuilleté - 190g","p":3.02,"u":"15,89 €/KG","img":"https://fd1-photos.leclercdrive.fr/image.ashx?id=2867140&use=l&cat=p&typeid=i","cat":284497},{"id":229484,"n":"Complément alimentaire Ours+ 9 vitamines- x60 oursons - 120g","p":6.65,"u":"55,42 €/KG","img":"https://fd1-photos.leclercdrive.fr/image.ashx?id=2717012&use=l&cat=p&typeid=i","cat":301264},{"id":229499,"n":"Sérum concentré repulpant Avène Hyaluron Activ B3 - 30ml","p":28.9,"u":"963,33 €/L","img":"https://fd1-photos.leclercdrive.fr/image.ashx?id=2968259&use=l&cat=p&typeid=i","cat":291168},{"id":229517,"n":"Soda au cola Pepsi Zéro sucres Le lot de 6x33cl canettes","p":2.48,"u":"1,25 €/L","img":"https://fd1-photos.leclercdrive.fr/image.ashx?id=2773391&use=l&cat=p&typeid=i","cat":284530},{"id":229593,"n":"Tablettes lave-vaisselle Visior Tout en 1 citron x45 - 765g","p":5.79,"u":"7,57 €/KG","img":"https://fd1-photos.leclercdrive.fr/image.ashx?id=2954905&use=l&cat=p&typeid=i","cat":284656},{"id":229596,"n":"Capsules Starbucks by Nespresso  Vanille Int 5 - x10","p":3.9,"u":"76,47 €/KG","img":"https://fd1-photos.leclercdrive.fr/image.ashx?id=2718263&use=l&cat=p&typeid=i","cat":284749},{"id":229599,"n":"Capsules Starbucks by Nespresso  Caramel Int 5 - x10","p":3.55,"u":"69,61 €/KG","img":"https://fd1-photos.leclercdrive.fr/image.ashx?id=2718260&use=l&cat=p&typeid=i","cat":284749},{"id":229611,"n":"AOP vin rosé ventoux  Rives et Terrasses 3L","p":10.19,"u":"3,40 €/L","img":"https://fd1-photos.leclercdrive.fr/image.ashx?id=2884276&use=l&cat=p&typeid=i","cat":289558},{"id":229879,"n":"Apéritif Campari 25% vol - 70cl","p":15.65,"u":"22,36 €/L","img":"https://fd1-photos.leclercdrive.fr/image.ashx?id=3009155&use=l&cat=p&typeid=i","cat":286032},{"id":229891,"n":"Pain de mie complet Harrys Sandwich Sans sucre ajouté 600g","p":1.71,"u":"2,85 €/KG","img":"https://fd1-photos.leclercdrive.fr/image.ashx?id=2962473&use=l&cat=p&typeid=i","cat":284477},{"id":229893,"n":"Pain de mie complet Harrys Sandwich Sans sucre ajouté 900g","p":2.31,"u":"2,57 €/KG","img":"https://fd1-photos.leclercdrive.fr/image.ashx?id=2962476&use=l&cat=p&typeid=i","cat":284477},{"id":229895,"n":"Sérum A-Derma Biology Hydratant Bio - 30ml","p":20.33,"u":"677,67 €/L","img":"https://fd1-photos.leclercdrive.fr/image.ashx?id=2719204&use=l&cat=p&typeid=i","cat":291171},{"id":229896,"n":"Pain de mie nature Harrys American Sandwich 550g","p":1.63,"u":"2,96 €/KG","img":"https://fd1-photos.leclercdrive.fr/image.ashx?id=2962446&use=l&cat=p&typeid=i","cat":284477},{"id":229897,"n":"Pain de mie nature Harrys Sandwich Sans sucre ajouté 825g","p":2.04,"u":"2,47 €/KG","img":"https://fd1-photos.leclercdrive.fr/image.ashx?id=2962449&use=l&cat=p&typeid=i","cat":284477},{"id":229901,"n":"Huile lavante Avène  Relipidante - 400ml","p":16.99,"u":"42,48 €/L","img":"https://fd1-photos.leclercdrive.fr/image.ashx?id=2719210&use=l&cat=p&typeid=i","cat":301591},{"id":229902,"n":"Shampooing doux Ducray Elution - Equilibrant - 400ml","p":11.3,"u":"28,25 €/L","img":"https://fd1-photos.leclercdrive.fr/image.ashx?id=2719213&use=l&cat=p&typeid=i","cat":290400},{"id":229909,"n":"Masque Avène Apaisant éclat - 50ml","p":15.46,"u":"309,20 €/L","img":"https://fd1-photos.leclercdrive.fr/image.ashx?id=2719231&use=l&cat=p&typeid=i","cat":291165},{"id":229910,"n":"Soin anti-rougeurs Avène Concentré - 30ml","p":19.99,"u":"666,33 €/L","img":"https://fd1-photos.leclercdrive.fr/image.ashx?id=2719234&use=l&cat=p&typeid=i","cat":291171},{"id":229912,"n":"Gel-crème Avène Hyaluron Activ B3 - 50ml","p":37.52,"u":"750,40 €/L","img":"https://fd1-photos.leclercdrive.fr/image.ashx?id=2719237&use=l&cat=p&typeid=i","cat":291168},{"id":229913,"n":"Crème intensive jour Avène Vitamin Active Cg - 50ml","p":38.9,"u":"778,00 €/L","img":"https://fd1-photos.leclercdrive.fr/image.ashx?id=3011266&use=l&cat=p&typeid=i","cat":291168},{"id":229914,"n":"Crème mains Avène Cold cream - Concentrée 2x50ml","p":9.98,"u":"99,80 €/L","img":"https://fd1-photos.leclercdrive.fr/image.ashx?id=2719243&use=l&cat=p&typeid=i","cat":290424},{"id":229920,"n":"Pain de mie rustique Harrys Sandwich Sans sucre ajouté 500g","p":2.25,"u":"4,50 €/KG","img":"https://fd1-photos.leclercdrive.fr/image.ashx?id=2962458&use=l&cat=p&typeid=i","cat":284477},{"id":229921,"n":"Pain de mie céréales Harrys Sandwich Sans sucre ajouté 550g","p":1.79,"u":"3,25 €/KG","img":"https://fd1-photos.leclercdrive.fr/image.ashx?id=2962452&use=l&cat=p&typeid=i","cat":284477},{"id":230151,"n":"Tablette de chocolat Lindt Création blanc rocher - 145g","p":4.0,"u":"27,59 €/KG","img":"https://fd1-photos.leclercdrive.fr/image.ashx?id=2720446&use=l&cat=p&typeid=i","cat":284957},{"id":230167,"n":"Lessive liquide X-tra Total  Ecopack  x41 - 1.845L","p":6.25,"u":"3,39 €/L","img":"https://fd1-photos.leclercdrive.fr/image.ashx?id=2890124&use=l&cat=p&typeid=i","cat":284640},{"id":230168,"n":"Miel Fleurs crémeux Miellerie Bretonne - 500g","p":9.07,"u":"18,14 €/KG","img":"https://fd1-photos.leclercdrive.fr/image.ashx?id=2722747&use=l&cat=p&typeid=i","cat":287643},{"id":230169,"n":"Miel Fleurs crémeux Miellerie Bretonne - 250g","p":5.21,"u":"20,84 €/KG","img":"https://fd1-photos.leclercdrive.fr/image.ashx?id=2720836&use=l&cat=p&typeid=i","cat":287643},{"id":230171,"n":"Bière Picon 1L","p":10.12,"u":"10,12 €/L","img":"https://fd1-photos.leclercdrive.fr/image.ashx?id=2720908&use=l&cat=p&typeid=i","cat":334872},{"id":230198,"n":"Gel nettoyant WC La Croix Ultra WC - 750ml","p":1.24,"u":"1,65 €/L","img":"https://fd1-photos.leclercdrive.fr/image.ashx?id=2721531&use=l&cat=p&typeid=i","cat":284662},{"id":230374,"n":"AOP Le Chant du Cot Negrette Vin rouge Fronton - 75cl","p":6.25,"u":"8,33 €/L","img":"https://fd1-photos.leclercdrive.fr/image.ashx?id=2721760&use=l&cat=p&typeid=i","cat":289556},{"id":230596,"n":"Colin à la Bordelaise Findus  MSC - 380g","p":4.05,"u":"10,66 €/KG","img":"https://fd1-photos.leclercdrive.fr/image.ashx?id=2899503&use=l&cat=p&typeid=i","cat":319786},{"id":230691,"n":"Carottes rapées Bonduelle À la moutarde à l'ancienne 300g","p":1.63,"u":"5,43 €/KG","img":"https://fd1-photos.leclercdrive.fr/image.ashx?id=2894179&use=l&cat=p&typeid=i","cat":333657},{"id":230709,"n":"Mini tartinade Daunat Thon - 130g","p":1.95,"u":"15,00 €/KG","img":"https://fd1-photos.leclercdrive.fr/image.ashx?id=2723794&use=l&cat=p&typeid=i","cat":333658},{"id":230763,"n":"Beurre demi-sel Paysan Breton 250g","p":2.67,"u":"10,68 €/KG","img":"https://fd1-photos.leclercdrive.fr/image.ashx?id=2959463&use=l&cat=p&typeid=i","cat":284379},{"id":230827,"n":"Crackers Belin Minizza  Tomate 95g","p":1.35,"u":"14,21 €/KG","img":"https://fd1-photos.leclercdrive.fr/image.ashx?id=3005317&use=l&cat=p&typeid=i","cat":297000},{"id":230830,"n":"Crackers Belin Monaco Emmental 110g","p":1.24,"u":"11,27 €/KG","img":"https://fd1-photos.leclercdrive.fr/image.ashx?id=3002228&use=l&cat=p&typeid=i","cat":297000},{"id":230855,"n":"Crackers Belin Feuilleté Emmental 95g","p":1.45,"u":"15,26 €/KG","img":"https://fd1-photos.leclercdrive.fr/image.ashx?id=3005320&use=l&cat=p&typeid=i","cat":297000},{"id":230863,"n":"Crackers Monaco Belin Emmental  170g","p":1.44,"u":"8,47 €/KG","img":"https://fd1-photos.leclercdrive.fr/image.ashx?id=3002231&use=l&cat=p&typeid=i","cat":297000},{"id":231020,"n":"Tube harissa El Manar - 70g","p":0.66,"u":"9,43 €/KG","img":"https://fd1-photos.leclercdrive.fr/image.ashx?id=2725810&use=l&cat=p&typeid=i","cat":289013},{"id":231200,"n":"Liqueur menthe verte Otsh! 17.9% - 70cl","p":13.85,"pp":12.85,"u":"18,36 €/L","img":"https://fd1-photos.leclercdrive.fr/image.ashx?id=2833171&use=l&cat=p&typeid=i","cat":286032},{"id":231254,"n":"Bonbons Asti Pik Haribo  180g","p":1.75,"u":"9,72 €/KG","img":"https://fd1-photos.leclercdrive.fr/image.ashx?id=2984967&use=l&cat=p&typeid=i","cat":304250},{"id":231316,"n":"Pétillant Festillant Cassis sans alcool - 75cl","p":3.45,"u":"4,60 €/L","img":"https://fd1-photos.leclercdrive.fr/image.ashx?id=2910189&use=l&cat=p&typeid=i","cat":289460},{"id":231362,"n":"Barquettes de terrine Cesar Bio Natural Goodness - 100g","p":1.06,"u":"10,60 €/KG","img":"https://fd1-photos.leclercdrive.fr/image.ashx?id=2728657&use=l&cat=p&typeid=i","cat":284673},{"id":231364,"n":"Barquettes terrine Cesar Bio Natural Goodness - 100g","p":0.97,"u":"9,70 €/KG","img":"https://fd1-photos.leclercdrive.fr/image.ashx?id=2728654&use=l&cat=p&typeid=i","cat":284673},{"id":231369,"n":"Capsules café L'Or Espresso Splendente N°7 x30","p":9.04,"u":"57,95 €/KG","img":"https://fd1-photos.leclercdrive.fr/image.ashx?id=2728846&use=l&cat=p&typeid=i","cat":284749},{"id":231407,"n":"Concentré saveur limonade  Sodastream sans sucre - 440ml","p":4.99,"pp":3.99,"u":"9,07 €/L","img":"https://fd1-photos.leclercdrive.fr/image.ashx?id=2728768&use=l&cat=p&typeid=i","cat":295020},{"id":231570,"n":"Badoit bulles de fruits rouges 1l","p":1.45,"u":"1,45 €/L","img":"https://fd1-photos.leclercdrive.fr/image.ashx?id=2964676&use=l&cat=p&typeid=i","cat":284536},{"id":231571,"n":"Badoit bulles de fruits  Exotiques - 1L","p":1.54,"u":"1,54 €/L","img":"https://fd1-photos.leclercdrive.fr/image.ashx?id=2753952&use=l&cat=p&typeid=i","cat":284536},{"id":231657,"n":"Tablettes lave-vaisselle Finish Power Plus - x35","p":7.56,"u":"13,50 €/KG","img":"https://fd1-photos.leclercdrive.fr/image.ashx?id=2749431&use=l&cat=p&typeid=i","cat":284656},{"id":231667,"n":"Brosse à dent Colgate Zig Zag Souple - x1","p":2.3,"img":"https://fd1-photos.leclercdrive.fr/image.ashx?id=2740910&use=l&cat=p&typeid=i","cat":284614},{"id":231708,"n":"Capsules lave-vaisselle Finish  Quantum - x46","p":8.95,"u":"18,72 €/KG","img":"https://fd1-photos.leclercdrive.fr/image.ashx?id=2749440&use=l&cat=p&typeid=i","cat":284656},{"id":231709,"n":"Capsules lave-vaisselle Finish Ultimate Plus Citron - x35","p":9.4,"u":"22,01 €/KG","img":"https://fd1-photos.leclercdrive.fr/image.ashx?id=2749437&use=l&cat=p&typeid=i","cat":284656},{"id":231710,"n":"Capsules lave-vaisselle Finish Ultimate Plus - x35","p":9.86,"u":"23,09 €/KG","img":"https://fd1-photos.leclercdrive.fr/image.ashx?id=2749434&use=l&cat=p&typeid=i","cat":284656},{"id":231713,"n":"Spray nettoyant Cillit Bang Expert crasse & calcaire 750ml","p":2.9,"u":"3,87 €/L","img":"https://fd1-photos.leclercdrive.fr/image.ashx?id=2839755&use=l&cat=p&typeid=i","cat":325362},{"id":231714,"n":"Spray nettoyant Cillit Bang  Expert Anti-moisissures - 750ml","p":2.86,"u":"3,81 €/L","img":"https://fd1-photos.leclercdrive.fr/image.ashx?id=2790114&use=l&cat=p&typeid=i","cat":325357},{"id":231715,"n":"Spray nettoyant Cillit Bang  Expert Javel - 750ml","p":2.93,"u":"3,91 €/L","img":"https://fd1-photos.leclercdrive.fr/image.ashx?id=2793653&use=l&cat=p&typeid=i","cat":325357},{"id":231717,"n":"ST MARC Liquide Nettoyant Multi Usages Côtes Bretonnes - 1L","p":2.45,"u":"2,45 €/L","img":"https://fd1-photos.leclercdrive.fr/image.ashx?id=2859074&use=l&cat=p&typeid=i","cat":284907},{"id":231718,"n":"Nettoyant liquide St Marc Multi usages Forêt des Landes - 1L","p":2.11,"u":"2,11 €/L","img":"https://fd1-photos.leclercdrive.fr/image.ashx?id=2844208&use=l&cat=p&typeid=i","cat":284907},{"id":231719,"n":"Lessive capsules Super Croix X-tra Bora Bora x28  - 336g","p":7.6,"u":"22,62 €/KG","img":"https://fd1-photos.leclercdrive.fr/image.ashx?id=2876284&use=l&cat=p&typeid=i","cat":284641},{"id":231923,"n":"Liquide vaisselle Maison Verte  Dégraissant, écologique - 500ml","p":1.77,"u":"3,54 €/L","img":"https://fd1-photos.leclercdrive.fr/image.ashx?id=2890619&use=l&cat=p&typeid=i","cat":284655},{"id":231951,"n":"Calculatrice poche Esquisse Grise","p":2.99,"u":"Dont 0,19 € d'éco-part.","img":"https://fd1-photos.leclercdrive.fr/image.ashx?id=2742339&use=l&cat=p&typeid=i","cat":334133},{"id":232107,"n":"Gin Bombay Saphire Sunset - 70cl 43% vol.","p":32.17,"u":"45,96 €/L","img":"https://fd1-photos.leclercdrive.fr/image.ashx?id=2848394&use=l&cat=p&typeid=i","cat":284550},{"id":232195,"n":"Liquide vaisselle Mir  Peau sensible aloe vera - 450ml","p":1.47,"u":"3,27 €/L","img":"https://fd1-photos.leclercdrive.fr/image.ashx?id=2874904&use=l&cat=p&typeid=i","cat":284655},{"id":232309,"n":"Bloc WC Fresh Disc Canard Citron vert - 1x36ml","p":3.05,"img":"https://fd1-photos.leclercdrive.fr/image.ashx?id=2745769&use=l&cat=p&typeid=i","cat":284662},{"id":232312,"n":"Bain de bouche Sanogyl Soin complet+Blancheur - 500ml","p":3.24,"u":"6,48 €/L","img":"https://fd1-photos.leclercdrive.fr/image.ashx?id=2745706&use=l&cat=p&typeid=i","cat":284613},{"id":232336,"n":"Oignon botte 1p","p":1.59,"img":"https://fd1-photos.leclercdrive.fr/image.ashx?id=1631355&use=l&cat=p&typeid=i","cat":284352},{"id":232341,"n":"Bloc WC Canard Fresh Disc Fraîcheur marine - 36ml","p":2.88,"img":"https://fd1-photos.leclercdrive.fr/image.ashx?id=2747691&use=l&cat=p&typeid=i","cat":284662},{"id":232357,"n":"Recharge Gel douche Sanex Zéro - Peaux sensibles - 500ml","p":3.44,"u":"6,88 €/L","img":"https://fd1-photos.leclercdrive.fr/image.ashx?id=2745856&use=l&cat=p&typeid=i","cat":284594},{"id":232371,"n":"Dentifrice enfant Elmex Anti-caries - 6-12 ans - 75ml","p":2.62,"u":"34,93 €/L","img":"https://fd1-photos.leclercdrive.fr/image.ashx?id=2747175&use=l&cat=p&typeid=i","cat":288898},{"id":232377,"n":"Insecticide Raid Max Système anti-fourmis - 1 piège","p":4.19,"img":"https://fd1-photos.leclercdrive.fr/image.ashx?id=2968454&use=l&cat=p&typeid=i","cat":298368},{"id":232440,"n":"Café grains Coïc Amérique Centrale - 500g","p":11.78,"u":"23,56 €/KG","img":"https://fd1-photos.leclercdrive.fr/image.ashx?id=2748491&use=l&cat=p&typeid=i","cat":293237},{"id":232519,"n":"Pâtes Barilla Risoni - 500g","p":1.21,"u":"2,42 €/KG","img":"https://fd1-photos.leclercdrive.fr/image.ashx?id=2748665&use=l&cat=p&typeid=i","cat":284427},{"id":232642,"n":"Boisson énergisante Red Bull Goût Juneberry, 250ml","p":1.33,"u":"5,32 €/L","img":"https://fd1-photos.leclercdrive.fr/image.ashx?id=2748713&use=l&cat=p&typeid=i","cat":284533},{"id":232740,"n":"Chips Tuiles Pringles HOT Barbecue Ribs - 160g","p":1.86,"u":"11,63 €/KG","img":"https://fd1-photos.leclercdrive.fr/image.ashx?id=2749506&use=l&cat=p&typeid=i","cat":287899},{"id":232778,"n":"Concentré agrumes Sodastream - 440ml","p":4.99,"pp":3.99,"u":"9,07 €/L","img":"https://fd1-photos.leclercdrive.fr/image.ashx?id=2871136&use=l&cat=p&typeid=i","cat":295020},{"id":232785,"n":"Sparadrap Mercurochrome Tissu résistant - 5m x 2.5cm","p":2.63,"img":"https://fd1-photos.leclercdrive.fr/image.ashx?id=2862158&use=l&cat=p&typeid=i","cat":284630},{"id":232839,"n":"Gel déboucheur Destop  Turbo 5 min - 4 doses - 1L","p":7.17,"u":"7,17 €/L","img":"https://fd1-photos.leclercdrive.fr/image.ashx?id=2976032&use=l&cat=p&typeid=i","cat":284908},{"id":232840,"n":"Gel déboucheur Destop  Turbo 5 min - 2 doses - 500ml","p":3.74,"u":"7,48 €/L","img":"https://fd1-photos.leclercdrive.fr/image.ashx?id=2976029&use=l&cat=p&typeid=i","cat":284908},{"id":232872,"n":"Brossettes interdentaires Gum Bi-direction - 1.2mmx6","p":3.55,"img":"https://fd1-photos.leclercdrive.fr/image.ashx?id=2750087&use=l&cat=p&typeid=i","cat":301595},{"id":232878,"n":"Brossettes interdentaires Gum Bi-direction - 0.9mmx6","p":3.55,"img":"https://fd1-photos.leclercdrive.fr/image.ashx?id=2750084&use=l&cat=p&typeid=i","cat":301595},{"id":232879,"n":"Brossettes interdentaires Gum Bi-direction - 0.7mmx6","p":3.55,"img":"https://fd1-photos.leclercdrive.fr/image.ashx?id=2750081&use=l&cat=p&typeid=i","cat":301595},{"id":232917,"n":"Shampooing douche Osmae Paradisiaque Tiaré - 1L","p":8.64,"u":"8,64 €/L","img":"https://fd1-photos.leclercdrive.fr/image.ashx?id=2751237&use=l&cat=p&typeid=i","cat":290400},{"id":232918,"n":"Gel douche Osmae Figuier sauvage - 1L","p":7.94,"u":"7,94 €/L","img":"https://fd1-photos.leclercdrive.fr/image.ashx?id=2751234&use=l&cat=p&typeid=i","cat":301591},{"id":232919,"n":"Gel douche Osmaé Rose impériale - 1L","p":7.94,"u":"7,94 €/L","img":"https://fd1-photos.leclercdrive.fr/image.ashx?id=2751231&use=l&cat=p&typeid=i","cat":301591},{"id":232922,"n":"Huile d'amande douce Natessance 100% naturelle Bio - 50ml","p":5.69,"u":"113,80 €/L","img":"https://fd1-photos.leclercdrive.fr/image.ashx?id=2750027&use=l&cat=p&typeid=i","cat":290422},{"id":233001,"n":"Gel Lubrifiant Durex Naturel Hydratant - 100ML","p":6.29,"u":"62,90 €/L","img":"https://fd1-photos.leclercdrive.fr/image.ashx?id=2962026&use=l&cat=p&typeid=i","cat":285160},{"id":233040,"n":"Collant Beauty resist Dim Semi-opaque - Noir - T1","p":5.5,"img":"https://fd1-photos.leclercdrive.fr/image.ashx?id=3002120&use=l&cat=p&typeid=i","cat":334130},{"id":233041,"n":"Collant Beauty resist Dim Semi-opaque - Noir - T2","p":5.5,"img":"https://fd1-photos.leclercdrive.fr/image.ashx?id=3002123&use=l&cat=p&typeid=i","cat":334130},{"id":233042,"n":"Collant Beauty resist Dim Semi-opaque - Noir - T3","p":5.5,"img":"https://fd1-photos.leclercdrive.fr/image.ashx?id=3002126&use=l&cat=p&typeid=i","cat":334130},{"id":233045,"n":"Collant Beauty resist Dim Semi-opaque - Noir - T4","p":5.5,"img":"https://fd1-photos.leclercdrive.fr/image.ashx?id=2753160&use=l&cat=p&typeid=i","cat":334130},{"id":233046,"n":"Collant Beauty resist Dim Transparent - Noir - T1","p":5.5,"img":"https://fd1-photos.leclercdrive.fr/image.ashx?id=2753139&use=l&cat=p&typeid=i","cat":334130},{"id":233047,"n":"Collant Beauty Resist Dim Transparent - Noir - T2","p":5.5,"img":"https://fd1-photos.leclercdrive.fr/image.ashx?id=2753142&use=l&cat=p&typeid=i","cat":334130},{"id":233048,"n":"Collant Beauty Resist Transparent - Noir - T3","p":5.5,"img":"https://fd1-photos.leclercdrive.fr/image.ashx?id=2753145&use=l&cat=p&typeid=i","cat":334130},{"id":233049,"n":"Collant Beauty Resist Dim Transparent - Noir - T4","p":5.5,"img":"https://fd1-photos.leclercdrive.fr/image.ashx?id=2753148&use=l&cat=p&typeid=i","cat":334130},{"id":233050,"n":"Collant Body touch Dim Ventre plat - Noir - T1","p":10.0,"img":"https://fd1-photos.leclercdrive.fr/image.ashx?id=3001994&use=l&cat=p&typeid=i","cat":334130},{"id":233051,"n":"Collant Body Touch Dim Ventre plat - Noir - T2","p":10.0,"img":"https://fd1-photos.leclercdrive.fr/image.ashx?id=3003152&use=l&cat=p&typeid=i","cat":334130},{"id":233053,"n":"Collant Body Touch Dim Ventre plat - Noir - T3","p":10.0,"img":"https://fd1-photos.leclercdrive.fr/image.ashx?id=3002000&use=l&cat=p&typeid=i","cat":334130},{"id":233055,"n":"Collant Body Touch Dim Ventre plat - Noir - T4","p":10.0,"img":"https://fd1-photos.leclercdrive.fr/image.ashx?id=3002003&use=l&cat=p&typeid=i","cat":334130},{"id":233073,"n":"Collant Dim Opaque velouté - Marine T3/4","p":5.55,"img":"https://fd1-photos.leclercdrive.fr/image.ashx?id=2751702&use=l&cat=p&typeid=i","cat":334130},{"id":233179,"n":"Chips Tuiles Pringles HOT Mexican Chili & Lime - 160g","p":1.86,"u":"11,63 €/KG","img":"https://fd1-photos.leclercdrive.fr/image.ashx?id=2753244&use=l&cat=p&typeid=i","cat":284447},{"id":233313,"n":"Gel WC Javel Harpic Ultra blancheur Agrumes - 750ml","p":1.79,"u":"2,39 €/L","img":"https://fd1-photos.leclercdrive.fr/image.ashx?id=2864690&use=l&cat=p&typeid=i","cat":284662},{"id":233356,"n":"Crêpes bretonnes Fait main - x6 180g","p":3.5,"u":"19,44 €/KG","img":"https://fd1-photos.leclercdrive.fr/image.ashx?id=2799500&use=l&cat=p&typeid=i","cat":284494},{"id":233528,"n":"Mini boules épices  Le Chèvrefeuille - 125g","p":3.83,"u":"30,64 €/KG","img":"https://fd1-photos.leclercdrive.fr/image.ashx?id=2867458&use=l&cat=p&typeid=i","cat":314031},{"id":233550,"n":"Salade Quinoa semoule noisettes Bonduelle 250g","p":2.45,"u":"9,80 €/KG","img":"https://fd1-photos.leclercdrive.fr/image.ashx?id=2903002&use=l&cat=p&typeid=i","cat":333657},{"id":233611,"n":"Mousseline au saumon Révélation Purina Gourmet - 4x57g","p":2.83,"u":"12,41 €/KG","img":"https://fd1-photos.leclercdrive.fr/image.ashx?id=2757812&use=l&cat=p&typeid=i","cat":285286},{"id":233626,"n":"Spray démêlant Le Petit Marseillais Pamplemousse 200ml","p":2.89,"u":"14,45 €/L","img":"https://fd1-photos.leclercdrive.fr/image.ashx?id=2758099&use=l&cat=p&typeid=i","cat":284608},{"id":233629,"n":"Shampooing Le Petit Marseillais Force & éclat - 300ml","p":1.91,"u":"6,37 €/L","img":"https://fd1-photos.leclercdrive.fr/image.ashx?id=2758090&use=l&cat=p&typeid=i","cat":284606},{"id":233637,"n":"Concentré Sodastream Grenadine - 440ml","p":4.99,"pp":3.99,"u":"9,07 €/L","img":"https://fd1-photos.leclercdrive.fr/image.ashx?id=2765360&use=l&cat=p&typeid=i","cat":295020},{"id":233639,"n":"Concentré Sodastream Limonade - 440ml","p":4.99,"pp":3.99,"u":"90,68 €/L","img":"https://fd1-photos.leclercdrive.fr/image.ashx?id=2758758&use=l&cat=p&typeid=i","cat":295020},{"id":233640,"n":"Concentré Sodastream Tonic - 440ml","p":4.99,"pp":3.99,"u":"9,07 €/L","img":"https://fd1-photos.leclercdrive.fr/image.ashx?id=2765525&use=l&cat=p&typeid=i","cat":295020},{"id":233719,"n":"Baume cicaplast La Roche-Posay B5 SPF50+ - 40ml","p":10.99,"u":"274,75 €/L","img":"https://fd1-photos.leclercdrive.fr/image.ashx?id=2795111&use=l&cat=p&typeid=i","cat":290397},{"id":233721,"n":"Soin global visage Uriage Anti imperfections - 40ml","p":12.58,"u":"314,50 €/L","img":"https://fd1-photos.leclercdrive.fr/image.ashx?id=2814587&use=l&cat=p&typeid=i","cat":291166},{"id":233886,"n":"Dosettes café Senseo Cappuccino x8","p":3.03,"u":"32,93 €/KG","img":"https://fd1-photos.leclercdrive.fr/image.ashx?id=2760187&use=l&cat=p&typeid=i","cat":293238},{"id":234147,"n":"Mascara Maybelline  Fire Work Sensationnal - x1","p":9.45,"pp":6.24,"img":"https://fd1-photos.leclercdrive.fr/image.ashx?id=2826459&use=l&cat=p&typeid=i","cat":287029},{"id":234150,"n":"Crème de douche Cadum Douceur velours - 450ml","p":2.89,"u":"6,42 €/L","img":"https://fd1-photos.leclercdrive.fr/image.ashx?id=2802518&use=l&cat=p&typeid=i","cat":284594},{"id":234151,"n":"Déodorant bille Narta  Resixyl 72h - 50ml","p":4.46,"u":"89,20 €/L","img":"https://fd1-photos.leclercdrive.fr/image.ashx?id=2769017&use=l&cat=p&typeid=i","cat":284595},{"id":234155,"n":"Déodorant bille femme Ushuaïa Grenade açores - 50ml","p":2.74,"u":"54,80 €/L","img":"https://fd1-photos.leclercdrive.fr/image.ashx?id=2789092&use=l&cat=p&typeid=i","cat":284595},{"id":234156,"n":"Déodorant bille Ushuaïa Vanille - 50ml","p":2.74,"u":"54,80 €/L","img":"https://fd1-photos.leclercdrive.fr/image.ashx?id=2769023&use=l&cat=p&typeid=i","cat":284595},{"id":234163,"n":"Déodorant compressé Narta Resixyl Physio - 100ml","p":4.46,"u":"44,60 €/L","img":"https://fd1-photos.leclercdrive.fr/image.ashx?id=2778401&use=l&cat=p&typeid=i","cat":284595},{"id":234226,"n":"Couverts inox Mots d'enfants Jungle - x3","p":3.5,"img":"https://fd1-photos.leclercdrive.fr/image.ashx?id=2762689&use=l&cat=p&typeid=i","cat":289435},{"id":234290,"n":"KINDER Surprise PLAYMOBIL Chocolat au lait - 3x20g","p":3.13,"u":"52,17 €/KG","img":"https://fd1-photos.leclercdrive.fr/image.ashx?id=2948495&use=l&cat=p&typeid=i","cat":284958},{"id":234293,"n":"Le Pur bœuf Charal 18%MG Façon bouchère 8x100g","p":12.4,"u":"15,50 €/KG","img":"https://fd1-photos.leclercdrive.fr/image.ashx?id=2763205&use=l&cat=p&typeid=i","cat":319778},{"id":234299,"n":"Recharge Sense & Spray Glade Linge propre - 2x18ml","p":6.93,"pp":4.16,"u":"115,56 €/L","img":"https://fd1-photos.leclercdrive.fr/image.ashx?id=2763697&use=l&cat=p&typeid=i","cat":311629},{"id":234341,"n":"Café moulu L'Or Doux 100% Arabica - 250g","p":4.7,"u":"18,80 €/KG","img":"https://fd1-photos.leclercdrive.fr/image.ashx?id=2763015&use=l&cat=p&typeid=i","cat":284750},{"id":234370,"n":"Cornichons Croq'Vert  Amora Extra-fins aux épices 210g","p":1.95,"u":"9,29 €/KG","img":"https://fd1-photos.leclercdrive.fr/image.ashx?id=2770671&use=l&cat=p&typeid=i","cat":284458},{"id":234471,"n":"Champignon blond  500g","p":2.99,"u":"5,98 €/KG","img":"https://fd1-photos.leclercdrive.fr/image.ashx?id=1100197&use=l&cat=p&typeid=i","cat":284352},{"id":234476,"n":"Tomates entières pelées Le Cabanon - 400g","p":1.25,"u":"3,13 €/KG","img":"https://fd1-photos.leclercdrive.fr/image.ashx?id=2765075&use=l&cat=p&typeid=i","cat":312608},{"id":234477,"n":"Chips Bret's Rôtisserie 120g","p":1.8,"u":"15,00 €/KG","img":"https://fd1-photos.leclercdrive.fr/image.ashx?id=2765222&use=l&cat=p&typeid=i","cat":284447},{"id":234511,"n":"Thé noir Yellow Label Lipton Bio - x25 - 50g","p":1.84,"u":"36,80 €/KG","img":"https://fd1-photos.leclercdrive.fr/image.ashx?id=2938827&use=l&cat=p&typeid=i","cat":293233},{"id":234573,"n":"Liqueur au rhum crème de coco Damoiseau - 70cl","p":14.5,"u":"20,71 €/L","img":"https://fd1-photos.leclercdrive.fr/image.ashx?id=2766340&use=l&cat=p&typeid=i","cat":286032},{"id":234615,"n":"Bière Cherry 8.6 7.2%  50cl","p":1.5,"u":"3,00 €/L","img":"https://fd1-photos.leclercdrive.fr/image.ashx?id=2766102&use=l&cat=p&typeid=i","cat":334853},{"id":234869,"n":"Gâteau moelleux Chocalin Harrys Cacao et Chocolat X10 - 350G","p":3.38,"u":"9,66 €/KG","img":"https://fd1-photos.leclercdrive.fr/image.ashx?id=2962464&use=l&cat=p&typeid=i","cat":284495},{"id":234875,"n":"Purée de tomates Heinz x 3 - 212g","p":1.99,"u":"3,13 €/KG","img":"https://fd1-photos.leclercdrive.fr/image.ashx?id=2927004&use=l&cat=p&typeid=i","cat":288384},{"id":235016,"n":"Chocolats  Lucky Monkey Lindt Céréales - 100g","p":2.74,"u":"27,40 €/KG","img":"https://fd1-photos.leclercdrive.fr/image.ashx?id=2773068&use=l&cat=p&typeid=i","cat":284497},{"id":235051,"n":"Repas bébé Blédichef 12 mois  Risotto épinards Kiri - 230g","p":1.79,"u":"7,78 €/KG","img":"https://fd1-photos.leclercdrive.fr/image.ashx?id=2852375&use=l&cat=p&typeid=i","cat":312237},{"id":235065,"n":"Repas bébé Blédichef 15 mois  Pâtes poireaux et kiri -250g","p":1.81,"u":"7,24 €/KG","img":"https://fd1-photos.leclercdrive.fr/image.ashx?id=2928420&use=l&cat=p&typeid=i","cat":312238},{"id":235066,"n":"Repas bébé Blédichef 12 mois Potirons et panais -2x230g","p":3.4,"u":"7,39 €/KG","img":"https://fd1-photos.leclercdrive.fr/image.ashx?id=2935780&use=l&cat=p&typeid=i","cat":312237},{"id":235068,"n":"Repas bébé Blédichef 15 mois Lasagne bolognaise -230g","p":2.49,"u":"10,83 €/KG","img":"https://fd1-photos.leclercdrive.fr/image.ashx?id=2975098&use=l&cat=p&typeid=i","cat":312238},{"id":235069,"n":"Repas bébé Blédichef 15 mois Lasagnes légumes -230g","p":2.95,"u":"12,83 €/KG","img":"https://fd1-photos.leclercdrive.fr/image.ashx?id=2865632&use=l&cat=p&typeid=i","cat":312238},{"id":235070,"n":"Repas bébé Blédichef 15 mois Lasagne épinards merlu -230g","p":2.85,"u":"12,39 €/KG","img":"https://fd1-photos.leclercdrive.fr/image.ashx?id=2865635&use=l&cat=p&typeid=i","cat":312238},{"id":235081,"n":"Plat cuisiné William Saurin Trio gourmand boeuf - 320g","p":3.52,"u":"11,00 €/KG","img":"https://fd1-photos.leclercdrive.fr/image.ashx?id=2986386&use=l&cat=p&typeid=i","cat":284953},{"id":235121,"n":"Morceaux de thon Petit Navire Au naturel - 3x112g","p":5.39,"u":"16,04 €/KG","img":"https://fd1-photos.leclercdrive.fr/image.ashx?id=2887488&use=l&cat=p&typeid=i","cat":303867},{"id":235202,"n":"Menthe Pastille Giffard 24%vol - 150cl","p":29.72,"u":"19,81 €/L","img":"https://fd1-photos.leclercdrive.fr/image.ashx?id=2775712&use=l&cat=p&typeid=i","cat":286032},{"id":235245,"n":"Purée Mousline  Presse purée - 3x65g","p":1.79,"u":"9,18 €/KG","img":"https://fd1-photos.leclercdrive.fr/image.ashx?id=2789520&use=l&cat=p&typeid=i","cat":284431},{"id":235246,"n":"Purée Mousline Ai lait entier 3x65g","p":2.23,"u":"11,44 €/KG","img":"https://fd1-photos.leclercdrive.fr/image.ashx?id=2789523&use=l&cat=p&typeid=i","cat":284431},{"id":235247,"n":"M&M's Peanut x5 180g","p":1.95,"u":"10,83 €/KG","img":"https://fd1-photos.leclercdrive.fr/image.ashx?id=3009011&use=l&cat=p&typeid=i","cat":304238},{"id":235260,"n":"Pâte Lotus Biscoff Speculoos Creamy - 410g","p":3.74,"u":"9,12 €/KG","img":"https://fd1-photos.leclercdrive.fr/image.ashx?id=2776208&use=l&cat=p&typeid=i","cat":284481},{"id":235365,"n":"Friandises chat Whiskas saveur Saumon maxi pack -180g","p":2.96,"u":"16,44 €/KG","img":"https://fd1-photos.leclercdrive.fr/image.ashx?id=2944963&use=l&cat=p&typeid=i","cat":285285},{"id":235369,"n":"Friandises chat Whiskas saveur  Poulet et fromage -180g","p":2.96,"u":"16,44 €/KG","img":"https://fd1-photos.leclercdrive.fr/image.ashx?id=2944966&use=l&cat=p&typeid=i","cat":285285},{"id":235413,"n":"Tube harissa El Manar  - 140g","p":0.85,"u":"6,07 €/KG","img":"https://fd1-photos.leclercdrive.fr/image.ashx?id=2776552&use=l&cat=p&typeid=i","cat":289013},{"id":235547,"n":"Bière blonde IPA Brooklyn Pulp Art 6° - 50cl canette","p":2.27,"u":"4,54 €/L","img":"https://fd1-photos.leclercdrive.fr/image.ashx?id=2779390&use=l&cat=p&typeid=i","cat":334853},{"id":235685,"n":"Lait bébé en poudre Calisma Gallia Croissance 12 mois 830g","p":10.87,"u":"13,10 €/KG","img":"https://fd1-photos.leclercdrive.fr/image.ashx?id=2794274&use=l&cat=p&typeid=i","cat":290219},{"id":235710,"n":"Chapelure Tablier Blanc 400g","p":0.88,"u":"2,20 €/KG","img":"https://fd1-photos.leclercdrive.fr/image.ashx?id=2793335&use=l&cat=p&typeid=i","cat":288382},{"id":235786,"n":"Tablette lave-vaisselle Visior Tout-en-un - x45 - 765g","p":5.27,"u":"6,89 €/KG","img":"https://fd1-photos.leclercdrive.fr/image.ashx?id=2954902&use=l&cat=p&typeid=i","cat":284656},{"id":235860,"n":"Solution micellaire Filorga Skin-Prep - 400ml","p":17.13,"u":"42,83 €/L","img":"https://fd1-photos.leclercdrive.fr/image.ashx?id=2782135&use=l&cat=p&typeid=i","cat":284603},{"id":235870,"n":"Chocolat Côte d'Or selection 187g","p":9.95,"pp":6.96,"u":"37,22 €/KG","img":"https://fd1-photos.leclercdrive.fr/image.ashx?id=2916453&use=l&cat=p&typeid=i","cat":327595},{"id":235921,"n":"Whisky Aberlour 40% 70cl","p":32.67,"u":"46,67 €/L","img":"https://fd1-photos.leclercdrive.fr/image.ashx?id=3000369&use=l&cat=p&typeid=i","cat":284547},{"id":236050,"n":"Lait bébé en poudre Calisma Gallia Junior Dès 18 mois 830g","p":10.95,"u":"13,19 €/KG","img":"https://fd1-photos.leclercdrive.fr/image.ashx?id=2907860&use=l&cat=p&typeid=i","cat":290219},{"id":236076,"n":"Nettoyant optique verres VU Ultra dégraissant x20 lingettes","p":1.71,"img":"https://fd1-photos.leclercdrive.fr/image.ashx?id=2890640&use=l&cat=p&typeid=i","cat":288862},{"id":236083,"n":"Boisson Monster Energy zero Ultra rosa - 50cl","p":1.5,"u":"3,00 €/L","img":"https://fd1-photos.leclercdrive.fr/image.ashx?id=2784465&use=l&cat=p&typeid=i","cat":284533},{"id":236266,"n":"Boisson Monster Energy zero Ultra peachy keen - 50cl","p":1.44,"u":"2,88 €/L","img":"https://fd1-photos.leclercdrive.fr/image.ashx?id=2789116&use=l&cat=p&typeid=i","cat":284533},{"id":236355,"n":"Chariot multi activités en bois Dès 12 mois - Kidway","p":25.9,"img":"https://fd1-photos.leclercdrive.fr/image.ashx?id=2789412&use=l&cat=p&typeid=i","cat":334379},{"id":236433,"n":"Haché moelleux Férial 600g","p":6.55,"u":"10,92 €/KG","img":"https://fd1-photos.leclercdrive.fr/image.ashx?id=2789700&use=l&cat=p&typeid=i","cat":319779},{"id":236676,"n":"Bâtonnets Mikado Chocolat au lait - 6x100g","p":10.02,"u":"16,70 €/KG","img":"https://fd1-photos.leclercdrive.fr/image.ashx?id=2805885&use=l&cat=p&typeid=i","cat":284488},{"id":236716,"n":"Hydralin Balance gel vaginal  7 tubes x5ml","p":11.99,"img":"https://fd1-photos.leclercdrive.fr/image.ashx?id=2794764&use=l&cat=p&typeid=i","cat":328622},{"id":236734,"n":"Moulage avec surprise Kinder Bonhomme de Neige- 36g","p":3.06,"u":"85,00 €/KG","img":"https://fd1-photos.leclercdrive.fr/image.ashx?id=2798846&use=l&cat=p&typeid=i","cat":327592},{"id":236735,"n":"Moulage avec surprise Kinder Ecureuil- 36g","p":3.06,"u":"85,00 €/KG","img":"https://fd1-photos.leclercdrive.fr/image.ashx?id=2798849&use=l&cat=p&typeid=i","cat":327592},{"id":236736,"n":"Moulage avec surprise Kinder Garçon - 36g","p":3.06,"u":"85,00 €/KG","img":"https://fd1-photos.leclercdrive.fr/image.ashx?id=2798852&use=l&cat=p&typeid=i","cat":327592},{"id":237036,"n":"Petits plaisirs Ferrero Rocher Mix 3 goûts - 200g","p":9.38,"u":"46,90 €/KG","img":"https://fd1-photos.leclercdrive.fr/image.ashx?id=2945017&use=l&cat=p&typeid=i","cat":327600},{"id":237040,"n":"Boîte Grand assortiment Ferrero Chocolat - x20 - 197g","p":11.93,"u":"60,56 €/KG","img":"https://fd1-photos.leclercdrive.fr/image.ashx?id=2909251&use=l&cat=p&typeid=i","cat":327595},{"id":237047,"n":"Moulage Kinder Caramel - 110g","p":3.79,"u":"34,45 €/KG","img":"https://fd1-photos.leclercdrive.fr/image.ashx?id=2797013&use=l&cat=p&typeid=i","cat":327592},{"id":237049,"n":"Chocolat Kinder Mini friends Eclats caramel - 122g","p":4.96,"u":"40,66 €/KG","img":"https://fd1-photos.leclercdrive.fr/image.ashx?id=2797052&use=l&cat=p&typeid=i","cat":327592},{"id":237053,"n":"Boîte chocolat Kinder Happy Moments Sapin - 243g","p":11.1,"u":"45,68 €/KG","img":"https://fd1-photos.leclercdrive.fr/image.ashx?id=2945790&use=l&cat=p&typeid=i","cat":327592},{"id":237056,"n":"Chocolat Ferrero Collection Grand assortiment x42 - 441g","p":20.48,"u":"46,44 €/KG","img":"https://fd1-photos.leclercdrive.fr/image.ashx?id=2940540&use=l&cat=p&typeid=i","cat":327595},{"id":237057,"n":"Chocolat Ferrero Collection Grand assortiment x43 - 432g","p":20.48,"u":"47,41 €/KG","img":"https://fd1-photos.leclercdrive.fr/image.ashx?id=2940543&use=l&cat=p&typeid=i","cat":327595},{"id":237120,"n":"Père Noël Milka Party mix - 61g","p":3.69,"u":"60,49 €/KG","img":"https://fd1-photos.leclercdrive.fr/image.ashx?id=2796998&use=l&cat=p&typeid=i","cat":327592},{"id":237129,"n":"Les Bouchées Les Recettes de L'Atelier - Lait et noir - 398G","p":14.75,"pp":11.06,"u":"27,79 €/KG","img":"https://fd1-photos.leclercdrive.fr/image.ashx?id=2797106&use=l&cat=p&typeid=i","cat":327595},{"id":237136,"n":"L'escargot chocolat Lanvin Chocolat au lait - 362g","p":14.49,"u":"40,03 €/KG","img":"https://fd1-photos.leclercdrive.fr/image.ashx?id=2987005&use=l&cat=p&typeid=i","cat":327595},{"id":237137,"n":"Bouchées Les Recettes de L'Atelier - Noir - 401g","p":14.75,"pp":11.06,"u":"27,58 €/KG","img":"https://fd1-photos.leclercdrive.fr/image.ashx?id=2960102&use=l&cat=p&typeid=i","cat":327595},{"id":237856,"n":"Baume pieds Akileine Hydra défense - 125ml","p":7.27,"u":"58,16 €/L","img":"https://fd1-photos.leclercdrive.fr/image.ashx?id=2796818&use=l&cat=p&typeid=i","cat":290424},{"id":237859,"n":"Emulsion lavante intime  Saugella Dermoliquide- 750ml","p":11.99,"u":"15,99 €/L","img":"https://fd1-photos.leclercdrive.fr/image.ashx?id=2796354&use=l&cat=p&typeid=i","cat":301348},{"id":237861,"n":"Soin intime naturel Roge  Cavailles Extra doux - 2x500ml","p":16.9,"u":"16,90 €/L","img":"https://fd1-photos.leclercdrive.fr/image.ashx?id=2798569&use=l&cat=p&typeid=i","cat":301348},{"id":237865,"n":"Soin intime Hydralin  Calmant irritations - 2x200ml","p":12.9,"img":"https://fd1-photos.leclercdrive.fr/image.ashx?id=2796860&use=l&cat=p&typeid=i","cat":301348},{"id":237866,"n":"Soin lavant intime Saugella Dermoliquide - 2x200ml","p":9.2,"u":"18,40 €/L","img":"https://fd1-photos.leclercdrive.fr/image.ashx?id=2796357&use=l&cat=p&typeid=i","cat":301348},{"id":237940,"n":"Pâtes Barilla Fusilloni  Al Bronzo - 500g","p":1.9,"u":"3,80 €/KG","img":"https://fd1-photos.leclercdrive.fr/image.ashx?id=2797906&use=l&cat=p&typeid=i","cat":284427},{"id":237949,"n":"Pâtes Barilla Penne Rigate Al Bronzo - 500g","p":1.93,"u":"3,86 €/KG","img":"https://fd1-photos.leclercdrive.fr/image.ashx?id=2798677&use=l&cat=p&typeid=i","cat":284427},{"id":237950,"n":"Pâtes Barilla Linguine  Al Bronzo - 500g","p":1.84,"u":"3,68 €/KG","img":"https://fd1-photos.leclercdrive.fr/image.ashx?id=2798683&use=l&cat=p&typeid=i","cat":284427},{"id":238056,"n":"Pâtes Barilla Spaghettoni  Al Bronzo - 500g","p":1.95,"u":"3,90 €/KG","img":"https://fd1-photos.leclercdrive.fr/image.ashx?id=2798686&use=l&cat=p&typeid=i","cat":284427},{"id":238073,"n":"Soda Coca-Cola Sans Sucres Bouteille - Pack 6x50CL","p":5.55,"u":"1,85 €/L","img":"https://fd1-photos.leclercdrive.fr/image.ashx?id=2860532&use=l&cat=p&typeid=i","cat":284530},{"id":238167,"n":"Whisky Aberlour Triple Cast 40% 70cl","p":37.09,"u":"52,99 €/L","img":"https://fd1-photos.leclercdrive.fr/image.ashx?id=2999006&use=l&cat=p&typeid=i","cat":284547},{"id":238179,"n":"Whisky Aberlour 14ans d'âge 40% 70cl","p":46.36,"u":"66,23 €/L","img":"https://fd1-photos.leclercdrive.fr/image.ashx?id=2999003&use=l&cat=p&typeid=i","cat":284547},{"id":238429,"n":"Chocolat au lait Tablette d'Or caramel beurre salé 180g","p":2.49,"u":"13,83 €/KG","img":"https://fd1-photos.leclercdrive.fr/image.ashx?id=2800758&use=l&cat=p&typeid=i","cat":284497},{"id":238520,"n":"Cold Cream Uriage Crème protectrice -100ml","p":9.45,"u":"94,50 €/L","img":"https://fd1-photos.leclercdrive.fr/image.ashx?id=2854630&use=l&cat=p&typeid=i","cat":291171},{"id":238530,"n":"Ravioli Lustucru Selection  4 fromages - 310g","p":1.87,"u":"6,03 €/KG","img":"https://fd1-photos.leclercdrive.fr/image.ashx?id=2962524&use=l&cat=p&typeid=i","cat":333682},{"id":238738,"n":"Rôtis de Porc fumés 4 tranches Maître Jacques - 280g","p":3.29,"u":"11,75 €/KG","img":"https://fd1-photos.leclercdrive.fr/image.ashx?id=2802431&use=l&cat=p&typeid=i","cat":284331},{"id":238739,"n":"Rôtis de Porc fumés 4 tranches Fromage - Maître Jacques - 310g","p":3.88,"u":"12,52 €/KG","img":"https://fd1-photos.leclercdrive.fr/image.ashx?id=2802425&use=l&cat=p&typeid=i","cat":284331},{"id":239082,"n":"Foie gras de canard IGP Maison Rey - 300g","p":29.9,"u":"99,67 €/KG","img":"https://fd1-photos.leclercdrive.fr/image.ashx?id=2826003&use=l&cat=p&typeid=i","cat":316008},{"id":239101,"n":"Riz Thaï Taureau Ailé 1kg","p":2.98,"u":"2,98 €/KG","img":"https://fd1-photos.leclercdrive.fr/image.ashx?id=2805558&use=l&cat=p&typeid=i","cat":284428},{"id":239220,"n":"Bain de Bouche Listerine Haleine Fraiche 500ml","p":3.69,"u":"7,38 €/L","img":"https://fd1-photos.leclercdrive.fr/image.ashx?id=2806309&use=l&cat=p&typeid=i","cat":284613},{"id":239221,"n":"Bain de Bouche Listerine Total Care 10 en 1-500ml","p":4.6,"u":"9,20 €/L","img":"https://fd1-photos.leclercdrive.fr/image.ashx?id=2806312&use=l&cat=p&typeid=i","cat":284613},{"id":239223,"n":"Bain de bouche Listerine Total Care - Sans alcool 500ml","p":4.09,"u":"8,18 €/L","img":"https://fd1-photos.leclercdrive.fr/image.ashx?id=2806315&use=l&cat=p&typeid=i","cat":284613},{"id":239225,"n":"Bain de Bouche Listerine Total Care - Sans alcool 500ml","p":4.09,"u":"8,18 €/L","img":"https://fd1-photos.leclercdrive.fr/image.ashx?id=2806321&use=l&cat=p&typeid=i","cat":284613},{"id":239226,"n":"Adoucissant recharge Soupline à diluer Grand Air - 600ml","p":2.2,"u":"3,67 €/L","img":"https://fd1-photos.leclercdrive.fr/image.ashx?id=2957314&use=l&cat=p&typeid=i","cat":284650},{"id":239228,"n":"Adoucissant recharge Soupline à diluer Moment Magique-600ml","p":2.49,"u":"4,15 €/L","img":"https://fd1-photos.leclercdrive.fr/image.ashx?id=2863027&use=l&cat=p&typeid=i","cat":284650},{"id":239230,"n":"Recharge liquide vaisselle Paic Excel 2 - Dégraissant - 900ml","p":3.17,"u":"3,52 €/L","img":"https://fd1-photos.leclercdrive.fr/image.ashx?id=2835586&use=l&cat=p&typeid=i","cat":284655},{"id":239233,"n":"Dentifrice Colgate Soin complet - 75ml","p":2.23,"u":"29,73 €/L","img":"https://fd1-photos.leclercdrive.fr/image.ashx?id=2836196&use=l&cat=p&typeid=i","cat":284612},{"id":239478,"n":"Burger Géant Jacquet Nature x4 - 330g","p":1.09,"u":"3,30 €/KG","img":"https://fd1-photos.leclercdrive.fr/image.ashx?id=3010981&use=l&cat=p&typeid=i","cat":325067},{"id":239480,"n":"Burger Géant Jacquet Farine complète x4 - 330g","p":1.27,"u":"3,85 €/KG","img":"https://fd1-photos.leclercdrive.fr/image.ashx?id=2973544&use=l&cat=p&typeid=i","cat":325067},{"id":239508,"n":"Préparation maison Vahiné Muffins chocolat noisettes 330g","p":3.5,"u":"10,61 €/KG","img":"https://fd1-photos.leclercdrive.fr/image.ashx?id=2806964&use=l&cat=p&typeid=i","cat":284505},{"id":239744,"n":"Marrons glacés Frutignac x12 - 240g","p":16.14,"u":"67,25 €/KG","img":"https://fd1-photos.leclercdrive.fr/image.ashx?id=2871970&use=l&cat=p&typeid=i","cat":327603},{"id":239864,"n":"Velouté Liebig 12 legumes - 2x30cl","p":1.94,"u":"3,23 €/L","img":"https://fd1-photos.leclercdrive.fr/image.ashx?id=2923513&use=l&cat=p&typeid=i","cat":284462},{"id":239879,"n":"Soupe Liebig Legumes lait de coco - 1L","p":3.85,"u":"3,85 €/L","img":"https://fd1-photos.leclercdrive.fr/image.ashx?id=2810639&use=l&cat=p&typeid=i","cat":284462},{"id":239888,"n":"Bouillon Maggi Tomate vermicelle - 70g","p":0.51,"u":"7,29 €/KG","img":"https://fd1-photos.leclercdrive.fr/image.ashx?id=2811713&use=l&cat=p&typeid=i","cat":288379},{"id":239891,"n":"Poule aux vermicelles Maggi 65g","p":0.53,"u":"8,15 €/KG","img":"https://fd1-photos.leclercdrive.fr/image.ashx?id=2811716&use=l&cat=p&typeid=i","cat":288379},{"id":239893,"n":"Bouillon de tomates Royco x3 - 60cl","p":1.29,"u":"2,15 €/L","img":"https://fd1-photos.leclercdrive.fr/image.ashx?id=2810630&use=l&cat=p&typeid=i","cat":288379},{"id":239897,"n":"Velouté de poireaux Royco  pomme de terre x3 - 80cl","p":1.53,"u":"1,91 €/L","img":"https://fd1-photos.leclercdrive.fr/image.ashx?id=2810642&use=l&cat=p&typeid=i","cat":293527},{"id":239899,"n":"Plat Bledina Boeuf et carotte - 200g","p":2.39,"u":"11,95 €/KG","img":"https://fd1-photos.leclercdrive.fr/image.ashx?id=2866307&use=l&cat=p&typeid=i","cat":312238},{"id":239946,"n":"Compote Bonne Maman Pomme vanille - 590g","p":2.29,"u":"3,88 €/KG","img":"https://fd1-photos.leclercdrive.fr/image.ashx?id=2951863&use=l&cat=p&typeid=i","cat":284480},{"id":239953,"n":"Chocolat noir Excellence Lindt 3 graines - 100g","p":2.55,"u":"2,55 €/L","img":"https://fd1-photos.leclercdrive.fr/image.ashx?id=2810675&use=l&cat=p&typeid=i","cat":284499},{"id":240160,"n":"Recharge liquide vaisselle et  mains Le Briochin - 450ml","p":2.62,"u":"5,82 €/L","img":"https://fd1-photos.leclercdrive.fr/image.ashx?id=3000758&use=l&cat=p&typeid=i","cat":284655},{"id":240425,"n":"Soda à l'orange Orangina 1,5L","p":2.14,"u":"1,43 €/L","img":"https://fd1-photos.leclercdrive.fr/image.ashx?id=2946499&use=l&cat=p&typeid=i","cat":284532},{"id":240427,"n":"Soda à l'orange Orangina 12x33cl","p":7.4,"u":"1,87 €/L","img":"https://fd1-photos.leclercdrive.fr/image.ashx?id=2946505&use=l&cat=p&typeid=i","cat":284532},{"id":240428,"n":"Soda à l'orange Orangina 6x33cl","p":3.79,"u":"1,91 €/L","img":"https://fd1-photos.leclercdrive.fr/image.ashx?id=2946502&use=l&cat=p&typeid=i","cat":284532},{"id":240482,"n":"Riz basmati Lustucru 10min - 5x180g","p":2.96,"u":"3,29 €/KG","img":"https://fd1-photos.leclercdrive.fr/image.ashx?id=2814163&use=l&cat=p&typeid=i","cat":284428},{"id":240842,"n":"Skyr nature Délisse 4x100g","p":1.72,"u":"4,30 €/KG","img":"https://fd1-photos.leclercdrive.fr/image.ashx?id=2992588&use=l&cat=p&typeid=i","cat":315000},{"id":240843,"n":"Skyr nature Délisse 850g","p":2.75,"u":"3,24 €/KG","img":"https://fd1-photos.leclercdrive.fr/image.ashx?id=2992600&use=l&cat=p&typeid=i","cat":315000},{"id":241099,"n":"Nouilles asiatiques Maggi Pad Thai - 128g","p":1.79,"u":"13,98 €/KG","img":"https://fd1-photos.leclercdrive.fr/image.ashx?id=2899776&use=l&cat=p&typeid=i","cat":288992},{"id":241211,"n":"Dentifrice Enfants Signal Super Mario - Fraise - 75ml","p":2.15,"u":"28,67 €/L","img":"https://fd1-photos.leclercdrive.fr/image.ashx?id=2987047&use=l&cat=p&typeid=i","cat":288898},{"id":241497,"n":"Foie gras de canard Pierre de Chaumeyrac 150g","p":13.9,"u":"92,67 €/KG","img":"https://fd1-photos.leclercdrive.fr/image.ashx?id=2817226&use=l&cat=p&typeid=i","cat":316008},{"id":241498,"n":"Foie gras de canard entier Pierre de Chaumeyrac 200g","p":16.99,"u":"84,95 €/KG","img":"https://fd1-photos.leclercdrive.fr/image.ashx?id=2817229&use=l&cat=p&typeid=i","cat":316008},{"id":241499,"n":"Bloc foie gras de canard  Pierre de Chaumeyrac 2x40g","p":5.95,"u":"74,38 €/KG","img":"https://fd1-photos.leclercdrive.fr/image.ashx?id=2817235&use=l&cat=p&typeid=i","cat":316008},{"id":241503,"n":"Tartinable foie gras de canard Pierre de Chaumeyrac 90g","p":3.59,"u":"39,89 €/KG","img":"https://fd1-photos.leclercdrive.fr/image.ashx?id=2817232&use=l&cat=p&typeid=i","cat":316008},{"id":241653,"n":"Riz parfumé Taureau ailé 500g","p":1.56,"u":"3,12 €/KG","img":"https://fd1-photos.leclercdrive.fr/image.ashx?id=2828343&use=l&cat=p&typeid=i","cat":284428},{"id":241657,"n":"Riz Thai Taureau ailé 500g","p":2.09,"u":"4,18 €/KG","img":"https://fd1-photos.leclercdrive.fr/image.ashx?id=2828340&use=l&cat=p&typeid=i","cat":284428},{"id":241919,"n":"AOP Fitou Prieur Barsanne Vin rouge - 3L","p":10.99,"u":"3,66 €/L","img":"https://fd1-photos.leclercdrive.fr/image.ashx?id=2820284&use=l&cat=p&typeid=i","cat":289556},{"id":241920,"n":"AOP Bourgueil Vin rouge - 3L","p":14.99,"u":"5,00 €/L","img":"https://fd1-photos.leclercdrive.fr/image.ashx?id=2820287&use=l&cat=p&typeid=i","cat":289556},{"id":242218,"n":"Lingettes Mixa bébé au lait x80","p":2.93,"u":"0,04 €/P","img":"https://fd1-photos.leclercdrive.fr/image.ashx?id=2828079&use=l&cat=p&typeid=i","cat":284738},{"id":242220,"n":"Lingettes Mixa bébé  eau minérale x48","p":3.0,"u":"0,06 €/P","img":"https://fd1-photos.leclercdrive.fr/image.ashx?id=2828082&use=l&cat=p&typeid=i","cat":284738},{"id":242258,"n":"Laque Elnett 300ml","p":7.52,"u":"25,07 €/L","img":"https://fd1-photos.leclercdrive.fr/image.ashx?id=2828019&use=l&cat=p&typeid=i","cat":284609},{"id":242259,"n":"Laque Elnett fixation forte 300ml","p":7.52,"u":"25,07 €/L","img":"https://fd1-photos.leclercdrive.fr/image.ashx?id=2828016&use=l&cat=p&typeid=i","cat":284609},{"id":242329,"n":"Bonbons Copains Copines Acides - 200g","p":1.13,"u":"5,65 €/KG","img":"https://fd1-photos.leclercdrive.fr/image.ashx?id=2934793&use=l&cat=p&typeid=i","cat":304250},{"id":242719,"n":"Yaourt protéiné Hipro Fraise - 2x160g","p":2.32,"u":"7,25 €/KG","img":"https://fd1-photos.leclercdrive.fr/image.ashx?id=2945418&use=l&cat=p&typeid=i","cat":315000},{"id":242803,"n":"Granions décontractant Musculaire - 60 comprimés","p":10.77,"u":"153,86 €/KG","img":"https://fd1-photos.leclercdrive.fr/image.ashx?id=2824037&use=l&cat=p&typeid=i","cat":298633},{"id":242805,"n":"Granions pilulier magnésium Bisglycinate - 59g - x60","p":16.74,"u":"283,73 €/KG","img":"https://fd1-photos.leclercdrive.fr/image.ashx?id=2824040&use=l&cat=p&typeid=i","cat":301264},{"id":242808,"n":"Complément alimentaire Pro Keracys Cheveux 3x90 comprimés","p":28.21,"img":"https://fd1-photos.leclercdrive.fr/image.ashx?id=3008881&use=l&cat=p&typeid=i","cat":301266},{"id":242835,"n":"Eau aromatisée Cristaline Fruits rouges - 1.5L","p":0.77,"u":"0,51 €/L","img":"https://fd1-photos.leclercdrive.fr/image.ashx?id=2825664&use=l&cat=p&typeid=i","cat":284537},{"id":242901,"n":"AOP Jurançon sec Vin blanc Terrasses d'Autan - 75cl","p":4.99,"u":"6,65 €/L","img":"https://fd1-photos.leclercdrive.fr/image.ashx?id=2824153&use=l&cat=p&typeid=i","cat":289557},{"id":242942,"n":"Riz basmati Taureau Ailé  Bio - 500g","p":3.46,"u":"6,92 €/KG","img":"https://fd1-photos.leclercdrive.fr/image.ashx?id=2826015&use=l&cat=p&typeid=i","cat":284428},{"id":243164,"n":"Infusion EuphytoseNuit Sommeil Réparateur Fleur d'oranger 48g","p":6.6,"u":"137,50 €/KG","img":"https://fd1-photos.leclercdrive.fr/image.ashx?id=2825287&use=l&cat=p&typeid=i","cat":301265},{"id":243165,"n":"Complément alimentaire Forcapil Anti-chute Cheveux x60 Gummies","p":18.14,"u":"120,93 €/KG","img":"https://fd1-photos.leclercdrive.fr/image.ashx?id=2881945&use=l&cat=p&typeid=i","cat":301266},{"id":243170,"n":"Vin rosé 0% alcool Uby Osmose 75cl","p":4.8,"u":"6,40 €/L","img":"https://fd1-photos.leclercdrive.fr/image.ashx?id=2833843&use=l&cat=p&typeid=i","cat":289558},{"id":243386,"n":"Complément alimentaire Forté Nuit - Sommeil - x60 gummies","p":16.07,"img":"https://fd1-photos.leclercdrive.fr/image.ashx?id=2833768&use=l&cat=p&typeid=i","cat":301265},{"id":243387,"n":"Complément alimentaire Forté  Nuit Mélatonine 1900 - x60","p":9.9,"img":"https://fd1-photos.leclercdrive.fr/image.ashx?id=2993442&use=l&cat=p&typeid=i","cat":301265},{"id":243390,"n":"Complément alimentaire Granions Biotine 10 000µg - 32g","p":15.7,"u":"49,06 €/L","img":"https://fd1-photos.leclercdrive.fr/image.ashx?id=2846460&use=l&cat=p&typeid=i","cat":301266},{"id":243395,"n":"Complément alimentaire Granions Collagène Multi I.II.III.V.X","p":20.12,"img":"https://fd1-photos.leclercdrive.fr/image.ashx?id=2841885&use=l&cat=p&typeid=i","cat":301266},{"id":243397,"n":"Complément alimentaire Luxéol Chute cheveux progressive x90","p":34.95,"img":"https://fd1-photos.leclercdrive.fr/image.ashx?id=2833900&use=l&cat=p&typeid=i","cat":301266},{"id":243399,"n":"Complément alimentaire Ortis Bénétransit Ecopack - x90","p":14.3,"pp":10.01,"img":"https://fd1-photos.leclercdrive.fr/image.ashx?id=2829235&use=l&cat=p&typeid=i","cat":301268},{"id":243400,"n":"Complément alimentaire Desmodium 2300mg x20","p":9.6,"pp":7.2,"u":"7,20 €/PRT","img":"https://fd1-photos.leclercdrive.fr/image.ashx?id=2829238&use=l&cat=p&typeid=i","cat":301268},{"id":243402,"n":"Complément alimentaire Magné Control - Magnésium Marin x30","p":6.54,"img":"https://fd1-photos.leclercdrive.fr/image.ashx?id=2829217&use=l&cat=p&typeid=i","cat":301264},{"id":243403,"n":"Complément alimentaire Nausélib Etats nauséeux - 20g - x36","p":5.33,"u":"266,50 €/KG","img":"https://fd1-photos.leclercdrive.fr/image.ashx?id=2833543&use=l&cat=p&typeid=i","cat":301268},{"id":243404,"n":"Complément alimentaire Bouffées de chaleur - x120","p":20.25,"img":"https://fd1-photos.leclercdrive.fr/image.ashx?id=2829220&use=l&cat=p&typeid=i","cat":301268},{"id":243685,"n":"Complément alimentaire Herbesan Adoucid Menthe - x30 - 69g","p":7.24,"pp":5.07,"u":"73,48 €/KG","img":"https://fd1-photos.leclercdrive.fr/image.ashx?id=2832074&use=l&cat=p&typeid=i","cat":301264},{"id":243687,"n":"Complément alimentaire Somnifor Mélatonine Bio - x30 comprimés","p":11.3,"img":"https://fd1-photos.leclercdrive.fr/image.ashx?id=3008557&use=l&cat=p&typeid=i","cat":301265},{"id":243690,"n":"Complément alimentaire Somnifor Melatonine 1.9mg x30 comprimés","p":6.42,"u":"237,78 €/KG","img":"https://fd1-photos.leclercdrive.fr/image.ashx?id=3008560&use=l&cat=p&typeid=i","cat":301265},{"id":243696,"n":"Complément alimentaire Forté Magnésium Ultra Fort - x30","p":8.0,"img":"https://fd1-photos.leclercdrive.fr/image.ashx?id=2833771&use=l&cat=p&typeid=i","cat":301264},{"id":243697,"n":"Complément alimentaire HydraForté Mangue Passion x24","p":6.33,"u":"53,19 €/KG","img":"https://fd1-photos.leclercdrive.fr/image.ashx?id=2833780&use=l&cat=p&typeid=i","cat":301268},{"id":243698,"n":"Complément alimentaire HydraForté Cerise - x24","p":6.33,"u":"53,19 €/KG","img":"https://fd1-photos.leclercdrive.fr/image.ashx?id=2833783&use=l&cat=p&typeid=i","cat":301268},{"id":243699,"n":"Complément alimentaire HydraForté Menthe Citron - x24","p":6.33,"u":"53,19 €/KG","img":"https://fd1-photos.leclercdrive.fr/image.ashx?id=2833786&use=l&cat=p&typeid=i","cat":301268},{"id":243700,"n":"Pastilles FortéPharma Forté Royal Miel - x24","p":4.95,"img":"https://fd1-photos.leclercdrive.fr/image.ashx?id=2832176&use=l&cat=p&typeid=i","cat":301268},{"id":243704,"n":"Complément alimentaire Granions Probiotiques 45 milliards d'ufc","p":24.9,"img":"https://fd1-photos.leclercdrive.fr/image.ashx?id=2851198&use=l&cat=p&typeid=i","cat":301268},{"id":243948,"n":"Complément alimentaire Granions Morosil 400mg - x60 comprimés","p":23.14,"u":"413,21 €/KG","img":"https://fd1-photos.leclercdrive.fr/image.ashx?id=2834623&use=l&cat=p&typeid=i","cat":301264},{"id":243953,"n":"Crème amincissant Somatoline Ventre et hanches - 250ml","p":32.9,"u":"131,60 €/L","img":"https://fd1-photos.leclercdrive.fr/image.ashx?id=2834821&use=l&cat=p&typeid=i","cat":301267},{"id":243956,"n":"Complément alimentaire Forté Pharma Désir & vigueur 350g","p":15.2,"u":"43,43 €/KG","img":"https://fd1-photos.leclercdrive.fr/image.ashx?id=2834211&use=l&cat=p&typeid=i","cat":301264},{"id":243995,"n":"Croutons saveur ail Pasquier 80g","p":1.09,"u":"13,63 €/KG","img":"https://fd1-photos.leclercdrive.fr/image.ashx?id=2834458&use=l&cat=p&typeid=i","cat":284464},{"id":243996,"n":"Croutons nature Pasquier 80g","p":0.99,"u":"12,38 €/KG","img":"https://fd1-photos.leclercdrive.fr/image.ashx?id=2834461&use=l&cat=p&typeid=i","cat":284464},{"id":244218,"n":"Croquettes Friskies chat adulte Thon Légumes - 3kg","p":8.65,"u":"2,88 €/KG","img":"https://fd1-photos.leclercdrive.fr/image.ashx?id=2835148&use=l&cat=p&typeid=i","cat":284680},{"id":244230,"n":"Croquettes Friskies chat adulte Poulet Légumes - 3kg","p":8.69,"u":"2,90 €/KG","img":"https://fd1-photos.leclercdrive.fr/image.ashx?id=2835151&use=l&cat=p&typeid=i","cat":284680},{"id":244235,"n":"Croquettes Friskies chat adulte  Boeuf Poulet Légumes - 1.5kg","p":4.39,"u":"2,93 €/KG","img":"https://fd1-photos.leclercdrive.fr/image.ashx?id=2835154&use=l&cat=p&typeid=i","cat":284680},{"id":244337,"n":"Café Soluble Nescafé Cappuccino Caramel beurre salé - 261g","p":4.59,"u":"17,59 €/KG","img":"https://fd1-photos.leclercdrive.fr/image.ashx?id=2957305&use=l&cat=p&typeid=i","cat":284843},{"id":244360,"n":"Shampooing Elsève Hyaluronique  250ml","p":3.48,"u":"13,92 €/L","img":"https://fd1-photos.leclercdrive.fr/image.ashx?id=2863617&use=l&cat=p&typeid=i","cat":284606},{"id":244550,"n":"Togouchi Pure Malt sous étui 40° - 70cl","p":46.5,"pp":42.5,"u":"60,71 €/L","img":"https://fd1-photos.leclercdrive.fr/image.ashx?id=2836634&use=l&cat=p&typeid=i","cat":284547},{"id":244661,"n":"Riz Basmati Lustucru Selection  10 min - 450g","p":2.12,"u":"4,71 €/KG","img":"https://fd1-photos.leclercdrive.fr/image.ashx?id=2836732&use=l&cat=p&typeid=i","cat":284428},{"id":245060,"n":"Cornichons 6 aromates Rustica extra-fins -220g","p":1.59,"u":"7,23 €/KG","img":"https://fd1-photos.leclercdrive.fr/image.ashx?id=2916734&use=l&cat=p&typeid=i","cat":284458},{"id":245064,"n":"Riz Basmati Lustucru 900g","p":3.4,"u":"3,78 €/KG","img":"https://fd1-photos.leclercdrive.fr/image.ashx?id=2837640&use=l&cat=p&typeid=i","cat":284428},{"id":245065,"n":"Dosettes Café Breizh  Tradition  - x36 - 250g","p":4.75,"pp":4.35,"u":"17,40 €/KG","img":"https://fd1-photos.leclercdrive.fr/image.ashx?id=2837412&use=l&cat=p&typeid=i","cat":293238},{"id":245074,"n":"Nouilles instantanées Maggi sauce aigre douce - 128g","p":1.79,"u":"13,98 €/KG","img":"https://fd1-photos.leclercdrive.fr/image.ashx?id=2837628&use=l&cat=p&typeid=i","cat":288992},{"id":245075,"n":"Nouilles instantanées Maggi  sauce Teriyaki - 128g","p":1.79,"u":"13,98 €/KG","img":"https://fd1-photos.leclercdrive.fr/image.ashx?id=2837625&use=l&cat=p&typeid=i","cat":288992},{"id":245086,"n":"Sauce Tikka Masala Maggi pour poulet - 340g","p":3.65,"u":"10,74 €/KG","img":"https://fd1-photos.leclercdrive.fr/image.ashx?id=2971772&use=l&cat=p&typeid=i","cat":289012},{"id":245255,"n":"Skyr Yoplait 0%MG Framboise fruits rouges 4x100g","p":2.36,"u":"5,90 €/KG","img":"https://fd1-photos.leclercdrive.fr/image.ashx?id=2884501&use=l&cat=p&typeid=i","cat":315000},{"id":245465,"n":"Pomelos rouges Lot de 3","p":2.4,"u":"0,80 €/P","img":"https://fd1-photos.leclercdrive.fr/image.ashx?id=1636491&use=l&cat=p&typeid=i","cat":284356},{"id":245560,"n":"Couscous aux epices douces  Comptoir du grain 2x250g","p":1.73,"u":"3,46 €/KG","img":"https://fd1-photos.leclercdrive.fr/image.ashx?id=3012875&use=l&cat=p&typeid=i","cat":284429},{"id":245576,"n":"Sauce Pesto vert Panzani au basilic - 2x90g","p":2.65,"u":"14,72 €/KG","img":"https://fd1-photos.leclercdrive.fr/image.ashx?id=2873841&use=l&cat=p&typeid=i","cat":299047},{"id":245579,"n":"Sauce Pesto vert crémeux  Panzani - 190g","p":2.17,"u":"11,42 €/KG","img":"https://fd1-photos.leclercdrive.fr/image.ashx?id=2873838&use=l&cat=p&typeid=i","cat":299047},{"id":245582,"n":"Sauce Pesto Panzani poivrons ricotta - 190g","p":2.01,"u":"10,58 €/KG","img":"https://fd1-photos.leclercdrive.fr/image.ashx?id=2873835&use=l&cat=p&typeid=i","cat":299047},{"id":245614,"n":"Velouté La Potagère Patate douce chèvre - 1L","p":2.49,"u":"2,49 €/L","img":"https://fd1-photos.leclercdrive.fr/image.ashx?id=2840581&use=l&cat=p&typeid=i","cat":284462},{"id":245615,"n":"Velouté La Potagère Pomme de terre raclette - 1L","p":2.63,"u":"2,63 €/L","img":"https://fd1-photos.leclercdrive.fr/image.ashx?id=2840584&use=l&cat=p&typeid=i","cat":284462},{"id":245616,"n":"Velouté La Potagère Potiron fourme d'Ambert - 1L","p":2.71,"u":"2,71 €/L","img":"https://fd1-photos.leclercdrive.fr/image.ashx?id=2840587&use=l&cat=p&typeid=i","cat":284462},{"id":245929,"n":"Tablette chocolat KitKat Caramel salé - 99g","p":2.19,"u":"22,12 €/KG","img":"https://fd1-photos.leclercdrive.fr/image.ashx?id=2990868&use=l&cat=p&typeid=i","cat":284497},{"id":245930,"n":"Tablette KitKat  Double chocolat - 99g","p":2.19,"u":"22,12 €/KG","img":"https://fd1-photos.leclercdrive.fr/image.ashx?id=2990865&use=l&cat=p&typeid=i","cat":284497},{"id":245931,"n":"Tablette chocolat KitKat  Noisette - 99g","p":2.19,"u":"22,12 €/KG","img":"https://fd1-photos.leclercdrive.fr/image.ashx?id=2871046&use=l&cat=p&typeid=i","cat":284497},{"id":246085,"n":"L'Enrobé aux fleurs 80g","p":2.89,"u":"36,13 €/KG","img":"https://fd1-photos.leclercdrive.fr/image.ashx?id=2842067&use=l&cat=p&typeid=i","cat":314031},{"id":246173,"n":"Chips Bret's Bleu d'Auvergne - 125g","p":1.65,"u":"13,20 €/KG","img":"https://fd1-photos.leclercdrive.fr/image.ashx?id=2843412&use=l&cat=p&typeid=i","cat":284447},{"id":246174,"n":"Chips Bret's Sauce Curry - 125g","p":1.68,"u":"13,44 €/KG","img":"https://fd1-photos.leclercdrive.fr/image.ashx?id=2843418&use=l&cat=p&typeid=i","cat":284447},{"id":246175,"n":"Chips Bret's Cheddar Jalapeno - 125g","p":1.65,"u":"13,20 €/KG","img":"https://fd1-photos.leclercdrive.fr/image.ashx?id=2843415&use=l&cat=p&typeid=i","cat":284447},{"id":246197,"n":"Complément alimentaire  Arkopharma Azinc Sénior x30","p":10.9,"u":"0,36 €/P","img":"https://fd1-photos.leclercdrive.fr/image.ashx?id=2843439&use=l&cat=p&typeid=i","cat":301264},{"id":246199,"n":"Sablés au roquefort Nos Régions ont du Talent 100g","p":1.99,"u":"19,90 €/KG","img":"https://fd1-photos.leclercdrive.fr/image.ashx?id=2909927&use=l&cat=p&typeid=i","cat":297000},{"id":246200,"n":"Sablés au comté Nos Régions ont du Talent 100g","p":1.99,"u":"19,90 €/KG","img":"https://fd1-photos.leclercdrive.fr/image.ashx?id=2909924&use=l&cat=p&typeid=i","cat":297000},{"id":246201,"n":"Pâtes penné rigaté Eco+ 1kg","p":1.1,"u":"1,10 €/KG","img":"https://fd1-photos.leclercdrive.fr/image.ashx?id=2856736&use=l&cat=p&typeid=i","cat":284427},{"id":246211,"n":"Yaourt noix de coco Ker Ronan Au lait entier - 4x125g","p":1.82,"u":"3,64 €/KG","img":"https://fd1-photos.leclercdrive.fr/image.ashx?id=2844259&use=l&cat=p&typeid=i","cat":286006},{"id":246216,"n":"Coupelles Douceurs du Verger Pomme Fraise - 4x100g","p":1.23,"u":"3,08 €/KG","img":"https://fd1-photos.leclercdrive.fr/image.ashx?id=2878741&use=l&cat=p&typeid=i","cat":284508},{"id":246260,"n":"Masque Elseve Total Repair 5 - 310ml","p":5.07,"u":"16,35 €/L","img":"https://fd1-photos.leclercdrive.fr/image.ashx?id=2844178&use=l&cat=p&typeid=i","cat":284608},{"id":246328,"n":"Croquettes Purina One Chat stérilisé - 1,5 kg","p":7.19,"u":"4,79 €/KG","img":"https://fd1-photos.leclercdrive.fr/image.ashx?id=2844490&use=l&cat=p&typeid=i","cat":284680},{"id":246330,"n":"Saumon Selection Purina One Junior 1 à 12 mois - 1.5 kg","p":7.19,"u":"4,79 €/KG","img":"https://fd1-photos.leclercdrive.fr/image.ashx?id=2844487&use=l&cat=p&typeid=i","cat":284680},{"id":246427,"n":"Soupe deshydratée Knorr Pistou","p":1.28,"u":"16,00 €/KG","img":"https://fd1-photos.leclercdrive.fr/image.ashx?id=2845071&use=l&cat=p&typeid=i","cat":284463},{"id":246466,"n":"Soupe Knorr Pot au feu -14x55g","p":1.39,"u":"1,81 €/KG","img":"https://fd1-photos.leclercdrive.fr/image.ashx?id=2845656&use=l&cat=p&typeid=i","cat":293527},{"id":246468,"n":"Kub or Maggi  Herbes de provence x32 - 128g","p":1.46,"u":"11,41 €/KG","img":"https://fd1-photos.leclercdrive.fr/image.ashx?id=2992320&use=l&cat=p&typeid=i","cat":298297},{"id":246543,"n":"Gommage corps Bionaïa Solide Bio - 100g","p":3.39,"u":"33,90 €/KG","img":"https://fd1-photos.leclercdrive.fr/image.ashx?id=2845158&use=l&cat=p&typeid=i","cat":325375},{"id":246545,"n":"Perles de cire corps Siliss Chaude - Monoï - 230g","p":4.69,"u":"20,39 €/KG","img":"https://fd1-photos.leclercdrive.fr/image.ashx?id=2845170&use=l&cat=p&typeid=i","cat":325351},{"id":246546,"n":"Cube allume feu Silex Sans odeur - x40","p":2.35,"u":"0,06 €/P","img":"https://fd1-photos.leclercdrive.fr/image.ashx?id=2849593&use=l&cat=p&typeid=i","cat":300578},{"id":246547,"n":"Crème nettoyante Neutrogena Points noirs 2% - 150ml","p":5.1,"u":"34,00 €/L","img":"https://fd1-photos.leclercdrive.fr/image.ashx?id=2846045&use=l&cat=p&typeid=i","cat":284603},{"id":246550,"n":"Mousse aérienne nettoyante Nuxe Very Rose - 150ml","p":12.5,"u":"83,33 €/L","img":"https://fd1-photos.leclercdrive.fr/image.ashx?id=2847171&use=l&cat=p&typeid=i","cat":301587},{"id":246556,"n":"Complément alimentaire XtraSlim ChronoFort - Morosil","p":20.97,"img":"https://fd1-photos.leclercdrive.fr/image.ashx?id=2846060&use=l&cat=p&typeid=i","cat":301267},{"id":246558,"n":"Gel de massage Chondrosteo+ 100ml","p":9.95,"u":"99,50 €/L","img":"https://fd1-photos.leclercdrive.fr/image.ashx?id=2845446&use=l&cat=p&typeid=i","cat":291163},{"id":246638,"n":"Riz parfumé Taureau Ailé 1kg","p":2.79,"u":"2,79 €/KG","img":"https://fd1-photos.leclercdrive.fr/image.ashx?id=2846739&use=l&cat=p&typeid=i","cat":284428},{"id":246901,"n":"Gésiers de canard confit  Le Gaulois - 180g","p":3.29,"u":"18,28 €/KG","img":"https://fd1-photos.leclercdrive.fr/image.ashx?id=2921271&use=l&cat=p&typeid=i","cat":284715},{"id":246945,"n":"Eau thermale Lait velouté corps 500 ml + 200ml","p":13.9,"u":"9,93 €/L","img":"https://fd1-photos.leclercdrive.fr/image.ashx?id=2849112&use=l&cat=p&typeid=i","cat":290421},{"id":246949,"n":"Crème riche lissante  Jonzac 40ml","p":24.64,"pp":17.25,"u":"431,25 €/L","img":"https://fd1-photos.leclercdrive.fr/image.ashx?id=2849067&use=l&cat=p&typeid=i","cat":291171},{"id":246951,"n":"Crème légère lissante  Jonzac 40ml","p":23.53,"pp":16.47,"u":"411,75 €/L","img":"https://fd1-photos.leclercdrive.fr/image.ashx?id=2849070&use=l&cat=p&typeid=i","cat":291171},{"id":246963,"n":"Soin Hyaluron Activ B3 15 ML Avène","p":28.9,"img":"https://fd1-photos.leclercdrive.fr/image.ashx?id=2857323&use=l&cat=p&typeid=i","cat":291168},{"id":246968,"n":"Test de grossesse  1 pièce","p":1.95,"img":"https://fd1-photos.leclercdrive.fr/image.ashx?id=2848953&use=l&cat=p&typeid=i","cat":291159},{"id":247049,"n":"Farine de blé La Bigoudène Moulin de l'Ecluse - 500g","p":0.95,"u":"1,90 €/KG","img":"https://fd1-photos.leclercdrive.fr/image.ashx?id=2849836&use=l&cat=p&typeid=i","cat":284503},{"id":247058,"n":"Les Mini Galettes Saint Michel Emmental - 100g","p":1.59,"u":"15,90 €/KG","img":"https://fd1-photos.leclercdrive.fr/image.ashx?id=2936278&use=l&cat=p&typeid=i","cat":297000},{"id":247061,"n":"Les minis pesto Saint Michel madeleines moelleuses  100g","p":1.59,"u":"15,90 €/KG","img":"https://fd1-photos.leclercdrive.fr/image.ashx?id=2936302&use=l&cat=p&typeid=i","cat":297000},{"id":247083,"n":"Mélange Rustica Tournesol & olive - 1L","p":3.39,"u":"3,39 €/L","img":"https://fd1-photos.leclercdrive.fr/image.ashx?id=2900358&use=l&cat=p&typeid=i","cat":284453},{"id":247085,"n":"Mini cornichons Rustica Aigre doux - 220g","p":2.19,"u":"9,95 €/KG","img":"https://fd1-photos.leclercdrive.fr/image.ashx?id=2916737&use=l&cat=p&typeid=i","cat":284458},{"id":247099,"n":"Coupelles Douceur du verger pomme banane - 4x100g","p":1.09,"u":"2,73 €/KG","img":"https://fd1-photos.leclercdrive.fr/image.ashx?id=2878744&use=l&cat=p&typeid=i","cat":284508},{"id":247139,"n":"Croutons Tipiak Ail - 150g","p":1.65,"u":"11,00 €/KG","img":"https://fd1-photos.leclercdrive.fr/image.ashx?id=2864089&use=l&cat=p&typeid=i","cat":284464},{"id":247140,"n":"Crouton Tipiak Nature - 150g","p":1.65,"u":"11,00 €/KG","img":"https://fd1-photos.leclercdrive.fr/image.ashx?id=2866376&use=l&cat=p&typeid=i","cat":284464},{"id":247141,"n":"Petit pois carottes D'Aucy Tendres et fondants - 265g","p":1.4,"u":"5,28 €/KG","img":"https://fd1-photos.leclercdrive.fr/image.ashx?id=2849680&use=l&cat=p&typeid=i","cat":312607},{"id":247142,"n":"Patée en sauce Purina One Thon et poulet - 340g","p":2.17,"u":"6,38 €/KG","img":"https://fd1-photos.leclercdrive.fr/image.ashx?id=2850207&use=l&cat=p&typeid=i","cat":285286},{"id":247144,"n":"Friandises Dentalife Saumon - 140g","p":4.05,"u":"28,93 €/KG","img":"https://fd1-photos.leclercdrive.fr/image.ashx?id=2850279&use=l&cat=p&typeid=i","cat":285285},{"id":247145,"n":"Mousselines cuites Purina  Nature's Créations - 680g","p":5.65,"u":"8,31 €/KG","img":"https://fd1-photos.leclercdrive.fr/image.ashx?id=2861815&use=l&cat=p&typeid=i","cat":285286},{"id":247152,"n":"Funtastix Fido Bacon fromage - 450g","p":4.39,"u":"9,76 €/KG","img":"https://fd1-photos.leclercdrive.fr/image.ashx?id=2940597&use=l&cat=p&typeid=i","cat":294527},{"id":247154,"n":"Gelée Friskies Viandes et légumes - 12x85g","p":4.22,"u":"4,14 €/KG","img":"https://fd1-photos.leclercdrive.fr/image.ashx?id=2957302&use=l&cat=p&typeid=i","cat":284673},{"id":247155,"n":"Soupe pour chat Felix Sélection de la campagne  4x48g","p":1.75,"u":"6,08 €/KG","img":"https://fd1-photos.leclercdrive.fr/image.ashx?id=2899701&use=l&cat=p&typeid=i","cat":285286},{"id":247261,"n":"Shampooing Elsève Colorvive - 300ml","p":4.18,"u":"13,93 €/L","img":"https://fd1-photos.leclercdrive.fr/image.ashx?id=2850614&use=l&cat=p&typeid=i","cat":284606},{"id":247262,"n":"Shampooing Elsève Hyaluronique - 250ml","p":4.18,"u":"16,72 €/L","img":"https://fd1-photos.leclercdrive.fr/image.ashx?id=2869095&use=l&cat=p&typeid=i","cat":284606},{"id":247263,"n":"Shampooing Elsève Total repair 5 - 300ml","p":4.18,"u":"13,93 €/L","img":"https://fd1-photos.leclercdrive.fr/image.ashx?id=2850617&use=l&cat=p&typeid=i","cat":284606},{"id":247264,"n":"Shampooing Elseve Huile extraordinaire - 250ml","p":4.18,"u":"16,72 €/L","img":"https://fd1-photos.leclercdrive.fr/image.ashx?id=2868690&use=l&cat=p&typeid=i","cat":284606},{"id":247265,"n":"Shampooing Elseve Dream long - 250ml","p":4.18,"u":"16,72 €/L","img":"https://fd1-photos.leclercdrive.fr/image.ashx?id=2850623&use=l&cat=p&typeid=i","cat":284606},{"id":247269,"n":"Shampooing Elseve Nutri gloss - 300ml","p":4.18,"u":"13,93 €/L","img":"https://fd1-photos.leclercdrive.fr/image.ashx?id=2869089&use=l&cat=p&typeid=i","cat":284606},{"id":247270,"n":"Shampooing Elseve Multi-vitaminé - 300ml","p":4.18,"u":"13,93 €/L","img":"https://fd1-photos.leclercdrive.fr/image.ashx?id=2850629&use=l&cat=p&typeid=i","cat":284606},{"id":247271,"n":"Après-shampooing Elseve Color vive - 250ml","p":4.18,"u":"16,72 €/L","img":"https://fd1-photos.leclercdrive.fr/image.ashx?id=2850632&use=l&cat=p&typeid=i","cat":284607},{"id":247273,"n":"Démélant Elseve Hyaluronique Booster hydratation 72h - 200ml","p":4.18,"u":"20,90 €/L","img":"https://fd1-photos.leclercdrive.fr/image.ashx?id=2869092&use=l&cat=p&typeid=i","cat":284607},{"id":247274,"n":"Après-Shampooing Elseve Dream Long - 200ml","p":4.18,"u":"20,90 €/L","img":"https://fd1-photos.leclercdrive.fr/image.ashx?id=2850638&use=l&cat=p&typeid=i","cat":284607},{"id":247275,"n":"Après-shampooing Elseve Nutri gloss - 250ml","p":4.18,"u":"16,72 €/L","img":"https://fd1-photos.leclercdrive.fr/image.ashx?id=2850641&use=l&cat=p&typeid=i","cat":284607},{"id":247763,"n":"Mayonnaise Rustica 425g","p":1.65,"u":"3,88 €/KG","img":"https://fd1-photos.leclercdrive.fr/image.ashx?id=2955086&use=l&cat=p&typeid=i","cat":298295},{"id":247865,"n":"Shampooing Elsève Color vive  500ml","p":5.23,"u":"10,46 €/L","img":"https://fd1-photos.leclercdrive.fr/image.ashx?id=2853964&use=l&cat=p&typeid=i","cat":284606},{"id":247866,"n":"Shampooing Elsève Full resist  250ml","p":3.64,"u":"14,56 €/L","img":"https://fd1-photos.leclercdrive.fr/image.ashx?id=2853967&use=l&cat=p&typeid=i","cat":284606},{"id":247869,"n":"Shampooing Elsève Huile  extraordinaire amla -250ml","p":3.64,"u":"14,56 €/L","img":"https://fd1-photos.leclercdrive.fr/image.ashx?id=2853973&use=l&cat=p&typeid=i","cat":284606},{"id":247871,"n":"Shampooing Elsève  Liss intense -300ml","p":3.49,"u":"11,63 €/L","img":"https://fd1-photos.leclercdrive.fr/image.ashx?id=2853976&use=l&cat=p&typeid=i","cat":284606},{"id":247873,"n":"Shampooing Elsève Fibralogy Volume - 300ml","p":3.5,"u":"11,67 €/L","img":"https://fd1-photos.leclercdrive.fr/image.ashx?id=2870686&use=l&cat=p&typeid=i","cat":284606},{"id":247874,"n":"Savon liquide Le Naturel  Extra pur de Marseille -500ml","p":2.39,"u":"4,78 €/L","img":"https://fd1-photos.leclercdrive.fr/image.ashx?id=2869119&use=l&cat=p&typeid=i","cat":284597},{"id":247877,"n":"Savon liquide Le Naturel Fleur d'oranger - 500ml","p":2.51,"u":"5,02 €/L","img":"https://fd1-photos.leclercdrive.fr/image.ashx?id=2868693&use=l&cat=p&typeid=i","cat":284597},{"id":247878,"n":"Savon liquide Le Natural  Recharge Savon de Marseille -1l","p":4.13,"u":"4,13 €/L","img":"https://fd1-photos.leclercdrive.fr/image.ashx?id=2869122&use=l&cat=p&typeid=i","cat":284597},{"id":248345,"n":"Bandes de cire visage Veet Peaux sensibles - x16","p":4.8,"img":"https://fd1-photos.leclercdrive.fr/image.ashx?id=2901668&use=l&cat=p&typeid=i","cat":325351},{"id":248350,"n":"Complément alimentaire Eafit Minceur 360 - Poudre - 200g","p":22.2,"u":"111,00 €/KG","img":"https://fd1-photos.leclercdrive.fr/image.ashx?id=2862518&use=l&cat=p&typeid=i","cat":301267},{"id":248542,"n":"Mangue 1p","p":1.99,"img":"https://fd1-photos.leclercdrive.fr/image.ashx?id=1636371&use=l&cat=p&typeid=i","cat":284356},{"id":248546,"n":"Feuille de chêne blonde 1p","p":1.29,"img":"https://fd1-photos.leclercdrive.fr/image.ashx?id=1633646&use=l&cat=p&typeid=i","cat":284352},{"id":248586,"n":"Ananas Extra Sweet 1p","p":2.49,"img":"https://fd1-photos.leclercdrive.fr/image.ashx?id=2856700&use=l&cat=p&typeid=i","cat":284356},{"id":248589,"n":"Chou-fleur blanc 1p","p":1.39,"img":"https://fd1-photos.leclercdrive.fr/image.ashx?id=1631991&use=l&cat=p&typeid=i","cat":284352},{"id":248823,"n":"Sauce algérienne Rustica 260g","p":1.67,"u":"6,42 €/KG","img":"https://fd1-photos.leclercdrive.fr/image.ashx?id=2954397&use=l&cat=p&typeid=i","cat":318431},{"id":248827,"n":"Pains au lait Epi d'or x15 - 525g","p":1.78,"u":"3,39 €/KG","img":"https://fd1-photos.leclercdrive.fr/image.ashx?id=2893337&use=l&cat=p&typeid=i","cat":296366},{"id":248918,"n":"Filtre café original Blanc 1x4 80 filtres","p":1.94,"img":"https://fd1-photos.leclercdrive.fr/image.ashx?id=2891691&use=l&cat=p&typeid=i","cat":284751},{"id":249019,"n":"Lessive liquide Xéor Savon de Marseille - 2.2L","p":3.89,"u":"1,77 €/L","img":"https://fd1-photos.leclercdrive.fr/image.ashx?id=2901500&use=l&cat=p&typeid=i","cat":284640},{"id":249021,"n":"Lessive liquide Xéor Savon de Marseille - 1.2L","p":2.12,"u":"1,77 €/L","img":"https://fd1-photos.leclercdrive.fr/image.ashx?id=2901503&use=l&cat=p&typeid=i","cat":284640},{"id":249037,"n":"Spray Huile d'amande douce Biolane 75ml","p":2.19,"u":"29,20 €/L","img":"https://fd1-photos.leclercdrive.fr/image.ashx?id=2893705&use=l&cat=p&typeid=i","cat":284741},{"id":249040,"n":"Crème nourrissante et hydratant Biolane 100ml","p":2.22,"u":"22,20 €/L","img":"https://fd1-photos.leclercdrive.fr/image.ashx?id=2893699&use=l&cat=p&typeid=i","cat":284741},{"id":249041,"n":"Crème de change dermo-pédiatrie Biolane 100ml","p":2.29,"u":"22,90 €/L","img":"https://fd1-photos.leclercdrive.fr/image.ashx?id=2893702&use=l&cat=p&typeid=i","cat":284741},{"id":249173,"n":"Riz basmati Taureau Ailé 1kg","p":3.6,"u":"3,60 €/KG","img":"https://fd1-photos.leclercdrive.fr/image.ashx?id=2860457&use=l&cat=p&typeid=i","cat":284428},{"id":249200,"n":"Sauce béarnaise Rustica 235g","p":1.02,"u":"4,34 €/KG","img":"https://fd1-photos.leclercdrive.fr/image.ashx?id=2955083&use=l&cat=p&typeid=i","cat":318430},{"id":249957,"n":"Risotto aux champignons Knorr 175g","p":2.13,"u":"12,17 €/KG","img":"https://fd1-photos.leclercdrive.fr/image.ashx?id=2938349&use=l&cat=p&typeid=i","cat":284428},{"id":249958,"n":"Risotto classique Knorr 12min - 175g","p":2.15,"u":"12,29 €/KG","img":"https://fd1-photos.leclercdrive.fr/image.ashx?id=3011956&use=l&cat=p&typeid=i","cat":284428},{"id":249959,"n":"Risotto Knorr Truffe blanche d'été - 175g","p":2.56,"u":"14,63 €/KG","img":"https://fd1-photos.leclercdrive.fr/image.ashx?id=2872625&use=l&cat=p&typeid=i","cat":284428},{"id":249961,"n":"Risotto aux asperges Knorr 12min - 175g","p":2.04,"u":"11,66 €/KG","img":"https://fd1-photos.leclercdrive.fr/image.ashx?id=2964255&use=l&cat=p&typeid=i","cat":284428},{"id":249962,"n":"Risotto pointe de safran Knorr 12min - 175g","p":1.69,"u":"9,66 €/KG","img":"https://fd1-photos.leclercdrive.fr/image.ashx?id=2918116&use=l&cat=p&typeid=i","cat":284428},{"id":249994,"n":"Adoucissant Soupline  Hypoallergenique - 880ml","p":5.35,"u":"6,08 €/L","img":"https://fd1-photos.leclercdrive.fr/image.ashx?id=2863923&use=l&cat=p&typeid=i","cat":284650},{"id":249997,"n":"Tapioca Tipiak 300g","p":1.65,"u":"5,50 €/KG","img":"https://fd1-photos.leclercdrive.fr/image.ashx?id=2863623&use=l&cat=p&typeid=i","cat":284429},{"id":250026,"n":"Sauce samourai Rustica 260g","p":1.39,"u":"5,35 €/KG","img":"https://fd1-photos.leclercdrive.fr/image.ashx?id=2955074&use=l&cat=p&typeid=i","cat":318431},{"id":250127,"n":"Recharge lessive Briochin  Peaux sensibles 37 Lav - 1,7L","p":5.28,"u":"3,11 €/L","img":"https://fd1-photos.leclercdrive.fr/image.ashx?id=3000785&use=l&cat=p&typeid=i","cat":284640},{"id":250153,"n":"Sauce burger Rustica 260g","p":1.29,"u":"4,96 €/KG","img":"https://fd1-photos.leclercdrive.fr/image.ashx?id=2954400&use=l&cat=p&typeid=i","cat":318431},{"id":250356,"n":"Sucettes silicone Nuk Pingouin/hérisson 6-18 mois x2","p":6.95,"img":"https://fd1-photos.leclercdrive.fr/image.ashx?id=2863139&use=l&cat=p&typeid=i","cat":284743},{"id":250371,"n":"Bavoir silicone Mots d'enfants Aqua - 0-4 mois - x1","p":3.95,"u":"3,95 €/PRT","img":"https://fd1-photos.leclercdrive.fr/image.ashx?id=2863962&use=l&cat=p&typeid=i","cat":289435},{"id":250372,"n":"Bavoir silicone Mots d'enfants Framboise - 0-4 mois - x1","p":3.95,"img":"https://fd1-photos.leclercdrive.fr/image.ashx?id=2863965&use=l&cat=p&typeid=i","cat":289435},{"id":250431,"n":"Adoucissant Soupline concentré  Hypoallergénique - 1900 ml","p":8.55,"u":"4,50 €/L","img":"https://fd1-photos.leclercdrive.fr/image.ashx?id=2864230&use=l&cat=p&typeid=i","cat":284650},{"id":250432,"n":"Adoucissant Soupline Concentré  Lavande relaxante  1,9 L","p":8.75,"u":"4,61 €/L","img":"https://fd1-photos.leclercdrive.fr/image.ashx?id=2864227&use=l&cat=p&typeid=i","cat":284650},{"id":250433,"n":"Adoucissant  Soupline concentré Coco Envoûtant - 835ml","p":4.97,"u":"5,95 €/L","img":"https://fd1-photos.leclercdrive.fr/image.ashx?id=2864224&use=l&cat=p&typeid=i","cat":284650},{"id":250435,"n":"Adoucissant concentré Soupline Ultra Vanille - 835ml","p":5.17,"u":"6,19 €/L","img":"https://fd1-photos.leclercdrive.fr/image.ashx?id=2864221&use=l&cat=p&typeid=i","cat":284650},{"id":251190,"n":"Whisky Eddu Grey Tourbé 70cl","p":31.3,"u":"44,71 €/L","img":"https://fd1-photos.leclercdrive.fr/image.ashx?id=2872889&use=l&cat=p&typeid=i","cat":284547},{"id":251195,"n":"Cidre artisanal des Menhirs Brut - 70cl","p":3.35,"u":"4,79 €/L","img":"https://fd1-photos.leclercdrive.fr/image.ashx?id=2872883&use=l&cat=p&typeid=i","cat":334880},{"id":251198,"n":"Cidre artisanal de Fouesnant 70cl","p":3.41,"u":"4,87 €/L","img":"https://fd1-photos.leclercdrive.fr/image.ashx?id=2872895&use=l&cat=p&typeid=i","cat":334880},{"id":251259,"n":"Bière Britt Summer IPA 33cl","p":1.93,"u":"5,85 €/L","img":"https://fd1-photos.leclercdrive.fr/image.ashx?id=2872937&use=l&cat=p&typeid=i","cat":334872},{"id":251522,"n":"Boisson énergisante Celsius Pêche - 35,5cl","p":1.4,"u":"3,94 €/L","img":"https://fd1-photos.leclercdrive.fr/image.ashx?id=2905021&use=l&cat=p&typeid=i","cat":284533},{"id":251566,"n":"Langue de boeuf Hénaff Sauce madère - 205g","p":3.47,"u":"16,93 €/KG","img":"https://fd1-photos.leclercdrive.fr/image.ashx?id=2868026&use=l&cat=p&typeid=i","cat":284441},{"id":251567,"n":"Langue de boeuf Hénaff Sauce madère - 275g","p":4.38,"u":"15,93 €/KG","img":"https://fd1-photos.leclercdrive.fr/image.ashx?id=2867942&use=l&cat=p&typeid=i","cat":284441},{"id":251568,"n":"Pâté Hénaff  -25% de sel - 154g","p":2.32,"u":"15,06 €/KG","img":"https://fd1-photos.leclercdrive.fr/image.ashx?id=2868044&use=l&cat=p&typeid=i","cat":305149},{"id":251569,"n":"Paté épicé Hénaff 76g","p":1.55,"u":"20,39 €/KG","img":"https://fd1-photos.leclercdrive.fr/image.ashx?id=2868035&use=l&cat=p&typeid=i","cat":305149},{"id":251571,"n":"Pâté Hénaff  -25% de sel - 76g","p":1.48,"u":"19,47 €/KG","img":"https://fd1-photos.leclercdrive.fr/image.ashx?id=2868041&use=l&cat=p&typeid=i","cat":305149},{"id":251572,"n":"Toast Hénaff Huile d'olive - 100g","p":2.75,"u":"27,50 €/KG","img":"https://fd1-photos.leclercdrive.fr/image.ashx?id=2999279&use=l&cat=p&typeid=i","cat":285454},{"id":251573,"n":"Terrine de campagne Hénaff Piment d'Espelette - 180g","p":2.47,"u":"13,72 €/KG","img":"https://fd1-photos.leclercdrive.fr/image.ashx?id=2871958&use=l&cat=p&typeid=i","cat":305149},{"id":251575,"n":"Le pâté verrine Hénaff  180g","p":2.31,"u":"12,83 €/KG","img":"https://fd1-photos.leclercdrive.fr/image.ashx?id=2868032&use=l&cat=p&typeid=i","cat":305149},{"id":251988,"n":"Spray démêlant Corine de Farme Vaïana - 200ml","p":3.67,"u":"18,35 €/L","img":"https://fd1-photos.leclercdrive.fr/image.ashx?id=2868449&use=l&cat=p&typeid=i","cat":284608},{"id":252003,"n":"Shampooing purifiant Nature Moi Cheveux gras - 250ml","p":2.34,"u":"9,36 €/L","img":"https://fd1-photos.leclercdrive.fr/image.ashx?id=2868392&use=l&cat=p&typeid=i","cat":284606},{"id":252005,"n":"Spray nasal Biolane Eaux thermale et mer - 100ml","p":4.19,"u":"41,90 €/L","img":"https://fd1-photos.leclercdrive.fr/image.ashx?id=2903224&use=l&cat=p&typeid=i","cat":289435},{"id":252009,"n":"Lessive liquide Skip Active clean - x40 - 1.68L","p":10.6,"u":"6,31 €/L","img":"https://fd1-photos.leclercdrive.fr/image.ashx?id=2908393&use=l&cat=p&typeid=i","cat":284640},{"id":252103,"n":"Après-shampooing Naturé Moi Extra-doux - 200ml","p":2.69,"u":"13,45 €/L","img":"https://fd1-photos.leclercdrive.fr/image.ashx?id=2868969&use=l&cat=p&typeid=i","cat":284607},{"id":252105,"n":"Crème douche Naturé Moi Hydratante - Amande - 500ml","p":4.0,"u":"8,00 €/L","img":"https://fd1-photos.leclercdrive.fr/image.ashx?id=2868972&use=l&cat=p&typeid=i","cat":284594},{"id":252109,"n":"Duo sérum anti-âge L'Oréal Age perfect - 30ml","p":24.5,"pp":16.17,"u":"539,00 €/L","img":"https://fd1-photos.leclercdrive.fr/image.ashx?id=2874003&use=l&cat=p&typeid=i","cat":325345},{"id":252582,"n":"Après-shampooing Elsève Full resist - 200ml","p":4.57,"u":"22,85 €/L","img":"https://fd1-photos.leclercdrive.fr/image.ashx?id=2872931&use=l&cat=p&typeid=i","cat":284607},{"id":252786,"n":"Skyr protéiné Yoplait 0%MG Pêche Mangue - 4x100g","p":2.18,"u":"5,45 €/KG","img":"https://fd1-photos.leclercdrive.fr/image.ashx?id=2884498&use=l&cat=p&typeid=i","cat":315000},{"id":252787,"n":"Stick lèvres Labello Sun protect - SPF50 - x1","p":3.4,"u":"680,00 €/KG","img":"https://fd1-photos.leclercdrive.fr/image.ashx?id=3000647&use=l&cat=p&typeid=i","cat":285485},{"id":252807,"n":"Laque Elnett Cheveux colorés - 300ml","p":7.57,"u":"25,23 €/L","img":"https://fd1-photos.leclercdrive.fr/image.ashx?id=2872928&use=l&cat=p&typeid=i","cat":284609},{"id":253523,"n":"Brosse à dents Petit Dentamyl 2-6 ans - Rose Vert Bleu x3","p":1.47,"u":"0,49 €/P","img":"https://fd1-photos.leclercdrive.fr/image.ashx?id=2872790&use=l&cat=p&typeid=i","cat":288897},{"id":254049,"n":"Pommes Juliet Bio 1,5kg","p":4.19,"u":"2,79 €/KG","img":"https://fd1-photos.leclercdrive.fr/image.ashx?id=594767&use=l&cat=p&typeid=i","cat":284356},{"id":254116,"n":"Mascara protège cils Bourjois Twist-up N°001 Ultra black","p":10.89,"pp":7.19,"img":"https://fd1-photos.leclercdrive.fr/image.ashx?id=2875117&use=l&cat=p&typeid=i","cat":287029},{"id":254824,"n":"IGP Pays d'Oc rosé Bleu de Mer - 75cl","p":5.38,"u":"7,17 €/L","img":"https://fd1-photos.leclercdrive.fr/image.ashx?id=2876863&use=l&cat=p&typeid=i","cat":289558},{"id":255080,"n":"Knacki végétal Herta x4 - 140g","p":1.93,"u":"13,79 €/KG","img":"https://fd1-photos.leclercdrive.fr/image.ashx?id=2992326&use=l&cat=p&typeid=i","cat":316036},{"id":255370,"n":"Huile solaire Avène Peaux sensibles SPF30 - 300ml","p":22.07,"u":"110,35 €/L","img":"https://fd1-photos.leclercdrive.fr/image.ashx?id=2878975&use=l&cat=p&typeid=i","cat":290396},{"id":255371,"n":"Spray solaire corps Avène Soins solaires SPF30 - 200ml","p":21.9,"u":"109,50 €/L","img":"https://fd1-photos.leclercdrive.fr/image.ashx?id=2886837&use=l&cat=p&typeid=i","cat":290396},{"id":255372,"n":"Crème solaire Avène Intense protect SPF50+ - 150ml","p":22.46,"u":"149,73 €/L","img":"https://fd1-photos.leclercdrive.fr/image.ashx?id=2878978&use=l&cat=p&typeid=i","cat":290396},{"id":255373,"n":"Spray solaire enfant Avène Haute protection SPF50+ - 200ml","p":22.34,"u":"111,70 €/L","img":"https://fd1-photos.leclercdrive.fr/image.ashx?id=2878981&use=l&cat=p&typeid=i","cat":290397},{"id":255374,"n":"Spray solaire Avène SPF50+ - 200ml","p":22.34,"u":"111,70 €/L","img":"https://fd1-photos.leclercdrive.fr/image.ashx?id=2878984&use=l&cat=p&typeid=i","cat":290396},{"id":255375,"n":"Gel douche surgras A-Derma Les indispensables - 750ml","p":10.55,"u":"14,07 €/L","img":"https://fd1-photos.leclercdrive.fr/image.ashx?id=2878987&use=l&cat=p&typeid=i","cat":301591},{"id":255378,"n":"Lait solaire enfant Avène SPF50+ - 250ml","p":22.96,"u":"91,84 €/L","img":"https://fd1-photos.leclercdrive.fr/image.ashx?id=2878990&use=l&cat=p&typeid=i","cat":290397},{"id":255380,"n":"Lait après-soleil La Roche- Posay - Anthelios Post-uv 200ML","p":13.1,"u":"65,50 €/L","img":"https://fd1-photos.leclercdrive.fr/image.ashx?id=2890941&use=l&cat=p&typeid=i","cat":290394},{"id":255700,"n":"Pain nettoyant surgras Avène Xeracalm - 100g","p":6.11,"u":"61,10 €/L","img":"https://fd1-photos.leclercdrive.fr/image.ashx?id=2880345&use=l&cat=p&typeid=i","cat":301591},{"id":255710,"n":"Complément alimentaire Granions Zinc - x60 gélules","p":13.26,"u":"414,38 €/KG","img":"https://fd1-photos.leclercdrive.fr/image.ashx?id=2879763&use=l&cat=p&typeid=i","cat":301266},{"id":255714,"n":"Fluide solaire Eau Thermale Avène - Sport - SPF50+ - 100ml","p":15.5,"u":"155,00 €/L","img":"https://fd1-photos.leclercdrive.fr/image.ashx?id=2879691&use=l&cat=p&typeid=i","cat":290396},{"id":255717,"n":"Crème Kertyol  PSO Ducray Anti-démangeaison - 100ml","p":13.17,"u":"131,70 €/L","img":"https://fd1-photos.leclercdrive.fr/image.ashx?id=2879694&use=l&cat=p&typeid=i","cat":290421},{"id":256417,"n":"Crème solaire Avène Cleanance solaire SPF50+ - 50ml","p":14.4,"u":"288,00 €/L","img":"https://fd1-photos.leclercdrive.fr/image.ashx?id=2881368&use=l&cat=p&typeid=i","cat":290396},{"id":256418,"n":"Baume hydratant Avène Xeracalm - Nutrition - 400ml","p":19.27,"u":"48,18 €/L","img":"https://fd1-photos.leclercdrive.fr/image.ashx?id=2881858&use=l&cat=p&typeid=i","cat":290421},{"id":256420,"n":"Gel cicatrice Eau thermale Avène - Cicalfate+ - 30ml","p":8.4,"u":"280,00 €/L","img":"https://fd1-photos.leclercdrive.fr/image.ashx?id=2881864&use=l&cat=p&typeid=i","cat":290405},{"id":256421,"n":"Shampooing sec Klorane Extra- Doux - Châtain - Avoine 150ml","p":8.29,"u":"0,06 €/M3","img":"https://fd1-photos.leclercdrive.fr/image.ashx?id=2881867&use=l&cat=p&typeid=i","cat":290400},{"id":256422,"n":"Crème apaisante Ducray Kelual DS - 40ml","p":12.71,"u":"317,75 €/L","img":"https://fd1-photos.leclercdrive.fr/image.ashx?id=2881870&use=l&cat=p&typeid=i","cat":290421},{"id":256425,"n":"Ultra fluide Eau thermale Avène - Solaire - SPF50 - 50ml","p":15.9,"u":"318,00 €/L","img":"https://fd1-photos.leclercdrive.fr/image.ashx?id=2881873&use=l&cat=p&typeid=i","cat":290396},{"id":256429,"n":"Lait solaire Eau thermale Avène - SPF50+ - 250ml","p":19.9,"u":"79,60 €/L","img":"https://fd1-photos.leclercdrive.fr/image.ashx?id=2881876&use=l&cat=p&typeid=i","cat":290396},{"id":256432,"n":"Après-shampooing Klorane Quinine Eldeweiss Bio - 200ml","p":12.29,"u":"61,45 €/L","img":"https://fd1-photos.leclercdrive.fr/image.ashx?id=2985138&use=l&cat=p&typeid=i","cat":290400},{"id":256433,"n":"Crème réparatrice A-Derma Epitheliale Anti-marques 40ml","p":13.14,"u":"328,50 €/L","img":"https://fd1-photos.leclercdrive.fr/image.ashx?id=2881882&use=l&cat=p&typeid=i","cat":291171},{"id":256435,"n":"Crème réparatrice A-Derma Epitheliale Anti-marques 100ml","p":18.57,"u":"185,70 €/L","img":"https://fd1-photos.leclercdrive.fr/image.ashx?id=2881885&use=l&cat=p&typeid=i","cat":291171},{"id":256441,"n":"Baume hydratant Cerave Visage et corps - 454ml","p":17.91,"u":"39,45 €/L","img":"https://fd1-photos.leclercdrive.fr/image.ashx?id=2881404&use=l&cat=p&typeid=i","cat":290421},{"id":256443,"n":"Crème jour visage CeraVe 52ml","p":12.82,"u":"246,54 €/L","img":"https://fd1-photos.leclercdrive.fr/image.ashx?id=2881407&use=l&cat=p&typeid=i","cat":291171},{"id":256445,"n":"Brossettes interdentaires Gum 0.9mm 1412 - x6","p":4.99,"img":"https://fd1-photos.leclercdrive.fr/image.ashx?id=2882095&use=l&cat=p&typeid=i","cat":301595},{"id":256447,"n":"Gel douche Atoderm Bioderma 1L","p":9.64,"u":"9,64 €/L","img":"https://fd1-photos.leclercdrive.fr/image.ashx?id=2979950&use=l&cat=p&typeid=i","cat":301591},{"id":256448,"n":"Eau micellaire Bioderma Sebium H20 - 500ml","p":9.9,"u":"19,80 €/L","img":"https://fd1-photos.leclercdrive.fr/image.ashx?id=2881972&use=l&cat=p&typeid=i","cat":301587},{"id":256536,"n":"Nectar Bio Pressade Pomme - 6x20cl","p":2.4,"u":"2,00 €/L","img":"https://fd1-photos.leclercdrive.fr/image.ashx?id=2882752&use=l&cat=p&typeid=i","cat":284522},{"id":256804,"n":"AOP Gaillac Le Perle Blanc  Vinovalie Blanc Perle - 75cl","p":5.8,"u":"7,73 €/L","img":"https://fd1-photos.leclercdrive.fr/image.ashx?id=2916033&use=l&cat=p&typeid=i","cat":289557},{"id":257054,"n":"Émincés de poulet provençale L'Atelier Volaille - 300g","p":3.59,"u":"11,97 €/KG","img":"https://fd1-photos.leclercdrive.fr/image.ashx?id=2927884&use=l&cat=p&typeid=i","cat":284336},{"id":257074,"n":"Gnocchi à poêler Lustucru Extra jambon fromage 300g","p":1.79,"u":"5,97 €/KG","img":"https://fd1-photos.leclercdrive.fr/image.ashx?id=2884387&use=l&cat=p&typeid=i","cat":333682},{"id":257076,"n":"Gnocchi à poêler Lustucru Extra fromage 300g","p":1.75,"u":"5,83 €/KG","img":"https://fd1-photos.leclercdrive.fr/image.ashx?id=2886013&use=l&cat=p&typeid=i","cat":333682},{"id":257077,"n":"Fromage enfant Mini Babybel  16 portions goûter - 352g","p":5.82,"u":"16,53 €/KG","img":"https://fd1-photos.leclercdrive.fr/image.ashx?id=2935840&use=l&cat=p&typeid=i","cat":314030},{"id":257208,"n":"Lessive liquide Xeor Fraîcheur - x44 lavages - 2.2L","p":3.89,"u":"1,77 €/L","img":"https://fd1-photos.leclercdrive.fr/image.ashx?id=2981897&use=l&cat=p&typeid=i","cat":284640},{"id":257212,"n":"Lessive liquide Xéor Fraîcheur - x24 lavages - 1.2L","p":2.12,"u":"1,77 €/L","img":"https://fd1-photos.leclercdrive.fr/image.ashx?id=2901506&use=l&cat=p&typeid=i","cat":284640},{"id":257215,"n":"Capsules lave-vaisselle Finish Quantum - x30 - 312g","p":6.56,"u":"21,03 €/KG","img":"https://fd1-photos.leclercdrive.fr/image.ashx?id=2884627&use=l&cat=p&typeid=i","cat":284656},{"id":257218,"n":"Capsules lave-vaisselle Finish Ultimate - x26 - 335g","p":7.34,"u":"21,91 €/KG","img":"https://fd1-photos.leclercdrive.fr/image.ashx?id=2884633&use=l&cat=p&typeid=i","cat":284656},{"id":257220,"n":"Gel lave-vaisselle Finish Power - 900ml","p":6.56,"u":"7,29 €/L","img":"https://fd1-photos.leclercdrive.fr/image.ashx?id=2884639&use=l&cat=p&typeid=i","cat":284656},{"id":257230,"n":"Désinfectant linge Sanytol Stop Odeurs Fleurs blanches 500ml","p":3.35,"u":"6,70 €/L","img":"https://fd1-photos.leclercdrive.fr/image.ashx?id=2961960&use=l&cat=p&typeid=i","cat":290451},{"id":257231,"n":"Désinfectant linge Sanytol Stop Odeurs Fleurs Blanches 1L","p":6.07,"u":"6,07 €/L","img":"https://fd1-photos.leclercdrive.fr/image.ashx?id=2884312&use=l&cat=p&typeid=i","cat":290451},{"id":257233,"n":"Tablettes lave-vaisselle Uni Vert - Tout-en-1 - x45 - 720g","p":6.57,"u":"9,13 €/KG","img":"https://fd1-photos.leclercdrive.fr/image.ashx?id=3015132&use=l&cat=p&typeid=i","cat":284656},{"id":257236,"n":"Tablettes lave-vaisselle Uni Vert - Classiques - x45 - 450g","p":6.27,"u":"13,93 €/KG","img":"https://fd1-photos.leclercdrive.fr/image.ashx?id=3015135&use=l&cat=p&typeid=i","cat":284656},{"id":257243,"n":"Nettoyant ménager Ajax 5 actions Brise fraîche - 1.5L","p":2.63,"u":"1,75 €/L","img":"https://fd1-photos.leclercdrive.fr/image.ashx?id=2919442&use=l&cat=p&typeid=i","cat":284907},{"id":257277,"n":"Bâtonnets surimi moelleux Fleury Michon x12 - 180g","p":1.41,"u":"7,83 €/KG","img":"https://fd1-photos.leclercdrive.fr/image.ashx?id=2936920&use=l&cat=p&typeid=i","cat":285189},{"id":257278,"n":"Bâtonnets surimi moelleux Fleury Michon x18 - 270g","p":2.55,"u":"9,44 €/KG","img":"https://fd1-photos.leclercdrive.fr/image.ashx?id=2936923&use=l&cat=p&typeid=i","cat":285189},{"id":257280,"n":"Bâtonnets surimi moelleux Fleury Michon x30 - 450g","p":3.6,"u":"8,00 €/KG","img":"https://fd1-photos.leclercdrive.fr/image.ashx?id=2936929&use=l&cat=p&typeid=i","cat":285189},{"id":257322,"n":"Nectar Bio Pressade Orange - 1.5L","p":2.69,"u":"1,79 €/L","img":"https://fd1-photos.leclercdrive.fr/image.ashx?id=2885357&use=l&cat=p&typeid=i","cat":284521},{"id":257335,"n":"Gel moussant CeraVe Anti-imperfection - 236ml","p":9.79,"u":"41,48 €/L","img":"https://fd1-photos.leclercdrive.fr/image.ashx?id=2889043&use=l&cat=p&typeid=i","cat":291166},{"id":257342,"n":"Après-shampooing Klorane  Figuier - 200ML","p":12.04,"u":"60,20 €/L","img":"https://fd1-photos.leclercdrive.fr/image.ashx?id=2886840&use=l&cat=p&typeid=i","cat":290398},{"id":257346,"n":"Masque cheveux Klorane Repuplant - Figuier - 250ml","p":19.8,"u":"79,20 €/L","img":"https://fd1-photos.leclercdrive.fr/image.ashx?id=2885360&use=l&cat=p&typeid=i","cat":290399},{"id":257354,"n":"Shampooing Klorane Quinine Traitement Anti-chute - 100ml","p":32.46,"u":"324,60 €/L","img":"https://fd1-photos.leclercdrive.fr/image.ashx?id=2885363&use=l&cat=p&typeid=i","cat":290400},{"id":257355,"n":"Soin concentré CeraVe Anti-imperfections - 40ml","p":11.79,"u":"294,75 €/L","img":"https://fd1-photos.leclercdrive.fr/image.ashx?id=2889040&use=l&cat=p&typeid=i","cat":291166},{"id":257356,"n":"Dentifrice ElgydiumPierre Fabre Anti-plaque - 2x75ml","p":7.88,"u":"52,53 €/L","img":"https://fd1-photos.leclercdrive.fr/image.ashx?id=2884570&use=l&cat=p&typeid=i","cat":290419},{"id":257357,"n":"Dentifrice Elgydium Pierre Fabr Dents sensibles - 2x75ml","p":7.76,"u":"51,73 €/L","img":"https://fd1-photos.leclercdrive.fr/image.ashx?id=2884573&use=l&cat=p&typeid=i","cat":290419},{"id":257364,"n":"Soin teinté La Roche-Posay Effaclar Duo+M Unifiant - 40ml","p":14.99,"u":"374,75 €/L","img":"https://fd1-photos.leclercdrive.fr/image.ashx?id=2926425&use=l&cat=p&typeid=i","cat":291166},{"id":257366,"n":"Huile de douche Atoderm Bioderm Bioderma - 1L","p":13.05,"u":"13,05 €/L","img":"https://fd1-photos.leclercdrive.fr/image.ashx?id=2887059&use=l&cat=p&typeid=i","cat":301591},{"id":257368,"n":"Crème fraîche de beauté Nuxe Crème concentrée 3-en-1 - 100ml","p":23.66,"pp":16.56,"u":"165,60 €/L","img":"https://fd1-photos.leclercdrive.fr/image.ashx?id=2889016&use=l&cat=p&typeid=i","cat":291171},{"id":257369,"n":"Crème jour Nuxe Nuxuriance Ultra - Anti-âge global - 50ml","p":51.0,"img":"https://fd1-photos.leclercdrive.fr/image.ashx?id=2889019&use=l&cat=p&typeid=i","cat":291168},{"id":257370,"n":"Huile prodigieuse Or Nuxe Florale - 50ml","p":18.9,"u":"378,00 €/L","img":"https://fd1-photos.leclercdrive.fr/image.ashx?id=2889022&use=l&cat=p&typeid=i","cat":290422},{"id":257382,"n":"Serum lèvres Nuxe Very Rose Repulpant - 8ml","p":17.8,"img":"https://fd1-photos.leclercdrive.fr/image.ashx?id=2889034&use=l&cat=p&typeid=i","cat":291172},{"id":257383,"n":"Soin d'exception Nuxe Nuxuriance Ultra - 75ml","p":68.9,"u":"918,67 €/L","img":"https://fd1-photos.leclercdrive.fr/image.ashx?id=2889037&use=l&cat=p&typeid=i","cat":291168},{"id":257388,"n":"Eau micellaire Bioderma Hydrabio H20 - 500ml","p":11.09,"u":"22,18 €/L","img":"https://fd1-photos.leclercdrive.fr/image.ashx?id=2979953&use=l&cat=p&typeid=i","cat":301587},{"id":257390,"n":"Brossettes interdentaires Gum 0.6mm 1312 - x6","p":4.99,"img":"https://fd1-photos.leclercdrive.fr/image.ashx?id=2887266&use=l&cat=p&typeid=i","cat":301595},{"id":257505,"n":"Émincés de poulet paprika L'Atelier Volaille - 300g","p":3.59,"u":"11,97 €/KG","img":"https://fd1-photos.leclercdrive.fr/image.ashx?id=2927890&use=l&cat=p&typeid=i","cat":284336},{"id":257506,"n":"Émincés de poulet mexicain L'Atelier Volaille - 300g","p":3.59,"u":"11,97 €/KG","img":"https://fd1-photos.leclercdrive.fr/image.ashx?id=2927881&use=l&cat=p&typeid=i","cat":284336},{"id":257593,"n":"Saumon fumé Ecosse  4 tranches 130g","p":6.99,"u":"53,77 €/KG","img":"https://fd1-photos.leclercdrive.fr/image.ashx?id=2885947&use=l&cat=p&typeid=i","cat":285188},{"id":257595,"n":"Saumon fumé Norvège 4 tranches 130g","p":6.49,"u":"49,92 €/KG","img":"https://fd1-photos.leclercdrive.fr/image.ashx?id=2885950&use=l&cat=p&typeid=i","cat":285188},{"id":257606,"n":"Cappelletti Rana jambon cru 250g","p":2.49,"u":"9,96 €/KG","img":"https://fd1-photos.leclercdrive.fr/image.ashx?id=2886358&use=l&cat=p&typeid=i","cat":333682},{"id":257608,"n":"Raviolis Rana ricotta épinards 250g","p":2.49,"u":"9,96 €/KG","img":"https://fd1-photos.leclercdrive.fr/image.ashx?id=2886361&use=l&cat=p&typeid=i","cat":333682},{"id":257609,"n":"Raviolis Rana 4 fromages 250g","p":2.49,"u":"9,96 €/KG","img":"https://fd1-photos.leclercdrive.fr/image.ashx?id=2886364&use=l&cat=p&typeid=i","cat":333682},{"id":257612,"n":"Tortellini Rana bacon, speck & mozzarella 250g","p":2.45,"u":"9,80 €/KG","img":"https://fd1-photos.leclercdrive.fr/image.ashx?id=2886370&use=l&cat=p&typeid=i","cat":333682},{"id":258055,"n":"Filets de poulet Kerchant x4 560g","p":7.72,"u":"13,79 €/KG","img":"https://fd1-photos.leclercdrive.fr/image.ashx?id=2962410&use=l&cat=p&typeid=i","cat":284336},{"id":258078,"n":"Fuzetea fruit de la passion Tropical - Sans sucres - 1.25L","p":1.74,"u":"1,39 €/L","img":"https://fd1-photos.leclercdrive.fr/image.ashx?id=2940411&use=l&cat=p&typeid=i","cat":295019},{"id":258093,"n":"Flocons d'avoine Grainea 1kg","p":1.65,"u":"1,65 €/KG","img":"https://fd1-photos.leclercdrive.fr/image.ashx?id=2887353&use=l&cat=p&typeid=i","cat":309512},{"id":258095,"n":"Infusion à froid Lipton Pêche framboise - 15 sachets","p":2.63,"u":"75,14 €/KG","img":"https://fd1-photos.leclercdrive.fr/image.ashx?id=2912587&use=l&cat=p&typeid=i","cat":293234},{"id":258141,"n":"Pâtes Panzani  grandes coquillettes - 500g","p":1.58,"u":"3,16 €/KG","img":"https://fd1-photos.leclercdrive.fr/image.ashx?id=2887536&use=l&cat=p&typeid=i","cat":284427},{"id":258143,"n":"Pâtes Panzani  fusilli - 500g","p":1.58,"u":"3,16 €/KG","img":"https://fd1-photos.leclercdrive.fr/image.ashx?id=2887530&use=l&cat=p&typeid=i","cat":284427},{"id":258146,"n":"Pâtes Panzani penne rigate - 500g","p":1.62,"u":"3,24 €/KG","img":"https://fd1-photos.leclercdrive.fr/image.ashx?id=2887539&use=l&cat=p&typeid=i","cat":284427},{"id":258149,"n":"Pâtes Panzani  linguine - 500g","p":1.39,"u":"2,78 €/KG","img":"https://fd1-photos.leclercdrive.fr/image.ashx?id=2887542&use=l&cat=p&typeid=i","cat":284427},{"id":258160,"n":"Patate douce rôtie  L'Atelier Blini 140g","p":2.83,"u":"20,21 €/KG","img":"https://fd1-photos.leclercdrive.fr/image.ashx?id=2889469&use=l&cat=p&typeid=i","cat":315999},{"id":258299,"n":"Lasagnes William Saurin Bolognaise pure boeuf - 300g","p":2.29,"u":"7,63 €/KG","img":"https://fd1-photos.leclercdrive.fr/image.ashx?id=2916012&use=l&cat=p&typeid=i","cat":284953},{"id":258301,"n":"Spaghetti William Saurin Bolognaise pure boeuf - 300g","p":2.52,"u":"8,40 €/KG","img":"https://fd1-photos.leclercdrive.fr/image.ashx?id=2939517&use=l&cat=p&typeid=i","cat":284953},{"id":258304,"n":"Poulet William Saurin à la crème - 280g","p":2.29,"u":"8,18 €/KG","img":"https://fd1-photos.leclercdrive.fr/image.ashx?id=2939520&use=l&cat=p&typeid=i","cat":284953},{"id":258305,"n":"Risotto William Saurin poulet et champignons - 280g","p":2.55,"u":"9,11 €/KG","img":"https://fd1-photos.leclercdrive.fr/image.ashx?id=2912113&use=l&cat=p&typeid=i","cat":284953},{"id":258310,"n":"Blanquette William Saurin Veau et riz - 285g","p":2.59,"u":"9,09 €/KG","img":"https://fd1-photos.leclercdrive.fr/image.ashx?id=2906286&use=l&cat=p&typeid=i","cat":284953},{"id":258312,"n":"Bourguignon William Saurin Boeuf - 300g","p":2.59,"u":"8,63 €/KG","img":"https://fd1-photos.leclercdrive.fr/image.ashx?id=2906289&use=l&cat=p&typeid=i","cat":284953},{"id":258314,"n":"Hachis William Saurin Parmentier pur boeuf - 300g","p":2.59,"u":"8,63 €/KG","img":"https://fd1-photos.leclercdrive.fr/image.ashx?id=2906292&use=l&cat=p&typeid=i","cat":284953},{"id":258343,"n":"Crêpes Nutella  x6 - 240g","p":4.83,"u":"20,13 €/KG","img":"https://fd1-photos.leclercdrive.fr/image.ashx?id=2899761&use=l&cat=p&typeid=i","cat":284267},{"id":258345,"n":"Muffins Nutella  x4 - 264g","p":4.81,"u":"18,22 €/KG","img":"https://fd1-photos.leclercdrive.fr/image.ashx?id=2899758&use=l&cat=p&typeid=i","cat":284267},{"id":258356,"n":"Raviolis Rana Burrata chorizo 250g","p":2.78,"u":"11,12 €/KG","img":"https://fd1-photos.leclercdrive.fr/image.ashx?id=2889943&use=l&cat=p&typeid=i","cat":333682},{"id":258606,"n":"Soda Fanta Orange  Bouteille - 1.25L","p":1.65,"u":"1,32 €/L","img":"https://fd1-photos.leclercdrive.fr/image.ashx?id=2924752&use=l&cat=p&typeid=i","cat":284532},{"id":258795,"n":"Beurrier tendre Président Demi-sel - 60% MG - 200g","p":1.98,"u":"9,90 €/KG","img":"https://fd1-photos.leclercdrive.fr/image.ashx?id=2889328&use=l&cat=p&typeid=i","cat":284379},{"id":259189,"n":"Poudre lave-vaisselle Visior 1.71kg","p":7.64,"u":"4,47 €/KG","img":"https://fd1-photos.leclercdrive.fr/image.ashx?id=2889208&use=l&cat=p&typeid=i","cat":284656},{"id":259284,"n":"Piles Alcaline Varta Longlife Power AAA x6","p":5.62,"u":"5,62 €/PRT","img":"https://fd1-photos.leclercdrive.fr/image.ashx?id=2892949&use=l&cat=p&typeid=i","cat":300572},{"id":259286,"n":"Piles Alcaline Varta Longlife Power AA x6","p":5.85,"img":"https://fd1-photos.leclercdrive.fr/image.ashx?id=2892952&use=l&cat=p&typeid=i","cat":300572},{"id":259289,"n":"Piles Alcaline Longlife Power C / LR14 x2","p":3.99,"img":"https://fd1-photos.leclercdrive.fr/image.ashx?id=2892955&use=l&cat=p&typeid=i","cat":300572},{"id":259290,"n":"Piles Alcalines Longlife Power D / LR20 x2","p":4.21,"img":"https://fd1-photos.leclercdrive.fr/image.ashx?id=2892958&use=l&cat=p&typeid=i","cat":300572},{"id":259292,"n":"Complément alimentaire Granions Collagène+ Beauté - 265g","p":22.46,"u":"84,75 €/KG","img":"https://fd1-photos.leclercdrive.fr/image.ashx?id=2892904&use=l&cat=p&typeid=i","cat":301266},{"id":259631,"n":"Bières 8.6 original 8.6% VOL Pack 6x25cl","p":5.99,"pp":3.95,"u":"2,63 €/L","img":"https://fd1-photos.leclercdrive.fr/image.ashx?id=2893135&use=l&cat=p&typeid=i","cat":334873},{"id":259632,"n":"Nectar Bio Pressade Pomme - 1.5L","p":2.09,"u":"1,39 €/L","img":"https://fd1-photos.leclercdrive.fr/image.ashx?id=2892586&use=l&cat=p&typeid=i","cat":284522},{"id":259775,"n":"Sauce apéro Hénaff A l'indienne - 180g","p":2.32,"u":"12,89 €/KG","img":"https://fd1-photos.leclercdrive.fr/image.ashx?id=2892832&use=l&cat=p&typeid=i","cat":284451},{"id":259776,"n":"Sauce apéro Hénaff Fines herbes ail - 180g","p":2.32,"u":"12,89 €/KG","img":"https://fd1-photos.leclercdrive.fr/image.ashx?id=2892835&use=l&cat=p&typeid=i","cat":284451},{"id":259777,"n":"Sauce apéro Hénaff Salsa - 180g","p":2.94,"u":"16,33 €/KG","img":"https://fd1-photos.leclercdrive.fr/image.ashx?id=2892838&use=l&cat=p&typeid=i","cat":284451},{"id":259778,"n":"Feve'camole Hénaff Salsa - 180g","p":2.74,"u":"15,22 €/KG","img":"https://fd1-photos.leclercdrive.fr/image.ashx?id=2999288&use=l&cat=p&typeid=i","cat":284451},{"id":259779,"n":"Crack's Hénaff Piment d'Espelette - 60g","p":1.53,"u":"25,50 €/KG","img":"https://fd1-photos.leclercdrive.fr/image.ashx?id=2892826&use=l&cat=p&typeid=i","cat":297000},{"id":259780,"n":"Crack's Hénaff 3 graines - 60g","p":1.53,"u":"25,50 €/KG","img":"https://fd1-photos.leclercdrive.fr/image.ashx?id=2892829&use=l&cat=p&typeid=i","cat":297000},{"id":259837,"n":"Tomme du Nevet 200g","p":3.85,"u":"19,25 €/KG","img":"https://fd1-photos.leclercdrive.fr/image.ashx?id=2559676&use=l&cat=p&typeid=i","cat":314034},{"id":260044,"n":"Liqueur Get Menthe & fruits rouges 17.9° - 70cl","p":12.99,"u":"18,56 €/L","img":"https://fd1-photos.leclercdrive.fr/image.ashx?id=3009104&use=l&cat=p&typeid=i","cat":286032},{"id":260045,"n":"Boisson énergisante Celsius Pêche framboise - 35,5cl","p":1.4,"u":"3,94 €/L","img":"https://fd1-photos.leclercdrive.fr/image.ashx?id=2922155&use=l&cat=p&typeid=i","cat":284533},{"id":260047,"n":"Boisson énergisante Celsius Multifruits - 35,5cl","p":1.4,"u":"3,94 €/L","img":"https://fd1-photos.leclercdrive.fr/image.ashx?id=2919006&use=l&cat=p&typeid=i","cat":284533},{"id":260054,"n":"Boisson énergisante Celsius Fraise passion - 35,5cl","p":1.4,"u":"3,94 €/L","img":"https://fd1-photos.leclercdrive.fr/image.ashx?id=2922158&use=l&cat=p&typeid=i","cat":284533},{"id":260328,"n":"Riz Taureau Ailé Basmati du Punjab - 500g","p":2.27,"u":"4,54 €/KG","img":"https://fd1-photos.leclercdrive.fr/image.ashx?id=2893756&use=l&cat=p&typeid=i","cat":284428},{"id":261222,"n":"Saucisson Saint Agaûne 200g","p":4.3,"u":"21,50 €/KG","img":"https://fd1-photos.leclercdrive.fr/image.ashx?id=2977432&use=l&cat=p&typeid=i","cat":316006},{"id":261223,"n":"Saucisson sec Saint Agaûne La fine - 200g","p":4.48,"u":"22,40 €/KG","img":"https://fd1-photos.leclercdrive.fr/image.ashx?id=2960939&use=l&cat=p&typeid=i","cat":316006},{"id":261225,"n":"Rhum Diplomatico Reserva exclusiva - 70cl","p":38.5,"u":"55,00 €/L","img":"https://fd1-photos.leclercdrive.fr/image.ashx?id=2896408&use=l&cat=p&typeid=i","cat":284550},{"id":261292,"n":"Chewing-gum Hollywood  Menthe Verte sans sucres - 70g","p":2.2,"u":"31,43 €/KG","img":"https://fd1-photos.leclercdrive.fr/image.ashx?id=2987053&use=l&cat=p&typeid=i","cat":304251},{"id":261298,"n":"Chewing-gum Hollywood Menthe  Fraîche sans sucres - 70g","p":2.41,"u":"34,43 €/KG","img":"https://fd1-photos.leclercdrive.fr/image.ashx?id=2987050&use=l&cat=p&typeid=i","cat":304251},{"id":261305,"n":"Chewing-gum Hollywood 2Fresh  Menthe Forte sans sucres 66g","p":1.56,"u":"23,64 €/KG","img":"https://fd1-photos.leclercdrive.fr/image.ashx?id=3011962&use=l&cat=p&typeid=i","cat":304251},{"id":261307,"n":"Chewing-gum Hollywood 2Fresh  Menthe Verte sans sucres -  66g","p":1.56,"u":"23,64 €/KG","img":"https://fd1-photos.leclercdrive.fr/image.ashx?id=3011959&use=l&cat=p&typeid=i","cat":304251},{"id":261517,"n":"Chewing-gum Hollywood  Menthe Fraîche sans sucres 87g","p":3.42,"u":"39,31 €/KG","img":"https://fd1-photos.leclercdrive.fr/image.ashx?id=2968595&use=l&cat=p&typeid=i","cat":304251},{"id":261519,"n":"Chewing-gum Hollywood Cherry 5x14g -70g","p":2.94,"u":"42,00 €/KG","img":"https://fd1-photos.leclercdrive.fr/image.ashx?id=2985696&use=l&cat=p&typeid=i","cat":304251},{"id":261523,"n":"Chewing-gum Hollywood Fraise - Citron vert sans sucres 66g","p":1.56,"u":"23,64 €/KG","img":"https://fd1-photos.leclercdrive.fr/image.ashx?id=3011965&use=l&cat=p&typeid=i","cat":304251},{"id":261525,"n":"Sauté de lapin William Saurin 300g","p":2.59,"u":"8,63 €/KG","img":"https://fd1-photos.leclercdrive.fr/image.ashx?id=2905375&use=l&cat=p&typeid=i","cat":284953},{"id":261527,"n":"Chewing-gum Hollywood Menthe  verte Chlorophylle - 155g","p":2.64,"u":"17,03 €/KG","img":"https://fd1-photos.leclercdrive.fr/image.ashx?id=2910940&use=l&cat=p&typeid=i","cat":304251},{"id":261528,"n":"Nectar Bio Pressade Orange Bio - 6x20cl","p":2.88,"u":"2,40 €/L","img":"https://fd1-photos.leclercdrive.fr/image.ashx?id=2902705&use=l&cat=p&typeid=i","cat":284521},{"id":261540,"n":"Rhum Diplomatico Mantuano 70cl 40%","p":29.9,"u":"42,71 €/L","img":"https://fd1-photos.leclercdrive.fr/image.ashx?id=2898753&use=l&cat=p&typeid=i","cat":284550},{"id":262345,"n":"Soda Fanta Orange  Canette - Pack 6x33CL","p":3.45,"u":"1,74 €/L","img":"https://fd1-photos.leclercdrive.fr/image.ashx?id=2997241&use=l&cat=p&typeid=i","cat":284532},{"id":262346,"n":"Soda Fanta Orange  Bouteille - 2L","p":2.27,"u":"1,14 €/L","img":"https://fd1-photos.leclercdrive.fr/image.ashx?id=2995959&use=l&cat=p&typeid=i","cat":284532},{"id":263126,"n":"Whisky Ardbeg Wee Beastie 5 ans 46%vol - 70cl","p":38.9,"pp":33.9,"u":"48,43 €/L","img":"https://fd1-photos.leclercdrive.fr/image.ashx?id=2968478&use=l&cat=p&typeid=i","cat":284547},{"id":263328,"n":"Bonbons Lutti Bubblizz Piquants - 300g","p":1.77,"u":"5,90 €/KG","img":"https://fd1-photos.leclercdrive.fr/image.ashx?id=2900983&use=l&cat=p&typeid=i","cat":304250},{"id":263712,"n":"Truite fumée Landvika 6 tranches 140g","p":4.95,"u":"35,36 €/KG","img":"https://fd1-photos.leclercdrive.fr/image.ashx?id=2904206&use=l&cat=p&typeid=i","cat":285188},{"id":263869,"n":"Riz pour risotto Taureau Ailé 500g","p":1.8,"u":"3,60 €/KG","img":"https://fd1-photos.leclercdrive.fr/image.ashx?id=2904389&use=l&cat=p&typeid=i","cat":284428},{"id":263892,"n":"Bière tripack découverte Mutine 3x33cl","p":6.1,"u":"6,16 €/L","img":"https://fd1-photos.leclercdrive.fr/image.ashx?id=2904308&use=l&cat=p&typeid=i","cat":334872},{"id":264692,"n":"Croque-Monsieur Maxi Herta jambon fromage x2 - 310g","p":2.46,"u":"7,94 €/KG","img":"https://fd1-photos.leclercdrive.fr/image.ashx?id=2907941&use=l&cat=p&typeid=i","cat":333671},{"id":264700,"n":"Cheetos crunchy Sweet Chili - 90g","p":1.07,"u":"11,89 €/KG","img":"https://fd1-photos.leclercdrive.fr/image.ashx?id=2907968&use=l&cat=p&typeid=i","cat":284449},{"id":264707,"n":"Cheetos original  135g","p":1.49,"u":"11,04 €/KG","img":"https://fd1-photos.leclercdrive.fr/image.ashx?id=2907956&use=l&cat=p&typeid=i","cat":284449},{"id":264708,"n":"Cheetos original  Fromage - 80g","p":0.89,"u":"11,13 €/KG","img":"https://fd1-photos.leclercdrive.fr/image.ashx?id=2907959&use=l&cat=p&typeid=i","cat":284449},{"id":264778,"n":"Décor pour gateaux Vahiné Dinosaure - x1","p":1.18,"img":"https://fd1-photos.leclercdrive.fr/image.ashx?id=2907297&use=l&cat=p&typeid=i","cat":284504},{"id":264791,"n":"Biscuit au Pop corn P'tit Déli Fourrés chocolat au lait - 150g","p":1.89,"u":"12,60 €/KG","img":"https://fd1-photos.leclercdrive.fr/image.ashx?id=2907303&use=l&cat=p&typeid=i","cat":284488},{"id":264903,"n":"La Panée soja Garden Gourmet 207g","p":2.48,"u":"11,98 €/KG","img":"https://fd1-photos.leclercdrive.fr/image.ashx?id=2980155&use=l&cat=p&typeid=i","cat":316036},{"id":264904,"n":"Le Classique soja  Garden Gourmet 173g","p":2.45,"u":"14,16 €/KG","img":"https://fd1-photos.leclercdrive.fr/image.ashx?id=2965319&use=l&cat=p&typeid=i","cat":316036},{"id":264959,"n":"Halloumi AOP Les Croisés 200g","p":2.66,"u":"13,30 €/KG","img":"https://fd1-photos.leclercdrive.fr/image.ashx?id=3009532&use=l&cat=p&typeid=i","cat":314026},{"id":265094,"n":"Jambon cuit supérieur L'Atelier Charcuterie 2T - 110g","p":2.49,"u":"22,64 €/KG","img":"https://fd1-photos.leclercdrive.fr/image.ashx?id=2999042&use=l&cat=p&typeid=i","cat":316009},{"id":265098,"n":"Jambon cuit supérieur  L'Atelier Charcuterie 4T - 220g","p":4.39,"u":"19,95 €/KG","img":"https://fd1-photos.leclercdrive.fr/image.ashx?id=2999045&use=l&cat=p&typeid=i","cat":316009},{"id":265105,"n":"Jambon supérieur  L'Atelier Charcuterie 4T 220g","p":3.47,"u":"15,77 €/KG","img":"https://fd1-photos.leclercdrive.fr/image.ashx?id=2999054&use=l&cat=p&typeid=i","cat":316009},{"id":265108,"n":"Jambon supérieur  L'Atelier Charcuterie 6T - 330g","p":5.12,"u":"15,52 €/KG","img":"https://fd1-photos.leclercdrive.fr/image.ashx?id=2928162&use=l&cat=p&typeid=i","cat":316009},{"id":265111,"n":"Jambon supérieur -25% sel  L'Atelier Charcuterie 2T - 110g","p":2.61,"u":"23,73 €/KG","img":"https://fd1-photos.leclercdrive.fr/image.ashx?id=2909368&use=l&cat=p&typeid=i","cat":316009},{"id":265151,"n":"Fromage enfant Mini Babybel  22 portions 484g","p":7.79,"u":"16,10 €/KG","img":"https://fd1-photos.leclercdrive.fr/image.ashx?id=2935843&use=l&cat=p&typeid=i","cat":314030},{"id":265152,"n":"Fromage apéritif Apéricube Soirée match 48 cubes 250g","p":4.17,"u":"16,68 €/KG","img":"https://fd1-photos.leclercdrive.fr/image.ashx?id=2908915&use=l&cat=p&typeid=i","cat":314027},{"id":265155,"n":"Fromage apéritif Apéricube Saveurs du monde 48 cubes 250g","p":4.49,"u":"17,96 €/KG","img":"https://fd1-photos.leclercdrive.fr/image.ashx?id=2908921&use=l&cat=p&typeid=i","cat":314027},{"id":265236,"n":"Soda Schweppes Saveur orange passion - 1,5L","p":1.95,"u":"1,30 €/L","img":"https://fd1-photos.leclercdrive.fr/image.ashx?id=2909521&use=l&cat=p&typeid=i","cat":284532},{"id":265443,"n":"Martini Bianco 14.5° - 1L","p":10.28,"pp":9.25,"u":"9,25 €/L","img":"https://fd1-photos.leclercdrive.fr/image.ashx?id=2941952&use=l&cat=p&typeid=i","cat":284913},{"id":265446,"n":"Martini Fiero 14.5° - 1L","p":10.28,"pp":9.25,"u":"9,25 €/L","img":"https://fd1-photos.leclercdrive.fr/image.ashx?id=2911573&use=l&cat=p&typeid=i","cat":284913},{"id":265449,"n":"Martini rosato 14.5° - 1L","p":10.28,"pp":9.25,"u":"9,25 €/L","img":"https://fd1-photos.leclercdrive.fr/image.ashx?id=2941946&use=l&cat=p&typeid=i","cat":284913},{"id":265450,"n":"Martini rosso 14.5° - 1L","p":10.28,"pp":9.25,"u":"9,25 €/L","img":"https://fd1-photos.leclercdrive.fr/image.ashx?id=2941949&use=l&cat=p&typeid=i","cat":284913},{"id":265506,"n":"Lingettes sèches balai Swiffer Attrape-poussière - x36","p":7.59,"img":"https://fd1-photos.leclercdrive.fr/image.ashx?id=2911585&use=l&cat=p&typeid=i","cat":325364},{"id":265512,"n":"Recharges plumeaux Swiffer x9","p":7.59,"img":"https://fd1-photos.leclercdrive.fr/image.ashx?id=2912704&use=l&cat=p&typeid=i","cat":325364},{"id":265514,"n":"Adoucissant Lenor collection Jasmin et rose de mai 1.155L","p":4.53,"u":"3,92 €/L","img":"https://fd1-photos.leclercdrive.fr/image.ashx?id=2912701&use=l&cat=p&typeid=i","cat":284650},{"id":265518,"n":"Nettoyant liquide Mr Propre Multi-usages - Citron - 1.5L","p":2.97,"u":"1,98 €/L","img":"https://fd1-photos.leclercdrive.fr/image.ashx?id=2912695&use=l&cat=p&typeid=i","cat":284907},{"id":265772,"n":"Concentré à diluer Pulco Citron Gingembre - 70cl","p":2.68,"u":"3,83 €/L","img":"https://fd1-photos.leclercdrive.fr/image.ashx?id=2941532&use=l&cat=p&typeid=i","cat":295020},{"id":265796,"n":"Lingettes désinfectantes Sanytol - Eucalyptus x160","p":3.2,"img":"https://fd1-photos.leclercdrive.fr/image.ashx?id=2966430&use=l&cat=p&typeid=i","cat":325358},{"id":265913,"n":"Lessive en capsule Dash 2 en 1 Fraîcheur de coton - 696g","p":14.87,"u":"21,36 €/KG","img":"https://fd1-photos.leclercdrive.fr/image.ashx?id=2914873&use=l&cat=p&typeid=i","cat":284641},{"id":265941,"n":"Dentifrice Sensodyne Soin gencives 3x75ml","p":9.83,"pp":5.9,"u":"26,22 €/L","img":"https://fd1-photos.leclercdrive.fr/image.ashx?id=3009020&use=l&cat=p&typeid=i","cat":284612},{"id":266078,"n":"Lessive liquide Persil Douceur d'amande - 2.565L x61","p":10.27,"u":"4,00 €/L","img":"https://fd1-photos.leclercdrive.fr/image.ashx?id=2944497&use=l&cat=p&typeid=i","cat":284640},{"id":266093,"n":"Adoucissant Lenor Envolée d'air - x55 - 1.155L","p":4.53,"u":"3,92 €/L","img":"https://fd1-photos.leclercdrive.fr/image.ashx?id=2914171&use=l&cat=p&typeid=i","cat":284650},{"id":266097,"n":"Pâtes Panzani  Serpentini - 1kg","p":1.97,"u":"1,97 €/KG","img":"https://fd1-photos.leclercdrive.fr/image.ashx?id=2914456&use=l&cat=p&typeid=i","cat":284427},{"id":266104,"n":"Lait corps nourissant Nivea Peaux sèches - 400ml","p":4.2,"u":"10,50 €/L","img":"https://fd1-photos.leclercdrive.fr/image.ashx?id=2977639&use=l&cat=p&typeid=i","cat":325349},{"id":266105,"n":"Nettoyant lave-vaisselle Finish Protector - 30g","p":4.08,"u":"136,00 €/KG","img":"https://fd1-photos.leclercdrive.fr/image.ashx?id=2914894&use=l&cat=p&typeid=i","cat":284657},{"id":266107,"n":"Gel WC Harpic Power Plus 750ml","p":2.13,"u":"2,84 €/L","img":"https://fd1-photos.leclercdrive.fr/image.ashx?id=2914027&use=l&cat=p&typeid=i","cat":284662},{"id":266113,"n":"Lessive liquide Ariel Unstoppable - x30 1.350L","p":9.88,"u":"7,32 €/L","img":"https://fd1-photos.leclercdrive.fr/image.ashx?id=2914144&use=l&cat=p&typeid=i","cat":284640},{"id":266114,"n":"Lessive liquide Ariel Alpine - x35 - 1.575L","p":9.88,"u":"6,27 €/L","img":"https://fd1-photos.leclercdrive.fr/image.ashx?id=2914822&use=l&cat=p&typeid=i","cat":284640},{"id":266139,"n":"Gel WC Harpic Power Plus Marine - 750ml","p":2.35,"u":"3,13 €/L","img":"https://fd1-photos.leclercdrive.fr/image.ashx?id=2914021&use=l&cat=p&typeid=i","cat":284662},{"id":266140,"n":"Capsules lave-vaisselle Finish Ultimate Plus - x47 - 573g","p":11.88,"pp":7.13,"u":"12,44 €/KG","img":"https://fd1-photos.leclercdrive.fr/image.ashx?id=2914630&use=l&cat=p&typeid=i","cat":284656},{"id":266145,"n":"Adoucissant Lenor Fresh Air Soleil tropical - 504ml - x36","p":4.53,"u":"8,99 €/L","img":"https://fd1-photos.leclercdrive.fr/image.ashx?id=2914156&use=l&cat=p&typeid=i","cat":284650},{"id":266147,"n":"Parfum de linge Lenor Parfum d'Ariel - x13 - 155g","p":4.53,"u":"29,23 €/KG","img":"https://fd1-photos.leclercdrive.fr/image.ashx?id=2914159&use=l&cat=p&typeid=i","cat":325302},{"id":266149,"n":"Adoucissant Lenor Fresh Air Fraîcheur matinale 504ml - x36","p":4.53,"u":"8,99 €/L","img":"https://fd1-photos.leclercdrive.fr/image.ashx?id=2914150&use=l&cat=p&typeid=i","cat":284650},{"id":266162,"n":"Capsules lave-vaisselle Finish Quantum - 707g - x68","p":11.88,"pp":7.13,"u":"10,08 €/KG","img":"https://fd1-photos.leclercdrive.fr/image.ashx?id=2914627&use=l&cat=p&typeid=i","cat":284656},{"id":266165,"n":"Fromage enfant Mini Babybel Mix 9 portions","p":3.31,"u":"0,55 €/P","img":"https://fd1-photos.leclercdrive.fr/image.ashx?id=2911912&use=l&cat=p&typeid=i","cat":314030},{"id":266168,"n":"Lessive capsules Ariel 3en1 Pods - Alpine - 346g x19","p":9.46,"u":"27,34 €/KG","img":"https://fd1-photos.leclercdrive.fr/image.ashx?id=2914867&use=l&cat=p&typeid=i","cat":284641},{"id":266173,"n":"Mascara L'Oréal Paris Paradise Big deal Noir - x1","p":11.66,"img":"https://fd1-photos.leclercdrive.fr/image.ashx?id=2949517&use=l&cat=p&typeid=i","cat":287029},{"id":266177,"n":"Adoucissant Soupline Lenor Ambre & orchidée - 1.155L x55","p":4.53,"u":"3,92 €/L","img":"https://fd1-photos.leclercdrive.fr/image.ashx?id=2914165&use=l&cat=p&typeid=i","cat":284650},{"id":266178,"n":"Adoucissant Lenor Envolée air - 882ml x42","p":3.7,"u":"4,20 €/L","img":"https://fd1-photos.leclercdrive.fr/image.ashx?id=2914168&use=l&cat=p&typeid=i","cat":284650},{"id":266181,"n":"Adoucissant Lenor Bouquet floral - 1.155L - x55","p":4.53,"u":"3,92 €/L","img":"https://fd1-photos.leclercdrive.fr/image.ashx?id=2914174&use=l&cat=p&typeid=i","cat":284650},{"id":266182,"n":"Adoucissant Lenor Ambre & orchidée - 882ml - x42","p":4.48,"u":"5,08 €/L","img":"https://fd1-photos.leclercdrive.fr/image.ashx?id=2914864&use=l&cat=p&typeid=i","cat":284650},{"id":266183,"n":"Adoucissant Lenor Jasmin & Rose de mai 882ml x42","p":4.49,"u":"5,09 €/L","img":"https://fd1-photos.leclercdrive.fr/image.ashx?id=2914861&use=l&cat=p&typeid=i","cat":284650},{"id":266204,"n":"Adoucissant Soupline Ultra Emotion vanille - 1800ml","p":10.36,"u":"5,76 €/L","img":"https://fd1-photos.leclercdrive.fr/image.ashx?id=2914207&use=l&cat=p&typeid=i","cat":284650},{"id":266206,"n":"Adoucissant Soupline Ultra concentré Fraicheur Azur 800 ml","p":5.89,"u":"7,36 €/L","img":"https://fd1-photos.leclercdrive.fr/image.ashx?id=2991030&use=l&cat=p&typeid=i","cat":284650},{"id":266210,"n":"Adoucissant Soupline Concentré   Sublime Musc 1,26L","p":5.53,"u":"4,39 €/L","img":"https://fd1-photos.leclercdrive.fr/image.ashx?id=2966803&use=l&cat=p&typeid=i","cat":284650},{"id":266213,"n":"Adoucissant Soupline Emotion ambré - 1260ml","p":6.49,"u":"5,15 €/L","img":"https://fd1-photos.leclercdrive.fr/image.ashx?id=2914231&use=l&cat=p&typeid=i","cat":284650},{"id":266232,"n":"Riz risotto Taureau Ailé 1kg","p":3.3,"u":"3,30 €/KG","img":"https://fd1-photos.leclercdrive.fr/image.ashx?id=2914696&use=l&cat=p&typeid=i","cat":284428},{"id":266252,"n":"Sardines Parmentier A l'huile de tournesol - 2x135g","p":2.95,"u":"10,93 €/KG","img":"https://fd1-photos.leclercdrive.fr/image.ashx?id=2913829&use=l&cat=p&typeid=i","cat":305146},{"id":266253,"n":"Sardines Parmentier A l'huile Tournesol vierge extra Bio 120g","p":1.69,"u":"14,08 €/KG","img":"https://fd1-photos.leclercdrive.fr/image.ashx?id=2913832&use=l&cat=p&typeid=i","cat":305146},{"id":266436,"n":"Lessive liquide Ariel Original - 1.575L - x35","p":9.88,"u":"6,27 €/L","img":"https://fd1-photos.leclercdrive.fr/image.ashx?id=2914813&use=l&cat=p&typeid=i","cat":284640},{"id":266440,"n":"Lessive liquide Ariel Active - 1350ml x30","p":9.88,"u":"7,32 €/L","img":"https://fd1-photos.leclercdrive.fr/image.ashx?id=2914828&use=l&cat=p&typeid=i","cat":284640},{"id":266445,"n":"Lessive capsules Ariel Pods+ Active - 554g - x26","p":13.06,"u":"23,57 €/KG","img":"https://fd1-photos.leclercdrive.fr/image.ashx?id=2914843&use=l&cat=p&typeid=i","cat":284641},{"id":266446,"n":"Lessive capsules Ariel Pods+ Active - 405g - x19","p":10.66,"u":"26,32 €/KG","img":"https://fd1-photos.leclercdrive.fr/image.ashx?id=2914849&use=l&cat=p&typeid=i","cat":284641},{"id":266448,"n":"Lessive capsules Ariel Pods Original - 346g - x19","p":8.97,"u":"25,92 €/KG","img":"https://fd1-photos.leclercdrive.fr/image.ashx?id=2914855&use=l&cat=p&typeid=i","cat":284641},{"id":266457,"n":"Serviettes hygiéniques Always Nuit Extra secure - x8","p":2.29,"img":"https://fd1-photos.leclercdrive.fr/image.ashx?id=2914792&use=l&cat=p&typeid=i","cat":284624},{"id":266755,"n":"Gel détartrant Canard WC Ecolabel - 750ml","p":2.47,"pp":1.63,"u":"2,17 €/L","img":"https://fd1-photos.leclercdrive.fr/image.ashx?id=2916390&use=l&cat=p&typeid=i","cat":284662},{"id":266757,"n":"Gel nettoyant Canard Action rapide - 750ml","p":2.47,"pp":1.63,"u":"2,17 €/L","img":"https://fd1-photos.leclercdrive.fr/image.ashx?id=2916393&use=l&cat=p&typeid=i","cat":284662},{"id":267029,"n":"Gourde Charles & Alice Banane kiwi - 4x90g","p":2.49,"u":"6,92 €/KG","img":"https://fd1-photos.leclercdrive.fr/image.ashx?id=3004951&use=l&cat=p&typeid=i","cat":284508},{"id":267199,"n":"Huile lavante La Roche Posay Lipikar AP - 1L","p":20.32,"u":"20,32 €/L","img":"https://fd1-photos.leclercdrive.fr/image.ashx?id=2919313&use=l&cat=p&typeid=i","cat":290422},{"id":267216,"n":"Sérum physiologique Physiodose 30x10ml","p":3.85,"u":"12,83 €/L","img":"https://fd1-photos.leclercdrive.fr/image.ashx?id=2916926&use=l&cat=p&typeid=i","cat":290385},{"id":267224,"n":"Complément alimentaire Granions Décontractant musculaire - 288g","p":21.46,"u":"74,51 €/KG","img":"https://fd1-photos.leclercdrive.fr/image.ashx?id=2916947&use=l&cat=p&typeid=i","cat":301268},{"id":267226,"n":"Soin teinté La Roche-Posay Effaclar Duo+M Unifiant 40ml","p":14.99,"u":"374,75 €/L","img":"https://fd1-photos.leclercdrive.fr/image.ashx?id=2926428&use=l&cat=p&typeid=i","cat":291166},{"id":267227,"n":"Sérum anti-pigment Eucerin Sérum Duo - 30ml","p":32.99,"img":"https://fd1-photos.leclercdrive.fr/image.ashx?id=2916345&use=l&cat=p&typeid=i","cat":291168},{"id":267230,"n":"Soin de jour Eucerin Hyaluron-Filler +3x effect 50ML","p":27.95,"u":"559,00 €/L","img":"https://fd1-photos.leclercdrive.fr/image.ashx?id=2926816&use=l&cat=p&typeid=i","cat":291168},{"id":267231,"n":"Soin de jour Eucerin Hyaluron- Filler +Elasticity SPF15 - 50ml","p":33.06,"pp":24.79,"u":"495,80 €/L","img":"https://fd1-photos.leclercdrive.fr/image.ashx?id=2917025&use=l&cat=p&typeid=i","cat":291168},{"id":267239,"n":"Mousse autobronzante Nuxe Sun - Hydratante - 150ml","p":18.9,"u":"126,00 €/L","img":"https://fd1-photos.leclercdrive.fr/image.ashx?id=2919283&use=l&cat=p&typeid=i","cat":290395},{"id":267240,"n":"Soin sans rinçage Nuxe Hair Prodigieux - 100ml","p":17.6,"u":"176,00 €/L","img":"https://fd1-photos.leclercdrive.fr/image.ashx?id=2919286&use=l&cat=p&typeid=i","cat":290399},{"id":267241,"n":"Huile solaire Or Nuxe Haute protection SPF30 150ml","p":25.9,"u":"172,67 €/L","img":"https://fd1-photos.leclercdrive.fr/image.ashx?id=2919289&use=l&cat=p&typeid=i","cat":290399},{"id":267243,"n":"Soin de nuit Eucerin Hyaluron- Filler +Elasticity - 50ml","p":32.59,"pp":24.44,"u":"488,80 €/L","img":"https://fd1-photos.leclercdrive.fr/image.ashx?id=2917028&use=l&cat=p&typeid=i","cat":291168},{"id":267244,"n":"Soin de jour Eucerin Hyaluron- Filler +Elasticity SPF30 50ml","p":33.72,"pp":25.29,"u":"505,80 €/L","img":"https://fd1-photos.leclercdrive.fr/image.ashx?id=2917031&use=l&cat=p&typeid=i","cat":291168},{"id":267245,"n":"Soin de jour Eucerin Hyaluron- Filler +volume-Lift - 50ml","p":23.5,"pp":17.62,"u":"352,40 €/L","img":"https://fd1-photos.leclercdrive.fr/image.ashx?id=2916348&use=l&cat=p&typeid=i","cat":291168},{"id":267246,"n":"Huile solaire Or Nuxe Sun Gold Haute protection SPF50 150ml","p":25.9,"u":"172,67 €/L","img":"https://fd1-photos.leclercdrive.fr/image.ashx?id=2919292&use=l&cat=p&typeid=i","cat":290396},{"id":267247,"n":"Huile prodigieuse Nuxe 60ml","p":25.9,"u":"431,67 €/L","img":"https://fd1-photos.leclercdrive.fr/image.ashx?id=2919295&use=l&cat=p&typeid=i","cat":290422},{"id":267320,"n":"Sorbet plein fruit Jampi Fraise - 330g","p":6.89,"u":"20,88 €/KG","img":"https://fd1-photos.leclercdrive.fr/image.ashx?id=2924236&use=l&cat=p&typeid=i","cat":284263},{"id":267323,"n":"Crème glacée Jampi Cacao - 315g","p":7.09,"u":"22,51 €/KG","img":"https://fd1-photos.leclercdrive.fr/image.ashx?id=2924233&use=l&cat=p&typeid=i","cat":284263},{"id":267324,"n":"Crème glacée Jampi Vanille bourbon - 315g","p":5.9,"u":"18,73 €/KG","img":"https://fd1-photos.leclercdrive.fr/image.ashx?id=2924242&use=l&cat=p&typeid=i","cat":284263},{"id":267336,"n":"Adoucissant Cajoline Doux & Pur L'original - 1.386L x66","p":4.35,"u":"3,14 €/L","img":"https://fd1-photos.leclercdrive.fr/image.ashx?id=2917118&use=l&cat=p&typeid=i","cat":284650},{"id":267371,"n":"Adoucissant Cajoline Créations Fleur de la passion 1.386L x66","p":4.73,"u":"3,41 €/L","img":"https://fd1-photos.leclercdrive.fr/image.ashx?id=2918107&use=l&cat=p&typeid=i","cat":284650},{"id":267399,"n":"Vin de France La vieille ferme Rouge - 75cl","p":4.37,"u":"5,83 €/L","img":"https://fd1-photos.leclercdrive.fr/image.ashx?id=2989195&use=l&cat=p&typeid=i","cat":289556},{"id":267542,"n":"Skyr Yoplait  Fraise - 4x100g","p":1.95,"u":"4,88 €/KG","img":"https://fd1-photos.leclercdrive.fr/image.ashx?id=2917792&use=l&cat=p&typeid=i","cat":315000},{"id":268010,"n":"Skyr Délisse Vanille 4x100g","p":1.89,"u":"4,73 €/KG","img":"https://fd1-photos.leclercdrive.fr/image.ashx?id=2992606&use=l&cat=p&typeid=i","cat":315000},{"id":268011,"n":"Skyr Délisse Fruits rouges 4x100g","p":1.87,"u":"4,68 €/KG","img":"https://fd1-photos.leclercdrive.fr/image.ashx?id=2992609&use=l&cat=p&typeid=i","cat":315000},{"id":268038,"n":"Couches Pampers Baby-dry Taille 4 - x43","p":14.38,"u":"0,33 €/P","img":"https://fd1-photos.leclercdrive.fr/image.ashx?id=2942003&use=l&cat=p&typeid=i","cat":284737},{"id":268039,"n":"Couches Pampers Baby-Dry Taille 5 - x38","p":15.89,"u":"0,42 €/P","img":"https://fd1-photos.leclercdrive.fr/image.ashx?id=2919976&use=l&cat=p&typeid=i","cat":284737},{"id":268054,"n":"Couches Pampers Baby-Dry Taille 3 - x50","p":14.25,"u":"0,29 €/P","img":"https://fd1-photos.leclercdrive.fr/image.ashx?id=2919988&use=l&cat=p&typeid=i","cat":284737},{"id":268057,"n":"Couches Pampers Premium Protection Taille 2 - x54","p":16.59,"u":"0,31 €/P","img":"https://fd1-photos.leclercdrive.fr/image.ashx?id=2957392&use=l&cat=p&typeid=i","cat":284737},{"id":268077,"n":"Fromage Mini Babybel  Protéines x5 - 110g","p":2.28,"u":"20,73 €/KG","img":"https://fd1-photos.leclercdrive.fr/image.ashx?id=2923567&use=l&cat=p&typeid=i","cat":314030},{"id":268186,"n":"Couches Pmapers Premium Protection - Taille 4 x38","p":16.51,"u":"0,43 €/P","img":"https://fd1-photos.leclercdrive.fr/image.ashx?id=2919994&use=l&cat=p&typeid=i","cat":284737},{"id":268189,"n":"Couches Pampers Premium Protection Taille 3 x46","p":15.8,"u":"0,34 €/P","img":"https://fd1-photos.leclercdrive.fr/image.ashx?id=2991009&use=l&cat=p&typeid=i","cat":284737},{"id":268190,"n":"Couches Pampers Premium Protection Taille 5 x33","p":15.88,"u":"0,48 €/P","img":"https://fd1-photos.leclercdrive.fr/image.ashx?id=2991012&use=l&cat=p&typeid=i","cat":284737},{"id":268191,"n":"Culottes Pampers Baby-Dry Pants Taille 6 - x31","p":15.25,"u":"0,49 €/P","img":"https://fd1-photos.leclercdrive.fr/image.ashx?id=2920009&use=l&cat=p&typeid=i","cat":290633},{"id":268231,"n":"Penne Rigate Barilla  Protein + - 400g","p":1.93,"u":"4,83 €/KG","img":"https://fd1-photos.leclercdrive.fr/image.ashx?id=2919928&use=l&cat=p&typeid=i","cat":284427},{"id":268345,"n":"Biscuits fourrés BN Chocolat caramel - x3 - 855g","p":6.44,"u":"7,53 €/KG","img":"https://fd1-photos.leclercdrive.fr/image.ashx?id=2921474&use=l&cat=p&typeid=i","cat":284488},{"id":268346,"n":"Biscuits BN fourrés chocolat à la pâte à tartiner- x3 - 855g","p":6.44,"u":"7,53 €/KG","img":"https://fd1-photos.leclercdrive.fr/image.ashx?id=2921477&use=l&cat=p&typeid=i","cat":284488},{"id":268347,"n":"Pétales snacks Tokapi Goût crème oignon - 75g","p":0.89,"u":"11,87 €/KG","img":"https://fd1-photos.leclercdrive.fr/image.ashx?id=2920241&use=l&cat=p&typeid=i","cat":284449},{"id":268378,"n":"Steak de boeuf ** L'Atelier Boucherie x1 - 140g","p":2.99,"u":"21,36 €/KG","img":"https://fd1-photos.leclercdrive.fr/image.ashx?id=2930570&use=l&cat=p&typeid=i","cat":284328},{"id":268384,"n":"Côte échine de porc L'Atelier Boucherie x2 - 350g","p":2.97,"u":"8,49 €/KG","img":"https://fd1-photos.leclercdrive.fr/image.ashx?id=2935573&use=l&cat=p&typeid=i","cat":284331},{"id":268386,"n":"Côte de porc sans os L'Atelier Boucherie x2 - 200g","p":2.19,"u":"10,95 €/KG","img":"https://fd1-photos.leclercdrive.fr/image.ashx?id=2930603&use=l&cat=p&typeid=i","cat":284331},{"id":268468,"n":"Thé glacé Lipton Framboise  1.75L","p":2.32,"u":"1,33 €/L","img":"https://fd1-photos.leclercdrive.fr/image.ashx?id=2921103&use=l&cat=p&typeid=i","cat":295019},{"id":268473,"n":"Chips Lay's Paysanne Tapenade 120g","p":1.61,"u":"13,42 €/KG","img":"https://fd1-photos.leclercdrive.fr/image.ashx?id=2921543&use=l&cat=p&typeid=i","cat":284447},{"id":269008,"n":"Sérum peau neuve Aderma - 30ml","p":22.37,"u":"745,67 €/L","img":"https://fd1-photos.leclercdrive.fr/image.ashx?id=2921684&use=l&cat=p&typeid=i","cat":325345},{"id":269137,"n":"Roquefort AOP Société douceur 100g","p":2.44,"u":"24,40 €/KG","img":"https://fd1-photos.leclercdrive.fr/image.ashx?id=2922539&use=l&cat=p&typeid=i","cat":314032},{"id":269166,"n":"Lessive liquide Persil  Bouquet de Provence - 2,565L","p":8.84,"u":"3,45 €/L","img":"https://fd1-photos.leclercdrive.fr/image.ashx?id=2924980&use=l&cat=p&typeid=i","cat":284640},{"id":269197,"n":"Lessive liquide Persil  Douceur d'amande - 1.806","p":7.66,"u":"4,24 €/L","img":"https://fd1-photos.leclercdrive.fr/image.ashx?id=2944491&use=l&cat=p&typeid=i","cat":284640},{"id":269271,"n":"Stylos bille BIC Cristal  Assortiment X5","p":1.68,"u":"0,34 €/P","img":"https://fd1-photos.leclercdrive.fr/image.ashx?id=2923624&use=l&cat=p&typeid=i","cat":284696},{"id":269553,"n":"Rouge à lèvres Maybelline Superstay Vynil Ink N°20","p":12.6,"img":"https://fd1-photos.leclercdrive.fr/image.ashx?id=2925301&use=l&cat=p&typeid=i","cat":287029},{"id":269564,"n":"Rouge à lèvres Maybelline Superstay Vynil Ink N°15","p":12.82,"img":"https://fd1-photos.leclercdrive.fr/image.ashx?id=2925304&use=l&cat=p&typeid=i","cat":287029},{"id":269572,"n":"Mascara Maybelline Sky high Blue mist 7.2ml","p":9.45,"pp":6.24,"u":"891,43 €/L","img":"https://fd1-photos.leclercdrive.fr/image.ashx?id=2925307&use=l&cat=p&typeid=i","cat":287029},{"id":269578,"n":"Poudre bronzante L'Oréal  Terra 01 - x1","p":17.49,"img":"https://fd1-photos.leclercdrive.fr/image.ashx?id=2925430&use=l&cat=p&typeid=i","cat":287029},{"id":269587,"n":"BB crème L'Oréal  Teinte médium clair 03 - x1","p":10.59,"img":"https://fd1-photos.leclercdrive.fr/image.ashx?id=3014554&use=l&cat=p&typeid=i","cat":325345},{"id":269593,"n":"Poudre de teint L'Oréal  Infaillible Fresh wear x1","p":15.99,"pp":10.55,"img":"https://fd1-photos.leclercdrive.fr/image.ashx?id=2925439&use=l&cat=p&typeid=i","cat":287029},{"id":269599,"n":"Illuminateur Lumi Glotion  902 light - 40ml","p":12.89,"u":"322,25 €/L","img":"https://fd1-photos.leclercdrive.fr/image.ashx?id=2925445&use=l&cat=p&typeid=i","cat":287029},{"id":269603,"n":"Encre à lèvres Maybelline Super Stay Mate","p":12.6,"img":"https://fd1-photos.leclercdrive.fr/image.ashx?id=2925454&use=l&cat=p&typeid=i","cat":287029},{"id":269802,"n":"Correcteur effaceur Maybelline Multi-usages Teinte claire 03","p":8.29,"img":"https://fd1-photos.leclercdrive.fr/image.ashx?id=2925463&use=l&cat=p&typeid=i","cat":287029},{"id":269803,"n":"Perfecteur de teint Maybelline  4 en 1 Léger 01","p":11.69,"img":"https://fd1-photos.leclercdrive.fr/image.ashx?id=2925469&use=l&cat=p&typeid=i","cat":287029},{"id":269987,"n":"Avocat Hass 3p","p":3.45,"u":"1,15 €/P","img":"https://fd1-photos.leclercdrive.fr/image.ashx?id=614320&use=l&cat=p&typeid=i","cat":284352},{"id":270174,"n":"Barre de céréales Golden Graham 8x25g","p":2.93,"u":"14,65 €/KG","img":"https://fd1-photos.leclercdrive.fr/image.ashx?id=2927627&use=l&cat=p&typeid=i","cat":300032},{"id":270238,"n":"Filets  maquereaux Petit Navire Moutarde - 338g","p":3.78,"u":"11,18 €/KG","img":"https://fd1-photos.leclercdrive.fr/image.ashx?id=2928369&use=l&cat=p&typeid=i","cat":303868},{"id":270349,"n":"Poudre cacaotée Nesquik  Moins de sucre - 350g","p":4.0,"u":"11,43 €/KG","img":"https://fd1-photos.leclercdrive.fr/image.ashx?id=3005380&use=l&cat=p&typeid=i","cat":293235},{"id":270679,"n":"Pâte a tartiner Nocciolata Bio cacao noisette - 400g","p":4.99,"u":"12,48 €/KG","img":"https://fd1-photos.leclercdrive.fr/image.ashx?id=2930412&use=l&cat=p&typeid=i","cat":284481},{"id":270681,"n":"Pâte à tartiner Nocciolata  Bio - 400g","p":5.5,"u":"13,75 €/KG","img":"https://fd1-photos.leclercdrive.fr/image.ashx?id=2938220&use=l&cat=p&typeid=i","cat":284481},{"id":270776,"n":"Ferments lactiques Vahiné Pour yaourt maison - 16g","p":2.62,"u":"163,75 €/KG","img":"https://fd1-photos.leclercdrive.fr/image.ashx?id=2930063&use=l&cat=p&typeid=i","cat":284505},{"id":270778,"n":"Ferments lactiques vahiné Pour yaourt maison","p":3.19,"u":"159,50 €/KG","img":"https://fd1-photos.leclercdrive.fr/image.ashx?id=2930066&use=l&cat=p&typeid=i","cat":284505},{"id":270897,"n":"Houmous citron menthe Tables du Monde - 175g","p":1.97,"u":"11,26 €/KG","img":"https://fd1-photos.leclercdrive.fr/image.ashx?id=2930730&use=l&cat=p&typeid=i","cat":315999},{"id":271047,"n":"Pinsa Harry's 230g","p":3.29,"u":"14,30 €/KG","img":"https://fd1-photos.leclercdrive.fr/image.ashx?id=2936377&use=l&cat=p&typeid=i","cat":284359},{"id":271285,"n":"Pepites de chocolat Vahiné  Brownies - 310g","p":3.37,"u":"10,87 €/KG","img":"https://fd1-photos.leclercdrive.fr/image.ashx?id=2936320&use=l&cat=p&typeid=i","cat":284505},{"id":271442,"n":"Pates mafaldelle Panzani 500g","p":1.11,"u":"2,22 €/KG","img":"https://fd1-photos.leclercdrive.fr/image.ashx?id=2935747&use=l&cat=p&typeid=i","cat":284427},{"id":271449,"n":"Cookies chunks Vahiné 3 chocolats - 330g","p":3.23,"u":"9,79 €/KG","img":"https://fd1-photos.leclercdrive.fr/image.ashx?id=2936329&use=l&cat=p&typeid=i","cat":284505},{"id":271465,"n":"Préparation Vahiné  gaufres pancakes crepes - 240g","p":2.67,"u":"11,13 €/KG","img":"https://fd1-photos.leclercdrive.fr/image.ashx?id=2936323&use=l&cat=p&typeid=i","cat":284505},{"id":271466,"n":"Préparation Vahiné Cookies muffins cake - 300g","p":2.69,"u":"8,97 €/KG","img":"https://fd1-photos.leclercdrive.fr/image.ashx?id=2936326&use=l&cat=p&typeid=i","cat":284505},{"id":271843,"n":"Whisky Singleton Malt Master's 40% - 70cl","p":26.9,"u":"38,43 €/L","img":"https://fd1-photos.leclercdrive.fr/image.ashx?id=2955191&use=l&cat=p&typeid=i","cat":284547},{"id":271976,"n":"Brosse à dent Elmex Sensitive x1","p":3.14,"img":"https://fd1-photos.leclercdrive.fr/image.ashx?id=2938307&use=l&cat=p&typeid=i","cat":284614},{"id":271989,"n":"Gourde Charles & Alice Pomme mangue passion 4x90g","p":2.49,"u":"0,69 €/L","img":"https://fd1-photos.leclercdrive.fr/image.ashx?id=3004945&use=l&cat=p&typeid=i","cat":284508},{"id":273197,"n":"Bière blonde Leffe canette Rituel 9% vol. - 50cl","p":2.3,"u":"4,60 €/L","img":"https://fd1-photos.leclercdrive.fr/image.ashx?id=2963928&use=l&cat=p&typeid=i","cat":334853},{"id":273449,"n":"Riz basmati Taureau Ailé  2x500g","p":3.15,"u":"3,15 €/KG","img":"https://fd1-photos.leclercdrive.fr/image.ashx?id=2963748&use=l&cat=p&typeid=i","cat":284428},{"id":273549,"n":"Complément alimentaire Milical Draineur Agrume - 2x500ml","p":10.5,"u":"10,50 €/L","img":"https://fd1-photos.leclercdrive.fr/image.ashx?id=2963784&use=l&cat=p&typeid=i","cat":301267},{"id":273858,"n":"Pâtes Perles de Semoule Ferrero 450g","p":1.7,"u":"3,78 €/KG","img":"https://fd1-photos.leclercdrive.fr/image.ashx?id=2943852&use=l&cat=p&typeid=i","cat":284427},{"id":274079,"n":"Martini Bianco 1.5L","p":14.25,"u":"9,50 €/L","img":"https://fd1-photos.leclercdrive.fr/image.ashx?id=2997265&use=l&cat=p&typeid=i","cat":286032},{"id":274080,"n":"Martini Rosso 1.5L","p":13.94,"u":"9,29 €/L","img":"https://fd1-photos.leclercdrive.fr/image.ashx?id=2997268&use=l&cat=p&typeid=i","cat":286032},{"id":274139,"n":"Oignon rouge 4 têtes - 500g","p":2.39,"u":"4,78 €/KG","img":"https://fd1-photos.leclercdrive.fr/image.ashx?id=2940096&use=l&cat=p&typeid=i","cat":284352},{"id":274347,"n":"Sauté de veau William Saurin Legumes - 280g","p":2.59,"u":"9,25 €/KG","img":"https://fd1-photos.leclercdrive.fr/image.ashx?id=2943984&use=l&cat=p&typeid=i","cat":284953},{"id":274571,"n":"Skyr protéiné Danone nature 0% MG - 825g","p":4.59,"u":"5,56 €/KG","img":"https://fd1-photos.leclercdrive.fr/image.ashx?id=2951028&use=l&cat=p&typeid=i","cat":315000},{"id":274593,"n":"Danone Skyr nature  x4 - 400g","p":2.07,"u":"5,18 €/KG","img":"https://fd1-photos.leclercdrive.fr/image.ashx?id=2960654&use=l&cat=p&typeid=i","cat":315000},{"id":274596,"n":"Danone Skyr nature  x8 - 800g","p":3.15,"u":"3,94 €/KG","img":"https://fd1-photos.leclercdrive.fr/image.ashx?id=2960657&use=l&cat=p&typeid=i","cat":315000},{"id":275019,"n":"Pain Pinsa La Boulangère 230g","p":2.4,"u":"10,43 €/KG","img":"https://fd1-photos.leclercdrive.fr/image.ashx?id=2946607&use=l&cat=p&typeid=i","cat":284359},{"id":275207,"n":"Lait-sérum Nivea Corps raffermissant Q10 200ml","p":8.25,"u":"41,25 €/L","img":"https://fd1-photos.leclercdrive.fr/image.ashx?id=2947156&use=l&cat=p&typeid=i","cat":325349},{"id":275224,"n":"Barre de céréales Lion 8x25g","p":2.95,"u":"14,75 €/KG","img":"https://fd1-photos.leclercdrive.fr/image.ashx?id=2947195&use=l&cat=p&typeid=i","cat":285869},{"id":275398,"n":"Saucisse Knacki Herta Sel réduit - x6 - 210g","p":2.84,"u":"13,52 €/KG","img":"https://fd1-photos.leclercdrive.fr/image.ashx?id=2948824&use=l&cat=p&typeid=i","cat":316012},{"id":275401,"n":"Knacki Gourmande Herta  100% pur porc x4 - 280g","p":2.43,"u":"8,68 €/KG","img":"https://fd1-photos.leclercdrive.fr/image.ashx?id=2948827&use=l&cat=p&typeid=i","cat":316012},{"id":275404,"n":"Shampooing Dop Hair Argan - 480ml","p":2.99,"u":"6,23 €/L","img":"https://fd1-photos.leclercdrive.fr/image.ashx?id=2955372&use=l&cat=p&typeid=i","cat":284606},{"id":275405,"n":"Shampooing Dop Hair Amande - 480ml","p":2.53,"u":"5,27 €/L","img":"https://fd1-photos.leclercdrive.fr/image.ashx?id=2955369&use=l&cat=p&typeid=i","cat":284606},{"id":275407,"n":"Shampooing Dop Hair Karité - 480ml","p":2.38,"u":"4,96 €/L","img":"https://fd1-photos.leclercdrive.fr/image.ashx?id=2955378&use=l&cat=p&typeid=i","cat":284606},{"id":275408,"n":"Shampooing P'tit Dop Amande - 480ml","p":4.31,"u":"8,98 €/MT","img":"https://fd1-photos.leclercdrive.fr/image.ashx?id=2955381&use=l&cat=p&typeid=i","cat":284606},{"id":275409,"n":"Shampooing Dop Hair Antipelliculaire - 480ml","p":2.38,"u":"4,96 €/L","img":"https://fd1-photos.leclercdrive.fr/image.ashx?id=2955375&use=l&cat=p&typeid=i","cat":284606},{"id":275410,"n":"Shampooing Dop Vitamines - 480ml","p":2.98,"u":"6,21 €/L","img":"https://fd1-photos.leclercdrive.fr/image.ashx?id=2955384&use=l&cat=p&typeid=i","cat":284606},{"id":275412,"n":"Shampooing Dop Hair Oeufs - 480ml","p":2.53,"u":"5,27 €/L","img":"https://fd1-photos.leclercdrive.fr/image.ashx?id=2954773&use=l&cat=p&typeid=i","cat":284606},{"id":275520,"n":"Shampooing Timotei Purifiant & détox - 300ml","p":2.14,"u":"7,13 €/L","img":"https://fd1-photos.leclercdrive.fr/image.ashx?id=2950705&use=l&cat=p&typeid=i","cat":284606},{"id":275529,"n":"Soin cheveux Dessange Nutri-richesse - 110ml","p":6.83,"u":"62,09 €/L","img":"https://fd1-photos.leclercdrive.fr/image.ashx?id=2955390&use=l&cat=p&typeid=i","cat":284608},{"id":275615,"n":"Gel douche Ushuaïa Minéraux marins - 280ml","p":2.67,"u":"9,54 €/L","img":"https://fd1-photos.leclercdrive.fr/image.ashx?id=3008791&use=l&cat=p&typeid=i","cat":284594},{"id":275616,"n":"Gel douche délassante Ushuaïa Huile essentielle d'Ylang 280ml","p":2.28,"u":"8,14 €/L","img":"https://fd1-photos.leclercdrive.fr/image.ashx?id=2949544&use=l&cat=p&typeid=i","cat":284594},{"id":275617,"n":"Gel douche Ushuaïa Orchidée - 280ml","p":2.69,"u":"9,61 €/L","img":"https://fd1-photos.leclercdrive.fr/image.ashx?id=2949541&use=l&cat=p&typeid=i","cat":284594},{"id":275618,"n":"Gel douche hydratant Ushuaïa Grenade - 280ml","p":2.28,"u":"8,14 €/L","img":"https://fd1-photos.leclercdrive.fr/image.ashx?id=2949550&use=l&cat=p&typeid=i","cat":284594},{"id":275619,"n":"Crème de douche Ushuaïa Lait de coco - 280ml","p":2.69,"u":"9,61 €/L","img":"https://fd1-photos.leclercdrive.fr/image.ashx?id=2949553&use=l&cat=p&typeid=i","cat":284594},{"id":275620,"n":"Gel douche tonifiant Ushuaïa Extrait de cèdre - 280ml","p":2.28,"u":"8,14 €/L","img":"https://fd1-photos.leclercdrive.fr/image.ashx?id=2949556&use=l&cat=p&typeid=i","cat":284594},{"id":275671,"n":"Dentifrice Sanogyl Soin gencives - 75ml","p":2.91,"u":"38,80 €/L","img":"https://fd1-photos.leclercdrive.fr/image.ashx?id=2950195&use=l&cat=p&typeid=i","cat":284612},{"id":275683,"n":"Shampooing Dessange Âge sublime - 280ml","p":3.95,"u":"14,11 €/L","img":"https://fd1-photos.leclercdrive.fr/image.ashx?id=3011578&use=l&cat=p&typeid=i","cat":284606},{"id":275685,"n":"Shampooing Dessange Nutri-riche - 280ml","p":3.79,"u":"13,54 €/L","img":"https://fd1-photos.leclercdrive.fr/image.ashx?id=2955408&use=l&cat=p&typeid=i","cat":284606},{"id":276183,"n":"Calendrier de l'avent   Mon Cheri - 252g","p":14.58,"u":"57,86 €/KG","img":"https://fd1-photos.leclercdrive.fr/image.ashx?id=2952118&use=l&cat=p&typeid=i","cat":336112},{"id":276184,"n":"Ferrero Collection Arbre mixte  129g","p":8.97,"u":"69,53 €/KG","img":"https://fd1-photos.leclercdrive.fr/image.ashx?id=2952052&use=l&cat=p&typeid=i","cat":327595},{"id":276186,"n":"Ferrero Collection Assortiment cube lumières de fête - 185g","p":10.72,"u":"57,95 €/KG","img":"https://fd1-photos.leclercdrive.fr/image.ashx?id=2952121&use=l&cat=p&typeid=i","cat":327595},{"id":276190,"n":"Chocolats Ferrero Prestige  319g","p":13.31,"u":"41,72 €/KG","img":"https://fd1-photos.leclercdrive.fr/image.ashx?id=2961287&use=l&cat=p&typeid=i","cat":284499},{"id":276191,"n":"Chocolats Ferrero Prestige  442g","p":18.51,"u":"41,88 €/KG","img":"https://fd1-photos.leclercdrive.fr/image.ashx?id=2952115&use=l&cat=p&typeid=i","cat":327595},{"id":276201,"n":"Kinder chocolat  150g","p":3.35,"u":"22,33 €/KG","img":"https://fd1-photos.leclercdrive.fr/image.ashx?id=2952079&use=l&cat=p&typeid=i","cat":327592},{"id":276202,"n":"Kinder mini friends  Lait - 122g","p":3.89,"u":"31,89 €/KG","img":"https://fd1-photos.leclercdrive.fr/image.ashx?id=2952049&use=l&cat=p&typeid=i","cat":327592},{"id":276205,"n":"Kinder mini eggs  Noisettes - 182g","p":4.59,"u":"25,22 €/KG","img":"https://fd1-photos.leclercdrive.fr/image.ashx?id=2952085&use=l&cat=p&typeid=i","cat":327592},{"id":276206,"n":"Kinder mini eggs  Lait - 182g","p":5.64,"u":"30,99 €/KG","img":"https://fd1-photos.leclercdrive.fr/image.ashx?id=2953980&use=l&cat=p&typeid=i","cat":327592},{"id":276208,"n":"Kinder Balls  Eclats de Noisettes - 164g","p":7.17,"u":"43,72 €/KG","img":"https://fd1-photos.leclercdrive.fr/image.ashx?id=2952088&use=l&cat=p&typeid=i","cat":327592},{"id":276209,"n":"Kinder Balls  Eclats de Bsicuits cacao - 164g","p":5.95,"u":"36,28 €/KG","img":"https://fd1-photos.leclercdrive.fr/image.ashx?id=2952091&use=l&cat=p&typeid=i","cat":327592},{"id":276210,"n":"Kinder Schokobons  200g","p":3.96,"u":"19,80 €/KG","img":"https://fd1-photos.leclercdrive.fr/image.ashx?id=2952911&use=l&cat=p&typeid=i","cat":327592},{"id":276211,"n":"Kinder Schokobons  350g","p":7.65,"u":"21,86 €/KG","img":"https://fd1-photos.leclercdrive.fr/image.ashx?id=2952103&use=l&cat=p&typeid=i","cat":327592},{"id":276370,"n":"Nougat amande noix pécan et  épices Chabert & Guillot - 300g","p":11.95,"pp":7.89,"u":"26,30 €/KG","img":"https://fd1-photos.leclercdrive.fr/image.ashx?id=2952511&use=l&cat=p&typeid=i","cat":327605},{"id":276376,"n":"Père noël sous alu Rohan Moulage - 45g","p":1.2,"u":"26,67 €/KG","img":"https://fd1-photos.leclercdrive.fr/image.ashx?id=2952628&use=l&cat=p&typeid=i","cat":327592},{"id":276378,"n":"Chocolat Rohan et boules   125g","p":3.3,"u":"26,40 €/KG","img":"https://fd1-photos.leclercdrive.fr/image.ashx?id=2952637&use=l&cat=p&typeid=i","cat":327592},{"id":276432,"n":"Barre Toblerone  chocolat lait - 340g","p":8.43,"u":"24,79 €/KG","img":"https://fd1-photos.leclercdrive.fr/image.ashx?id=2958902&use=l&cat=p&typeid=i","cat":284499},{"id":276433,"n":"Barre Toblerone  chocolat blanc - 340g","p":9.69,"u":"28,50 €/KG","img":"https://fd1-photos.leclercdrive.fr/image.ashx?id=2969887&use=l&cat=p&typeid=i","cat":327595},{"id":276444,"n":"Terrys ball chocolat  Lait - 145g","p":4.04,"u":"27,86 €/KG","img":"https://fd1-photos.leclercdrive.fr/image.ashx?id=2952712&use=l&cat=p&typeid=i","cat":327592},{"id":276445,"n":"Terrys ball chocolat  Orange - 145g","p":4.04,"u":"27,86 €/KG","img":"https://fd1-photos.leclercdrive.fr/image.ashx?id=2952715&use=l&cat=p&typeid=i","cat":327592},{"id":276448,"n":"Lanvin Escargots Ballotin  Lait -164g","p":6.99,"u":"42,62 €/KG","img":"https://fd1-photos.leclercdrive.fr/image.ashx?id=2987014&use=l&cat=p&typeid=i","cat":327595},{"id":276457,"n":"Les Recettes de l'Atelier   collector - 406g","p":14.75,"pp":11.06,"img":"https://fd1-photos.leclercdrive.fr/image.ashx?id=2953025&use=l&cat=p&typeid=i","cat":327595},{"id":276460,"n":"Nestlé la Boite Rouge 398 g","p":12.95,"pp":9.71,"u":"24,40 €/KG","img":"https://fd1-photos.leclercdrive.fr/image.ashx?id=2953001&use=l&cat=p&typeid=i","cat":327595},{"id":276484,"n":"Chocolats Ferrero Rocher  100g","p":3.99,"u":"39,90 €/KG","img":"https://fd1-photos.leclercdrive.fr/image.ashx?id=2952899&use=l&cat=p&typeid=i","cat":327600},{"id":276485,"n":"Chocolats Ferrero Rocher  525g","p":15.85,"u":"30,19 €/KG","img":"https://fd1-photos.leclercdrive.fr/image.ashx?id=2952962&use=l&cat=p&typeid=i","cat":327600},{"id":276550,"n":"Biscuit sésame GERBLE - 5x4 220g","p":1.52,"u":"6,91 €/KG","img":"https://fd1-photos.leclercdrive.fr/image.ashx?id=2953803&use=l&cat=p&typeid=i","cat":318651},{"id":277089,"n":"Gel douche Tahiti Bois de santal - 250ml","p":2.15,"u":"8,60 €/L","img":"https://fd1-photos.leclercdrive.fr/image.ashx?id=2955869&use=l&cat=p&typeid=i","cat":284594},{"id":277594,"n":"Soin patine Dessange Blond californien - 140ml","p":10.79,"u":"77,07 €/L","img":"https://fd1-photos.leclercdrive.fr/image.ashx?id=2957932&use=l&cat=p&typeid=i","cat":284608},{"id":277630,"n":"Shampooing Dop hair Pomme - 480ml","p":2.27,"u":"4,73 €/L","img":"https://fd1-photos.leclercdrive.fr/image.ashx?id=2957908&use=l&cat=p&typeid=i","cat":284606},{"id":277634,"n":"Gelée de douche Ushuaïa Bahia café açaï - 280ml","p":2.45,"u":"8,75 €/L","img":"https://fd1-photos.leclercdrive.fr/image.ashx?id=2957917&use=l&cat=p&typeid=i","cat":284594},{"id":277635,"n":"Crème de douche Dop Vanille - 480ml","p":2.32,"u":"4,83 €/L","img":"https://fd1-photos.leclercdrive.fr/image.ashx?id=2957893&use=l&cat=p&typeid=i","cat":284594},{"id":277637,"n":"Douche crème enfance Dop Pancakes - 310ml","p":2.69,"u":"8,68 €/L","img":"https://fd1-photos.leclercdrive.fr/image.ashx?id=2957896&use=l&cat=p&typeid=i","cat":284594},{"id":277848,"n":"Kiwi vert Eco+ Barquette 750g","p":2.99,"u":"3,99 €/KG","img":"https://fd1-photos.leclercdrive.fr/image.ashx?id=2957614&use=l&cat=p&typeid=i","cat":284356},{"id":278076,"n":"AOC Bordeaux Grand vin de Reignac - Rouge - 75cl","p":19.15,"u":"25,53 €/L","img":"https://fd1-photos.leclercdrive.fr/image.ashx?id=2958128&use=l&cat=p&typeid=i","cat":289556},{"id":278078,"n":"AOP Fronsac Château de la Rivière - Rouge - 75cl","p":13.72,"u":"18,29 €/L","img":"https://fd1-photos.leclercdrive.fr/image.ashx?id=2958143&use=l&cat=p&typeid=i","cat":289556},{"id":278374,"n":"AOP Bourgogne Aligoté Antoine Barrier - Blanc 3L","p":24.81,"u":"8,27 €/L","img":"https://fd1-photos.leclercdrive.fr/image.ashx?id=2959260&use=l&cat=p&typeid=i","cat":289557},{"id":278375,"n":"AOP Sablé de Camargue Rives & Terrasses - Rosé Bio - 75cl","p":4.39,"u":"5,85 €/L","img":"https://fd1-photos.leclercdrive.fr/image.ashx?id=2959266&use=l&cat=p&typeid=i","cat":289558},{"id":278376,"n":"Crème lavante Calendula Corps et cheveyx - 400ml","p":8.04,"u":"20,10 €/L","img":"https://fd1-photos.leclercdrive.fr/image.ashx?id=2961032&use=l&cat=p&typeid=i","cat":290425},{"id":278571,"n":"Lessive liquide Le Chat  Sensitive x38 - 1,71L","p":10.0,"u":"5,85 €/L","img":"https://fd1-photos.leclercdrive.fr/image.ashx?id=2962293&use=l&cat=p&typeid=i","cat":284640},{"id":278617,"n":"Eau délicieuse Nuxe Sun Parfumante - 30ml","p":14.95,"u":"0,50 €/M3","img":"https://fd1-photos.leclercdrive.fr/image.ashx?id=2962611&use=l&cat=p&typeid=i","cat":301593},{"id":278680,"n":"Crème extra légère Bridélice Semi-épaisse 4%MG - 3x20cl","p":2.11,"u":"3,52 €/L","img":"https://fd1-photos.leclercdrive.fr/image.ashx?id=2996581&use=l&cat=p&typeid=i","cat":284381},{"id":278725,"n":"Saucisses knacki Herta Sel réduit x4 - 140g","p":1.6,"u":"11,43 €/KG","img":"https://fd1-photos.leclercdrive.fr/image.ashx?id=2965016&use=l&cat=p&typeid=i","cat":316012},{"id":278773,"n":"Noix 500g","p":3.49,"u":"6,98 €/KG","img":"https://fd1-photos.leclercdrive.fr/image.ashx?id=583355&use=l&cat=p&typeid=i","cat":284357},{"id":278922,"n":"Cartouches encre Epson Multipack 604 Ananas","p":45.9,"u":"Dont 0,02 € d'éco-part.","img":"https://fd1-photos.leclercdrive.fr/image.ashx?id=2966312&use=l&cat=p&typeid=i","cat":316445},{"id":279002,"n":"Poire Rochas Barquette de 1kg","p":3.79,"u":"3,79 €/KG","img":"https://fd1-photos.leclercdrive.fr/image.ashx?id=1636125&use=l&cat=p&typeid=i","cat":284356},{"id":279415,"n":"Eau florale Haut-Ségala Bio - Rose - 250ml","p":8.9,"u":"35,60 €/L","img":"https://fd1-photos.leclercdrive.fr/image.ashx?id=2967878&use=l&cat=p&typeid=i","cat":301587},{"id":279422,"n":"Huile de soin Vinoclean Démaquillante - 150ml","p":15.89,"u":"105,93 €/L","img":"https://fd1-photos.leclercdrive.fr/image.ashx?id=2967869&use=l&cat=p&typeid=i","cat":301587},{"id":279426,"n":"Soin anti-rougeurs Uriage Roseliane - 40ml","p":12.99,"u":"324,75 €/L","img":"https://fd1-photos.leclercdrive.fr/image.ashx?id=2967890&use=l&cat=p&typeid=i","cat":291171},{"id":279428,"n":"Gelée Hyalu Biotic SVR Refill - 50ml","p":28.89,"u":"577,80 €/L","img":"https://fd1-photos.leclercdrive.fr/image.ashx?id=2968358&use=l&cat=p&typeid=i","cat":291168},{"id":279430,"n":"Traitement antichute Phytocyane Femme - Cheveux - 12x5ml","p":41.27,"u":"687,83 €/L","img":"https://fd1-photos.leclercdrive.fr/image.ashx?id=2967908&use=l&cat=p&typeid=i","cat":290399},{"id":279606,"n":"Liqueur Mandarine Napoleon 38% - 30cl","p":19.75,"u":"28,21 €/L","img":"https://fd1-photos.leclercdrive.fr/image.ashx?id=2968809&use=l&cat=p&typeid=i","cat":286032},{"id":279683,"n":"Barre de céréales Nesquick 8x25g","p":2.94,"u":"14,70 €/KG","img":"https://fd1-photos.leclercdrive.fr/image.ashx?id=2971350&use=l&cat=p&typeid=i","cat":300032},{"id":280035,"n":"Nettoyant gel La Croix Multi-usage Citron - 750ml","p":1.69,"u":"2,25 €/L","img":"https://fd1-photos.leclercdrive.fr/image.ashx?id=2971455&use=l&cat=p&typeid=i","cat":325357},{"id":280270,"n":"Dessert lacté Vanille Blédina dès 6 mois Mini Lactés - 6x55g","p":2.02,"u":"36,73 €/KG","img":"https://fd1-photos.leclercdrive.fr/image.ashx?id=2972862&use=l&cat=p&typeid=i","cat":312392},{"id":280276,"n":"Dessert lacté Fruits Blédina dès 6 mois Mini Lactés - 12x55g","p":3.99,"u":"6,05 €/KG","img":"https://fd1-photos.leclercdrive.fr/image.ashx?id=2972865&use=l&cat=p&typeid=i","cat":312392},{"id":280418,"n":"Dessert lacté Nature Blédina dès 6 mois - 4x95g","p":1.7,"u":"4,47 €/KG","img":"https://fd1-photos.leclercdrive.fr/image.ashx?id=2972868&use=l&cat=p&typeid=i","cat":312392},{"id":280419,"n":"Dessert lacté Fraise Blédina dès 6 mois - 4x95g","p":1.89,"u":"4,97 €/KG","img":"https://fd1-photos.leclercdrive.fr/image.ashx?id=2972871&use=l&cat=p&typeid=i","cat":312392},{"id":280420,"n":"Dessert lacté Blédina Vanille dès 6 mois - 4x95g","p":1.7,"u":"4,47 €/KG","img":"https://fd1-photos.leclercdrive.fr/image.ashx?id=2972874&use=l&cat=p&typeid=i","cat":312392},{"id":280425,"n":"Dessert lacté Blédina Mangue Pêche dès 6 mois - 4x95g","p":1.89,"u":"4,97 €/KG","img":"https://fd1-photos.leclercdrive.fr/image.ashx?id=2972877&use=l&cat=p&typeid=i","cat":312392},{"id":280610,"n":"Lait corps Nivea Repair & care - 250ml","p":4.48,"pp":2.96,"u":"11,84 €/L","img":"https://fd1-photos.leclercdrive.fr/image.ashx?id=2974435&use=l&cat=p&typeid=i","cat":325349},{"id":280616,"n":"Eau nettoyante bébé Klorane Sans rinçage  - 750ml","p":9.85,"u":"13,13 €/L","img":"https://fd1-photos.leclercdrive.fr/image.ashx?id=2973685&use=l&cat=p&typeid=i","cat":290425},{"id":280777,"n":"Préparation Banana Bread Vahiné 300g","p":3.09,"u":"10,30 €/KG","img":"https://fd1-photos.leclercdrive.fr/image.ashx?id=2975873&use=l&cat=p&typeid=i","cat":284505},{"id":280829,"n":"Soupe déshydratée Knorr Poireaux et pomme de terre  80g","p":1.39,"u":"17,38 €/KG","img":"https://fd1-photos.leclercdrive.fr/image.ashx?id=2976179&use=l&cat=p&typeid=i","cat":284463},{"id":280905,"n":"Pancakes Pasquier Pépites de chocolat x8 - 280g","p":2.04,"u":"7,29 €/KG","img":"https://fd1-photos.leclercdrive.fr/image.ashx?id=2975921&use=l&cat=p&typeid=i","cat":284495},{"id":280981,"n":"Laque fixation normale Elnett compressé - 75ml","p":4.29,"u":"57,20 €/L","img":"https://fd1-photos.leclercdrive.fr/image.ashx?id=2975569&use=l&cat=p&typeid=i","cat":284609},{"id":281128,"n":"Lessive X-tra Total 40 lavages","p":7.0,"u":"3,89 €/L","img":"https://fd1-photos.leclercdrive.fr/image.ashx?id=2976788&use=l&cat=p&typeid=i","cat":284640},{"id":281398,"n":"Soupe de poissons à la Bretonne Nos Régions ont du Talent 490g","p":2.1,"u":"4,29 €/KG","img":"https://fd1-photos.leclercdrive.fr/image.ashx?id=2982359&use=l&cat=p&typeid=i","cat":285192},{"id":281401,"n":"Andouille de Guémené tranché Nos Régions ont du Talent 100g","p":4.19,"u":"41,90 €/KG","img":"https://fd1-photos.leclercdrive.fr/image.ashx?id=2977915&use=l&cat=p&typeid=i","cat":316012},{"id":281522,"n":"Boisson végétale Alpro Barista Coco 750ml","p":1.99,"u":"2,65 €/L","img":"https://fd1-photos.leclercdrive.fr/image.ashx?id=2979430&use=l&cat=p&typeid=i","cat":316067},{"id":281524,"n":"Boisson végétale Alpro Avoine 500ml","p":1.59,"u":"3,18 €/L","img":"https://fd1-photos.leclercdrive.fr/image.ashx?id=2986855&use=l&cat=p&typeid=i","cat":316067},{"id":281588,"n":"Shampooing Timotei Hydratant - 300ml","p":2.16,"u":"7,20 €/L","img":"https://fd1-photos.leclercdrive.fr/image.ashx?id=2980070&use=l&cat=p&typeid=i","cat":284606},{"id":282010,"n":"Kinder Surprise  x4 - 80g","p":7.3,"u":"91,25 €/KG","img":"https://fd1-photos.leclercdrive.fr/image.ashx?id=2981373&use=l&cat=p&typeid=i","cat":327592},{"id":282011,"n":"Chocolat Kinder Géant 300g","p":6.96,"u":"23,20 €/KG","img":"https://fd1-photos.leclercdrive.fr/image.ashx?id=2981367&use=l&cat=p&typeid=i","cat":327592},{"id":282012,"n":"Chaussette verte Kinder  179g","p":12.76,"u":"71,28 €/KG","img":"https://fd1-photos.leclercdrive.fr/image.ashx?id=2981725&use=l&cat=p&typeid=i","cat":284958},{"id":282013,"n":"Chaussette bleue Kinder 179g","p":12.76,"u":"71,28 €/KG","img":"https://fd1-photos.leclercdrive.fr/image.ashx?id=2981728&use=l&cat=p&typeid=i","cat":284958},{"id":282032,"n":"Champagne Haslinger et Fils Brut - 75cl","p":16.09,"u":"21,45 €/L","img":"https://fd1-photos.leclercdrive.fr/image.ashx?id=2982005&use=l&cat=p&typeid=i","cat":284542},{"id":282063,"n":"Chocolat Rohan   90g","p":2.68,"u":"29,78 €/KG","img":"https://fd1-photos.leclercdrive.fr/image.ashx?id=2982429&use=l&cat=p&typeid=i","cat":327592},{"id":282366,"n":"Lessive liquide X-tra Total Fraicheur Alpine 40lav - 1,8L","p":7.12,"u":"3,96 €/L","img":"https://fd1-photos.leclercdrive.fr/image.ashx?id=2984200&use=l&cat=p&typeid=i","cat":284640},{"id":282381,"n":"Serviettes hygièniques Vania Maxi Nuit - x10","p":2.11,"u":"0,21 €/P","img":"https://fd1-photos.leclercdrive.fr/image.ashx?id=2985339&use=l&cat=p&typeid=i","cat":284624},{"id":282688,"n":"Crème hydratante La Roche Posay Hydraphase - Légère - 40ml","p":14.65,"u":"366,25 €/L","img":"https://fd1-photos.leclercdrive.fr/image.ashx?id=2985195&use=l&cat=p&typeid=i","cat":291171},{"id":282714,"n":"Foie gras entier Maison Monfort Au sauternes  2x40g","p":15.69,"pp":10.36,"u":"129,50 €/KG","img":"https://fd1-photos.leclercdrive.fr/image.ashx?id=2984976&use=l&cat=p&typeid=i","cat":316008},{"id":282738,"n":"Foie gras de canard Delpeyrat Entier pochon - 270g","p":34.5,"pp":22.77,"u":"84,33 €/KG","img":"https://fd1-photos.leclercdrive.fr/image.ashx?id=2984784&use=l&cat=p&typeid=i","cat":316008},{"id":282744,"n":"Foie gras de canard Delpeyrat IGP Sud Ouest - 360g","p":48.95,"pp":32.31,"u":"89,75 €/KG","img":"https://fd1-photos.leclercdrive.fr/image.ashx?id=2984790&use=l&cat=p&typeid=i","cat":316008},{"id":282745,"n":"Foie gras de canard Delpeyrat IGP Sud Ouest - 360g","p":48.95,"pp":32.31,"u":"89,75 €/KG","img":"https://fd1-photos.leclercdrive.fr/image.ashx?id=2984793&use=l&cat=p&typeid=i","cat":316008},{"id":282747,"n":"Foie gras de canard Delpeyrat Lobe IGP Sud Ouest - 360g","p":48.95,"pp":32.31,"u":"89,75 €/KG","img":"https://fd1-photos.leclercdrive.fr/image.ashx?id=2984799&use=l&cat=p&typeid=i","cat":316008},{"id":282769,"n":"Chocolat Kinder Mix - 102g","p":3.99,"u":"39,12 €/KG","img":"https://fd1-photos.leclercdrive.fr/image.ashx?id=2984546&use=l&cat=p&typeid=i","cat":327592},{"id":282770,"n":"Chocolat Kinder Pingouin - 102g","p":3.99,"u":"39,12 €/KG","img":"https://fd1-photos.leclercdrive.fr/image.ashx?id=2984549&use=l&cat=p&typeid=i","cat":327592},{"id":282951,"n":"Biberon Bebeconfort Physio Air - Sand - 150ml","p":4.5,"img":"https://fd1-photos.leclercdrive.fr/image.ashx?id=2985039&use=l&cat=p&typeid=i","cat":284742},{"id":282952,"n":"Biberon Bebeconfort Physio Air M - Sand - 150ml","p":4.9,"img":"https://fd1-photos.leclercdrive.fr/image.ashx?id=2985042&use=l&cat=p&typeid=i","cat":284742},{"id":282955,"n":"Biberon Physio Bebeconfort Air Sand - Avec poignées 270ml","p":5.5,"img":"https://fd1-photos.leclercdrive.fr/image.ashx?id=2985045&use=l&cat=p&typeid=i","cat":284742},{"id":282958,"n":"Biberon Physio Bebeconfort Physio Air Sand L - 360ml","p":5.5,"img":"https://fd1-photos.leclercdrive.fr/image.ashx?id=2985048&use=l&cat=p&typeid=i","cat":284742},{"id":282959,"n":"Goupillon Bebeconfort Col large+rince tétine Lavande","p":4.9,"img":"https://fd1-photos.leclercdrive.fr/image.ashx?id=2985051&use=l&cat=p&typeid=i","cat":284742},{"id":283058,"n":"Café frais Starbucks Cappuccino 220ml","p":1.95,"u":"8,86 €/L","img":"https://fd1-photos.leclercdrive.fr/image.ashx?id=2986804&use=l&cat=p&typeid=i","cat":295246},{"id":283059,"n":"Café frais Starbucks Caffè Latte 220ml","p":1.95,"u":"8,86 €/L","img":"https://fd1-photos.leclercdrive.fr/image.ashx?id=2986798&use=l&cat=p&typeid=i","cat":295246},{"id":283081,"n":"Café frais Starbucks Caramel Macchiato 220ml","p":1.69,"u":"7,68 €/L","img":"https://fd1-photos.leclercdrive.fr/image.ashx?id=2986801&use=l&cat=p&typeid=i","cat":295246},{"id":283136,"n":"Kinder Surprise  Père Noel x4 - 80g","p":7.3,"u":"91,25 €/KG","img":"https://fd1-photos.leclercdrive.fr/image.ashx?id=2981373&use=l&cat=p&typeid=i","cat":327592},{"id":283138,"n":"Kinder Surprise  Bonhomme de neige x4 - 80g","p":7.3,"u":"91,25 €/KG","img":"https://fd1-photos.leclercdrive.fr/image.ashx?id=2987196&use=l&cat=p&typeid=i","cat":327592},{"id":283154,"n":"Chocolat Kinder Géant Père Noel - 300g","p":6.96,"u":"23,20 €/KG","img":"https://fd1-photos.leclercdrive.fr/image.ashx?id=2981367&use=l&cat=p&typeid=i","cat":327592},{"id":283251,"n":"Coloration Olia Garnier 2.0 Black Diamond","p":8.87,"img":"https://fd1-photos.leclercdrive.fr/image.ashx?id=2987317&use=l&cat=p&typeid=i","cat":288899},{"id":283254,"n":"Adoucissant dilué Soupline Grand Air - 2250ml","p":6.45,"u":"2,87 €/L","img":"https://fd1-photos.leclercdrive.fr/image.ashx?id=2993490&use=l&cat=p&typeid=i","cat":284650},{"id":283272,"n":"Recharge de lames Gillette  Fusion 5 - x4","p":16.58,"img":"https://fd1-photos.leclercdrive.fr/image.ashx?id=2988719&use=l&cat=p&typeid=i","cat":284616},{"id":283286,"n":"Huile lavante A-Derma Exomega - Emolliente - 1L","p":17.97,"u":"17,97 €/L","img":"https://fd1-photos.leclercdrive.fr/image.ashx?id=2988430&use=l&cat=p&typeid=i","cat":301591},{"id":283288,"n":"Complément alimentaire Collagène - Articulations 260g","p":19.04,"u":"73,23 €/KG","img":"https://fd1-photos.leclercdrive.fr/image.ashx?id=2988596&use=l&cat=p&typeid=i","cat":301264},{"id":283295,"n":"Savon pain dermatologique A-Derma - Avoine Duo 2x100g","p":8.9,"u":"44,50 €/KG","img":"https://fd1-photos.leclercdrive.fr/image.ashx?id=2988424&use=l&cat=p&typeid=i","cat":301591},{"id":283311,"n":"Complément alimentaire Granions Shilajit - 1000mg x60","p":20.3,"img":"https://fd1-photos.leclercdrive.fr/image.ashx?id=2997160&use=l&cat=p&typeid=i","cat":301264},{"id":283677,"n":"Lait de Bretagne UHT Malo  Demi-écrémé - 6x1L","p":6.83,"u":"1,14 €/L","img":"https://fd1-photos.leclercdrive.fr/image.ashx?id=2990520&use=l&cat=p&typeid=i","cat":284377},{"id":284079,"n":"Gel douche soin Nivea Defend Derma control - 250ml","p":2.9,"u":"11,60 €/L","img":"https://fd1-photos.leclercdrive.fr/image.ashx?id=2990910&use=l&cat=p&typeid=i","cat":284594},{"id":284082,"n":"Spray déodorant Nivea Men Derma control sensitive - 200ml","p":3.39,"u":"16,95 €/L","img":"https://fd1-photos.leclercdrive.fr/image.ashx?id=2990925&use=l&cat=p&typeid=i","cat":284618},{"id":284083,"n":"Spray déodorant Nivea Men Defend derma control - 200ml","p":3.95,"u":"19,75 €/L","img":"https://fd1-photos.leclercdrive.fr/image.ashx?id=2990907&use=l&cat=p&typeid=i","cat":284618},{"id":284084,"n":"Spray déodorant Nivea Men Derma control restore - 200ml","p":3.78,"u":"18,90 €/L","img":"https://fd1-photos.leclercdrive.fr/image.ashx?id=2990901&use=l&cat=p&typeid=i","cat":284618},{"id":284087,"n":"Déodorant stick Nivea Men Black & White Invisible - 50ml","p":3.89,"u":"77,80 €/L","img":"https://fd1-photos.leclercdrive.fr/image.ashx?id=2990928&use=l&cat=p&typeid=i","cat":284596},{"id":284088,"n":"Déodorant stick Nivea Men Dry impact - 50ml","p":3.95,"u":"79,00 €/L","img":"https://fd1-photos.leclercdrive.fr/image.ashx?id=2990412&use=l&cat=p&typeid=i","cat":284618},{"id":284095,"n":"Déodorant spray Nivea Men Derma control defend - 200ml","p":3.05,"u":"15,25 €/L","img":"https://fd1-photos.leclercdrive.fr/image.ashx?id=2990904&use=l&cat=p&typeid=i","cat":284618},{"id":284104,"n":"Crème hydratante Nivea Repair & Care - Visage Corps Mains 400ml","p":9.48,"pp":6.26,"u":"15,65 €/L","img":"https://fd1-photos.leclercdrive.fr/image.ashx?id=2990898&use=l&cat=p&typeid=i","cat":325350},{"id":284296,"n":"Masque Le Petit Marseillais  4 en 1 Hydratation -370ml","p":4.9,"u":"13,24 €/L","img":"https://fd1-photos.leclercdrive.fr/image.ashx?id=2992140&use=l&cat=p&typeid=i","cat":284608},{"id":284299,"n":"Masque Le Petit Marseillais  Douceur Eclat - 370ml","p":8.16,"u":"22,05 €/L","img":"https://fd1-photos.leclercdrive.fr/image.ashx?id=2992143&use=l&cat=p&typeid=i","cat":284608},{"id":284475,"n":"Lait apaisant Le Petit  Marseillais Aloe Vera - 250ml","p":4.29,"u":"17,16 €/L","img":"https://fd1-photos.leclercdrive.fr/image.ashx?id=2992951&use=l&cat=p&typeid=i","cat":325349},{"id":284476,"n":"Lait peau déshydratée Le Petit Marseillais Noix de coco -250ml","p":3.89,"u":"15,56 €/L","img":"https://fd1-photos.leclercdrive.fr/image.ashx?id=2992954&use=l&cat=p&typeid=i","cat":325349},{"id":284519,"n":"Crème correction Filorga Time-Filler 5XP - 50ml","p":59.0,"img":"https://fd1-photos.leclercdrive.fr/image.ashx?id=2993409&use=l&cat=p&typeid=i","cat":291168},{"id":284524,"n":"Shampooing Le Petit Marseillais Huile de Jojoba Bio - 250ml","p":1.97,"u":"7,88 €/L","img":"https://fd1-photos.leclercdrive.fr/image.ashx?id=2993436&use=l&cat=p&typeid=i","cat":284606},{"id":284527,"n":"Shampoing bébé Démêlant Le Petit Marseillais Pêche 300ml","p":2.73,"u":"9,10 €/L","img":"https://fd1-photos.leclercdrive.fr/image.ashx?id=2993439&use=l&cat=p&typeid=i","cat":284606},{"id":284532,"n":"Gel douche derma Sanex Enfant - Recharge - 450ml","p":3.89,"u":"8,64 €/L","img":"https://fd1-photos.leclercdrive.fr/image.ashx?id=2993493&use=l&cat=p&typeid=i","cat":284594},{"id":284536,"n":"Complément alimentaire Granions 24 vitamines sénior - 81g - x90","p":21.82,"u":"269,38 €/KG","img":"https://fd1-photos.leclercdrive.fr/image.ashx?id=2993020&use=l&cat=p&typeid=i","cat":301264},{"id":284717,"n":"Complément alimentaire Granions Ashwagandha Bio 1200mg x60","p":21.5,"u":"447,92 €/KG","img":"https://fd1-photos.leclercdrive.fr/image.ashx?id=2995397&use=l&cat=p&typeid=i","cat":301265},{"id":284733,"n":"Gel douche Sanex Derma Care Apaisant - 425ml","p":4.95,"u":"11,65 €/L","img":"https://fd1-photos.leclercdrive.fr/image.ashx?id=2994578&use=l&cat=p&typeid=i","cat":284594},{"id":284734,"n":"Complément alimentaire Granions Hydrop - Pêche - x20","p":6.56,"img":"https://fd1-photos.leclercdrive.fr/image.ashx?id=2997154&use=l&cat=p&typeid=i","cat":301264},{"id":284736,"n":"Recharge crème douche Sanex Protection - 900ml","p":4.49,"u":"4,99 €/L","img":"https://fd1-photos.leclercdrive.fr/image.ashx?id=2994584&use=l&cat=p&typeid=i","cat":284594},{"id":284737,"n":"Complément alimentaire Excilor Forte - 30ml FR/BE/NL","p":21.1,"u":"703,33 €/L","img":"https://fd1-photos.leclercdrive.fr/image.ashx?id=2997358&use=l&cat=p&typeid=i","cat":290424},{"id":284738,"n":"Pastilles Gorge Santarome Ruche royale - x24","p":5.34,"img":"https://fd1-photos.leclercdrive.fr/image.ashx?id=2996986&use=l&cat=p&typeid=i","cat":301256},{"id":284741,"n":"Crème de douche Sanex Protection - 900ml","p":4.99,"u":"5,54 €/L","img":"https://fd1-photos.leclercdrive.fr/image.ashx?id=2994587&use=l&cat=p&typeid=i","cat":284594},{"id":284745,"n":"Gel douche Sanex Derma Care Hydratant - 425ml","p":4.95,"u":"11,65 €/MT","img":"https://fd1-photos.leclercdrive.fr/image.ashx?id=2994590&use=l&cat=p&typeid=i","cat":284594},{"id":284747,"n":"Gommes Valda Sans sucres Menthe eucalyptus - 140g","p":8.95,"u":"63,93 €/KG","img":"https://fd1-photos.leclercdrive.fr/image.ashx?id=2994527&use=l&cat=p&typeid=i","cat":301256},{"id":284749,"n":"Déo-douche SVR Spirial - 400ml","p":14.33,"u":"35,83 €/L","img":"https://fd1-photos.leclercdrive.fr/image.ashx?id=2994530&use=l&cat=p&typeid=i","cat":301591},{"id":285245,"n":"Riz Comptoir du Grain 3 riz blanc rouge noir 500g","p":1.82,"u":"3,64 €/KG","img":"https://fd1-photos.leclercdrive.fr/image.ashx?id=2995820&use=l&cat=p&typeid=i","cat":284428},{"id":285304,"n":"Chocolat en poudre Nesquick  Saveur fraise - 350g","p":2.79,"u":"7,97 €/KG","img":"https://fd1-photos.leclercdrive.fr/image.ashx?id=2997304&use=l&cat=p&typeid=i","cat":293235},{"id":286256,"n":"Bûche glacée Nestlé Signature Passion framboise 491g","p":7.66,"u":"15,60 €/KG","img":"https://fd1-photos.leclercdrive.fr/image.ashx?id=3000701&use=l&cat=p&typeid=i","cat":284266},{"id":286259,"n":"Bûche glacée Nestlé Signature Vanille bourbon caramel 489g","p":7.75,"u":"15,85 €/KG","img":"https://fd1-photos.leclercdrive.fr/image.ashx?id=3000695&use=l&cat=p&typeid=i","cat":284266},{"id":286333,"n":"Coffret crème Cachemire  Caudalie  Noël 2025 - 50ml","p":46.9,"u":"938,00 €/L","img":"https://fd1-photos.leclercdrive.fr/image.ashx?id=3000222&use=l&cat=p&typeid=i","cat":301594},{"id":287258,"n":"Chocolat Poulain 450g","p":3.29,"u":"7,31 €/KG","img":"https://fd1-photos.leclercdrive.fr/image.ashx?id=3005137&use=l&cat=p&typeid=i","cat":293235},{"id":287262,"n":"Chocolat en poudre Poulain 800g","p":5.29,"u":"6,61 €/KG","img":"https://fd1-photos.leclercdrive.fr/image.ashx?id=3005140&use=l&cat=p&typeid=i","cat":293235},{"id":287263,"n":"Chocolat en poudre Poulain 450g","p":2.99,"u":"6,64 €/KG","img":"https://fd1-photos.leclercdrive.fr/image.ashx?id=3005143&use=l&cat=p&typeid=i","cat":293235},{"id":288725,"n":"Gelée gommante douceur Avene Eau thermale - 50ml","p":12.99,"u":"259,80 €/L","img":"https://fd1-photos.leclercdrive.fr/image.ashx?id=3011272&use=l&cat=p&typeid=i","cat":291165}]}