{"id":"048001-048001","dt":"2025-12-15","p":[{"id":21,"n":"Macédoine légumes Notre Jardin - 530g","p":1.23,"u":"2,32 €/KG","img":"https://fd5-photos.leclercdrive.fr/image.ashx?id=2913645&use=l&cat=p&typeid=i","cat":312612},{"id":28,"n":"Lentilles Préparées Notre  Jardin - 530g","p":1.15,"u":"2,17 €/KG","img":"https://fd5-photos.leclercdrive.fr/image.ashx?id=2987982&use=l&cat=p&typeid=i","cat":312609},{"id":32,"n":"Coeurs de céleri Notre Jardin - 500g PNE","p":2.99,"u":"5,64 €/KG","img":"https://fd5-photos.leclercdrive.fr/image.ashx?id=2483602&use=l&cat=p&typeid=i","cat":312612},{"id":36,"n":"Epinards hâchés Notre Jardin 795g","p":1.65,"u":"2,08 €/KG","img":"https://fd5-photos.leclercdrive.fr/image.ashx?id=2050606&use=l&cat=p&typeid=i","cat":312612},{"id":37,"n":"Epinards hâchés Notre Jardin 395g","p":1.09,"u":"2,76 €/KG","img":"https://fd5-photos.leclercdrive.fr/image.ashx?id=1993152&use=l&cat=p&typeid=i","cat":312612},{"id":40,"n":"Coeurs de palmiers Notre Jardin Extra tendres - 500g","p":3.85,"u":"7,70 €/KG","img":"https://fd5-photos.leclercdrive.fr/image.ashx?id=2072698&use=l&cat=p&typeid=i","cat":312611},{"id":42,"n":"Haricots Mungo Notre Jardin 180g","p":1.0,"u":"5,56 €/KG","img":"https://fd5-photos.leclercdrive.fr/image.ashx?id=2072431&use=l&cat=p&typeid=i","cat":312611},{"id":47,"n":"Filets de thon Saupiquet Huile d'olive - 115g","p":2.37,"u":"20,61 €/KG","img":"https://fd5-photos.leclercdrive.fr/image.ashx?id=2846373&use=l&cat=p&typeid=i","cat":303867},{"id":48,"n":"Thon Saupiquet A la Catalane - 252g","p":1.77,"u":"7,02 €/KG","img":"https://fd5-photos.leclercdrive.fr/image.ashx?id=2860892&use=l&cat=p&typeid=i","cat":303867},{"id":50,"n":"Miettes de thon Pêche Océan Huile de tournesol - 160g","p":1.7,"u":"10,63 €/KG","img":"https://fd5-photos.leclercdrive.fr/image.ashx?id=2053785&use=l&cat=p&typeid=i","cat":303867},{"id":54,"n":"Sardines tomate Pêche Océan 135g","p":1.32,"u":"9,78 €/KG","img":"https://fd5-photos.leclercdrive.fr/image.ashx?id=2694097&use=l&cat=p&typeid=i","cat":305146},{"id":55,"n":"Filets sardines Pêche Océan Huile d'olive Sans arête - 100g","p":1.35,"u":"13,50 €/KG","img":"https://fd5-photos.leclercdrive.fr/image.ashx?id=1986231&use=l&cat=p&typeid=i","cat":305146},{"id":58,"n":"Filets maquereaux Pêche Océan Arômates et Muscadet 176g","p":1.45,"u":"8,24 €/KG","img":"https://fd5-photos.leclercdrive.fr/image.ashx?id=2476948&use=l&cat=p&typeid=i","cat":303868},{"id":59,"n":"Maquereaux Pêche Océan Moutarde de Dijon - 169g","p":1.65,"u":"9,76 €/KG","img":"https://fd5-photos.leclercdrive.fr/image.ashx?id=2488350&use=l&cat=p&typeid=i","cat":303868},{"id":72,"n":"Lentilles cuisinées Raynal Et Roquelaure - 820g","p":2.03,"u":"2,48 €/KG","img":"https://fd5-photos.leclercdrive.fr/image.ashx?id=2928393&use=l&cat=p&typeid=i","cat":312609},{"id":74,"n":"Choucroute Côté Table garnie 800g","p":2.69,"u":"3,36 €/KG","img":"https://fd5-photos.leclercdrive.fr/image.ashx?id=2977111&use=l&cat=p&typeid=i","cat":284441},{"id":92,"n":"Chips Pom'lisse Nature - 6x30g","p":1.37,"u":"7,61 €/KG","img":"https://fd5-photos.leclercdrive.fr/image.ashx?id=2919490&use=l&cat=p&typeid=i","cat":284447},{"id":104,"n":"Mélange Grillé et salé Tokapi Cacahuètes et noisettes - 120g","p":1.46,"u":"12,17 €/KG","img":"https://fd5-photos.leclercdrive.fr/image.ashx?id=2794100&use=l&cat=p&typeid=i","cat":284448},{"id":117,"n":"Huile Isio 4 Lesieur 1L","p":3.34,"u":"3,34 €/L","img":"https://fd5-photos.leclercdrive.fr/image.ashx?id=2916018&use=l&cat=p&typeid=i","cat":284453},{"id":121,"n":"Huile Fleur de colza Lesieur  1L","p":2.69,"u":"2,69 €/L","img":"https://fd5-photos.leclercdrive.fr/image.ashx?id=2916848&use=l&cat=p&typeid=i","cat":284453},{"id":128,"n":"Vinaigre de vin Rustica 75cl","p":0.99,"u":"1,32 €/L","img":"https://fd5-photos.leclercdrive.fr/image.ashx?id=1061150&use=l&cat=p&typeid=i","cat":298543},{"id":137,"n":"Gros sel de Camargue NRT Sachet -1kg","p":1.2,"u":"1,20 €/KG","img":"https://fd5-photos.leclercdrive.fr/image.ashx?id=2819956&use=l&cat=p&typeid=i","cat":284457},{"id":157,"n":"Moutarde de Dijon AMORA Fine & Forte - 265g","p":1.55,"u":"5,85 €/KG","img":"https://fd5-photos.leclercdrive.fr/image.ashx?id=3004870&use=l&cat=p&typeid=i","cat":288850},{"id":169,"n":"Sauce Pesto Panzani Basilic - 200g","p":1.55,"u":"7,75 €/KG","img":"https://fd5-photos.leclercdrive.fr/image.ashx?id=2989093&use=l&cat=p&typeid=i","cat":287599},{"id":173,"n":"Pulpe de tomate Notre Jardin En dés - 3x383g","p":2.06,"u":"1,81 €/KG","img":"https://fd5-photos.leclercdrive.fr/image.ashx?id=2826918&use=l&cat=p&typeid=i","cat":288384},{"id":193,"n":"Pâtes vermicelles Panzani  500g","p":1.11,"u":"2,22 €/KG","img":"https://fd5-photos.leclercdrive.fr/image.ashx?id=2896072&use=l&cat=p&typeid=i","cat":284427},{"id":194,"n":"Pâtes Coquillettes Panzani 500g","p":0.85,"u":"1,70 €/KG","img":"https://fd5-photos.leclercdrive.fr/image.ashx?id=2870200&use=l&cat=p&typeid=i","cat":284427},{"id":195,"n":"Pâtes macaroni Panzani 500g","p":0.9,"u":"1,80 €/KG","img":"https://fd5-photos.leclercdrive.fr/image.ashx?id=2884297&use=l&cat=p&typeid=i","cat":284427},{"id":197,"n":"Pâtes Torti Panzani 500g","p":0.73,"u":"1,46 €/KG","img":"https://fd5-photos.leclercdrive.fr/image.ashx?id=2869552&use=l&cat=p&typeid=i","cat":284427},{"id":198,"n":"Pâtes Spaghetti Panzani 500g","p":0.81,"u":"1,62 €/KG","img":"https://fd5-photos.leclercdrive.fr/image.ashx?id=2876023&use=l&cat=p&typeid=i","cat":284427},{"id":199,"n":"Pâtes Tagliatelle Panzani Créatives - 500G","p":1.47,"u":"2,94 €/KG","img":"https://fd5-photos.leclercdrive.fr/image.ashx?id=2902936&use=l&cat=p&typeid=i","cat":284427},{"id":202,"n":"Pâtes Nouilles Turini 500g","p":0.75,"u":"1,50 €/KG","img":"https://fd5-photos.leclercdrive.fr/image.ashx?id=2980770&use=l&cat=p&typeid=i","cat":284427},{"id":204,"n":"Pâtes Coquillettes Turini 500g","p":0.75,"u":"1,50 €/KG","img":"https://fd5-photos.leclercdrive.fr/image.ashx?id=2980408&use=l&cat=p&typeid=i","cat":284427},{"id":205,"n":"Pâtes Macaroni Turini 500g","p":0.75,"u":"1,50 €/KG","img":"https://fd5-photos.leclercdrive.fr/image.ashx?id=2980417&use=l&cat=p&typeid=i","cat":284427},{"id":206,"n":"Spaghetti Turini 500g","p":0.69,"u":"1,38 €/KG","img":"https://fd5-photos.leclercdrive.fr/image.ashx?id=2980399&use=l&cat=p&typeid=i","cat":284427},{"id":210,"n":"Pâtes cheveux d'anges Turini 500g","p":0.85,"u":"1,70 €/KG","img":"https://fd5-photos.leclercdrive.fr/image.ashx?id=2980782&use=l&cat=p&typeid=i","cat":284427},{"id":211,"n":"Pâtes Tagliatelles Turini 500g","p":1.29,"u":"2,58 €/KG","img":"https://fd5-photos.leclercdrive.fr/image.ashx?id=2669693&use=l&cat=p&typeid=i","cat":284427},{"id":221,"n":"Couscous Ferrero fin Graine nature - 1kg","p":2.28,"u":"2,28 €/KG","img":"https://fd5-photos.leclercdrive.fr/image.ashx?id=2862215&use=l&cat=p&typeid=i","cat":284429},{"id":225,"n":"Couscous Comptoir du Grain Grain moyen - 1kg","p":1.44,"u":"1,44 €/KG","img":"https://fd5-photos.leclercdrive.fr/image.ashx?id=3012794&use=l&cat=p&typeid=i","cat":284429},{"id":229,"n":"Blé précuit Comptoir du Grain Cuisson rapide 10 min - 500g","p":1.54,"u":"3,08 €/KG","img":"https://fd5-photos.leclercdrive.fr/image.ashx?id=1986243&use=l&cat=p&typeid=i","cat":284429},{"id":230,"n":"Pois cassés Notre Jardin 500g","p":1.05,"u":"2,10 €/KG","img":"https://fd5-photos.leclercdrive.fr/image.ashx?id=2983772&use=l&cat=p&typeid=i","cat":284430},{"id":231,"n":"Lentilles vertes Notre Jardin 500g","p":1.63,"u":"3,26 €/KG","img":"https://fd5-photos.leclercdrive.fr/image.ashx?id=2983778&use=l&cat=p&typeid=i","cat":284430},{"id":241,"n":"Soupe Mouliné Régal Soupe 10 légumes variés - 1L","p":1.08,"u":"1,08 €/L","img":"https://fd5-photos.leclercdrive.fr/image.ashx?id=2607353&use=l&cat=p&typeid=i","cat":284462},{"id":255,"n":"Arôme Saveur Maggi 250g","p":1.71,"u":"6,84 €/KG","img":"https://fd5-photos.leclercdrive.fr/image.ashx?id=2671960&use=l&cat=p&typeid=i","cat":288379},{"id":259,"n":"Assaisonnement Liquide KNORR Viandox - 160ml","p":1.46,"pp":1.02,"u":"6,38 €/L","img":"https://fd5-photos.leclercdrive.fr/image.ashx?id=2705215&use=l&cat=p&typeid=i","cat":288383},{"id":267,"n":"Biscuits Petit Ecolier LU Chocolat au lait - 120g","p":2.04,"u":"17,00 €/KG","img":"https://fd5-photos.leclercdrive.fr/image.ashx?id=3014404&use=l&cat=p&typeid=i","cat":284488},{"id":274,"n":"Biscuits Pocket Prince Chocolat - 400g","p":2.31,"u":"5,78 €/KG","img":"https://fd5-photos.leclercdrive.fr/image.ashx?id=3002207&use=l&cat=p&typeid=i","cat":284488},{"id":278,"n":"Biscuits La Barquette Lulu LU Chocolat noisettes - 2x120g","p":1.98,"u":"8,25 €/KG","img":"https://fd5-photos.leclercdrive.fr/image.ashx?id=2135740&use=l&cat=p&typeid=i","cat":284488},{"id":280,"n":"Biscuits Petits cœurs LU Chocolat - 180g","p":2.4,"u":"13,33 €/KG","img":"https://fd5-photos.leclercdrive.fr/image.ashx?id=3002024&use=l&cat=p&typeid=i","cat":284488},{"id":281,"n":"Gâteaux moelleux Lulu LU Coqueline Chocolat - 165g","p":1.65,"u":"10,00 €/KG","img":"https://fd5-photos.leclercdrive.fr/image.ashx?id=3001946&use=l&cat=p&typeid=i","cat":284495},{"id":288,"n":"Gaufrettes P'tit Déli  Enrobées chocolat 150g","p":1.59,"u":"10,60 €/KG","img":"https://fd5-photos.leclercdrive.fr/image.ashx?id=2965416&use=l&cat=p&typeid=i","cat":284488},{"id":290,"n":"Biscuits P'tit Déli Bâtonnets Chocolat 150g","p":1.19,"u":"7,93 €/KG","img":"https://fd5-photos.leclercdrive.fr/image.ashx?id=2470189&use=l&cat=p&typeid=i","cat":284488},{"id":298,"n":"Gâteaux moelleux Lulu LU Coqueline Fraise - 165g","p":1.39,"u":"8,42 €/KG","img":"https://fd5-photos.leclercdrive.fr/image.ashx?id=2977252&use=l&cat=p&typeid=i","cat":284495},{"id":304,"n":"Génoises fourrées P'tit Déli - 150g","p":1.39,"u":"9,27 €/KG","img":"https://fd5-photos.leclercdrive.fr/image.ashx?id=2470192&use=l&cat=p&typeid=i","cat":284489},{"id":313,"n":"Biscuits palmiers P'tit Déli 100g","p":0.59,"u":"5,90 €/KG","img":"https://fd5-photos.leclercdrive.fr/image.ashx?id=2940896&use=l&cat=p&typeid=i","cat":284487},{"id":316,"n":"Palets bretons P'tit Déli 125g","p":0.97,"u":"7,76 €/KG","img":"https://fd5-photos.leclercdrive.fr/image.ashx?id=2809650&use=l&cat=p&typeid=i","cat":284487},{"id":321,"n":"Cake fruits Brossard 500g","p":4.12,"u":"8,24 €/KG","img":"https://fd5-photos.leclercdrive.fr/image.ashx?id=2983105&use=l&cat=p&typeid=i","cat":284493},{"id":322,"n":"Cake anglais Brossard 400g","p":3.07,"u":"7,68 €/KG","img":"https://fd5-photos.leclercdrive.fr/image.ashx?id=2456795&use=l&cat=p&typeid=i","cat":284493},{"id":323,"n":"Gâteaux Mini roulés Pépito Chocolat - 150g","p":1.76,"u":"11,73 €/KG","img":"https://fd5-photos.leclercdrive.fr/image.ashx?id=2331898&use=l&cat=p&typeid=i","cat":284495},{"id":325,"n":"Galettes Bretonnes P'tit Déli Pur beurre - 125g","p":0.73,"u":"5,84 €/KG","img":"https://fd5-photos.leclercdrive.fr/image.ashx?id=2847943&use=l&cat=p&typeid=i","cat":284487},{"id":349,"n":"Pain de mie nature Epi d'Or Classique - 500g","p":1.19,"u":"2,38 €/KG","img":"https://fd5-photos.leclercdrive.fr/image.ashx?id=2615582&use=l&cat=p&typeid=i","cat":284477},{"id":350,"n":"Pain de mie nature Epi d'Or Grandes tranches - 550g","p":1.09,"u":"1,98 €/KG","img":"https://fd5-photos.leclercdrive.fr/image.ashx?id=2860700&use=l&cat=p&typeid=i","cat":284477},{"id":352,"n":"Pain de mie nature Epi d'Or  Extra-moelleux - 500g","p":0.95,"u":"1,90 €/KG","img":"https://fd5-photos.leclercdrive.fr/image.ashx?id=2860697&use=l&cat=p&typeid=i","cat":284477},{"id":361,"n":"Brioche tranchée Epi d'Or Nature - 500g","p":1.65,"u":"3,30 €/KG","img":"https://fd5-photos.leclercdrive.fr/image.ashx?id=2860694&use=l&cat=p&typeid=i","cat":284478},{"id":362,"n":"Briochettes Epi d'Or Nature x12 - 480g","p":1.49,"u":"3,10 €/KG","img":"https://fd5-photos.leclercdrive.fr/image.ashx?id=2860709&use=l&cat=p&typeid=i","cat":284478},{"id":363,"n":"Pains au lait Epi d'Or x10 - 350g","p":1.19,"u":"3,40 €/KG","img":"https://fd5-photos.leclercdrive.fr/image.ashx?id=2860688&use=l&cat=p&typeid=i","cat":293505},{"id":364,"n":"Pains au chocolat Epi d'Or x8 - 360g","p":1.89,"u":"5,25 €/KG","img":"https://fd5-photos.leclercdrive.fr/image.ashx?id=2860691&use=l&cat=p&typeid=i","cat":296366},{"id":367,"n":"Barre patissière P'tit Déli 800g","p":2.2,"u":"2,75 €/KG","img":"https://fd5-photos.leclercdrive.fr/image.ashx?id=2074379&use=l&cat=p&typeid=i","cat":294776},{"id":373,"n":"Biscottes Plaine Vie Heudebert  Sans sel - 300g","p":1.59,"u":"5,30 €/KG","img":"https://fd5-photos.leclercdrive.fr/image.ashx?id=2870572&use=l&cat=p&typeid=i","cat":284479},{"id":375,"n":"Biscottes fourrées Cracotte LU  Framboise - 200g","p":1.7,"u":"8,50 €/KG","img":"https://fd5-photos.leclercdrive.fr/image.ashx?id=2873844&use=l&cat=p&typeid=i","cat":284479},{"id":376,"n":"Biscottes Cracotte LU  Froment - 250g","p":1.4,"u":"5,60 €/KG","img":"https://fd5-photos.leclercdrive.fr/image.ashx?id=3002006&use=l&cat=p&typeid=i","cat":284479},{"id":378,"n":"Biscottes Cracotte LU  Céréales complètes - 250g","p":1.54,"u":"6,16 €/KG","img":"https://fd5-photos.leclercdrive.fr/image.ashx?id=3002012&use=l&cat=p&typeid=i","cat":284479},{"id":382,"n":"Biscottes Epi d'Or 6 céréales x36 - 300g","p":1.22,"u":"4,07 €/KG","img":"https://fd5-photos.leclercdrive.fr/image.ashx?id=2532832&use=l&cat=p&typeid=i","cat":284479},{"id":399,"n":"Café moulu Plantation Intense et aromatique - 2x250g","p":6.8,"u":"13,60 €/KG","img":"https://fd5-photos.leclercdrive.fr/image.ashx?id=2607398&use=l&cat=p&typeid=i","cat":284750},{"id":400,"n":"Café moulu Plantation  Intense et aromatique - 250g","p":3.5,"u":"14,00 €/KG","img":"https://fd5-photos.leclercdrive.fr/image.ashx?id=2555050&use=l&cat=p&typeid=i","cat":284750},{"id":405,"n":"Café Soluble Nescafé Spécial Filtre Original - 200g","p":7.42,"u":"37,10 €/KG","img":"https://fd5-photos.leclercdrive.fr/image.ashx?id=2837154&use=l&cat=p&typeid=i","cat":284843},{"id":435,"n":"Infusion Tiséa Tilleul Menthe - x25","p":1.05,"u":"26,25 €/KG","img":"https://fd5-photos.leclercdrive.fr/image.ashx?id=2481748&use=l&cat=p&typeid=i","cat":293234},{"id":437,"n":"Infusion Tiséa Verveine Orange - x25","p":1.34,"u":"33,50 €/KG","img":"https://fd5-photos.leclercdrive.fr/image.ashx?id=1080636&use=l&cat=p&typeid=i","cat":293234},{"id":446,"n":"Lait en poudre Délisse Ecrémé - 300g","p":2.1,"u":"7,00 €/KG","img":"https://fd5-photos.leclercdrive.fr/image.ashx?id=2545467&use=l&cat=p&typeid=i","cat":299162},{"id":453,"n":"Confiture extra figues NRT De Provence - 315g","p":2.64,"u":"8,38 €/KG","img":"https://fd5-photos.leclercdrive.fr/image.ashx?id=2699801&use=l&cat=p&typeid=i","cat":284480},{"id":474,"n":"Céréales Cookie Crisp Nestlé 375g","p":2.34,"u":"6,24 €/KG","img":"https://fd5-photos.leclercdrive.fr/image.ashx?id=2926443&use=l&cat=p&typeid=i","cat":309513},{"id":486,"n":"Sucre en poudre Saint Louis 1kg","p":1.5,"u":"1,50 €/KG","img":"https://fd5-photos.leclercdrive.fr/image.ashx?id=2624239&use=l&cat=p&typeid=i","cat":284502},{"id":491,"n":"Levure boulangère Francine 30g","p":1.09,"u":"36,33 €/KG","img":"https://fd5-photos.leclercdrive.fr/image.ashx?id=2210083&use=l&cat=p&typeid=i","cat":294686},{"id":492,"n":"Farine fluide Tablier Blanc Sans grumeaux - 1kg","p":0.85,"u":"0,85 €/KG","img":"https://fd5-photos.leclercdrive.fr/image.ashx?id=2487422&use=l&cat=p&typeid=i","cat":284503},{"id":494,"n":"Levure boulangère Alsa Briochin - x5 - 27.5g","p":0.85,"u":"30,36 €/KG","img":"https://fd5-photos.leclercdrive.fr/image.ashx?id=3007906&use=l&cat=p&typeid=i","cat":294686},{"id":496,"n":"Sucre Vanillé des Isles Alsa x7 - 52.5g","p":2.41,"u":"46,35 €/KG","img":"https://fd5-photos.leclercdrive.fr/image.ashx?id=2965867&use=l&cat=p&typeid=i","cat":294686},{"id":528,"n":"Bonbons Copains Copines Cola acide - 275 g","p":1.53,"u":"5,56 €/KG","img":"https://fd5-photos.leclercdrive.fr/image.ashx?id=2934658&use=l&cat=p&typeid=i","cat":304250},{"id":529,"n":"Bonbons Copains Copines Chocours 200g","p":1.25,"u":"6,25 €/KG","img":"https://fd5-photos.leclercdrive.fr/image.ashx?id=2934649&use=l&cat=p&typeid=i","cat":304250},{"id":546,"n":"Eau minérale naturelle Des Alpes - 6x50cl","p":1.98,"u":"0,66 €/L","img":"https://fd5-photos.leclercdrive.fr/image.ashx?id=552962&use=l&cat=p&typeid=i","cat":284535},{"id":547,"n":"Eau de source de Montagne 5L","p":0.87,"u":"0,17 €/L","img":"https://fd5-photos.leclercdrive.fr/image.ashx?id=2699420&use=l&cat=p&typeid=i","cat":284535},{"id":567,"n":"Eau gazeuse San Pellegrino Minérale naturelle - 6x50cl","p":2.86,"u":"0,95 €/L","img":"https://fd5-photos.leclercdrive.fr/image.ashx?id=2145871&use=l&cat=p&typeid=i","cat":284536},{"id":591,"n":"Sirop Frucci Citron - 75cl","p":1.69,"u":"2,25 €/L","img":"https://fd5-photos.leclercdrive.fr/image.ashx?id=2842214&use=l&cat=p&typeid=i","cat":295020},{"id":592,"n":"Sirop Frucci Grenadine - 75cl","p":1.99,"u":"2,65 €/L","img":"https://fd5-photos.leclercdrive.fr/image.ashx?id=2842220&use=l&cat=p&typeid=i","cat":295020},{"id":595,"n":"Sirop Frucci Fraise - 75cl","p":2.69,"u":"3,59 €/L","img":"https://fd5-photos.leclercdrive.fr/image.ashx?id=2842232&use=l&cat=p&typeid=i","cat":295020},{"id":596,"n":"Sirop Frucci Cassis - 75cl","p":2.94,"u":"3,92 €/L","img":"https://fd5-photos.leclercdrive.fr/image.ashx?id=2842238&use=l&cat=p&typeid=i","cat":295020},{"id":598,"n":"100% Pur jus de tomate Jafaden bouteille plastique -1L","p":2.05,"u":"2,05 €/L","img":"https://fd5-photos.leclercdrive.fr/image.ashx?id=2860682&use=l&cat=p&typeid=i","cat":284523},{"id":617,"n":"100% Pur jus d'orange Jafaden  Sans pulpe - 1,5L","p":2.65,"u":"1,77 €/L","img":"https://fd5-photos.leclercdrive.fr/image.ashx?id=2842468&use=l&cat=p&typeid=i","cat":284521},{"id":618,"n":"Nectar d'orange Jafaden Avec pulpe - 1L","p":1.69,"u":"1,69 €/L","img":"https://fd5-photos.leclercdrive.fr/image.ashx?id=2955638&use=l&cat=p&typeid=i","cat":284521},{"id":619,"n":"Nectar orange Jafaden 2L","p":2.52,"u":"1,26 €/L","img":"https://fd5-photos.leclercdrive.fr/image.ashx?id=2955644&use=l&cat=p&typeid=i","cat":284521},{"id":621,"n":"100% Pur jus d'orange Jafaden  Sans pulpe - 2L","p":3.49,"u":"1,75 €/L","img":"https://fd5-photos.leclercdrive.fr/image.ashx?id=2842456&use=l&cat=p&typeid=i","cat":284521},{"id":624,"n":"Pur Jus de pommes NRT De Bretagne - 1L","p":2.53,"u":"2,53 €/L","img":"https://fd5-photos.leclercdrive.fr/image.ashx?id=2590463&use=l&cat=p&typeid=i","cat":284522},{"id":627,"n":"Jus pamplemousse rose Jafaden A base de concentré - 1L","p":1.55,"u":"1,55 €/L","img":"https://fd5-photos.leclercdrive.fr/image.ashx?id=2917641&use=l&cat=p&typeid=i","cat":284914},{"id":630,"n":"Nectar Jafaden Orange banane - 2L","p":3.19,"u":"1,60 €/L","img":"https://fd5-photos.leclercdrive.fr/image.ashx?id=2955680&use=l&cat=p&typeid=i","cat":284915},{"id":655,"n":"Soda Jean's Cola Bouteille - 1,5L","p":1.09,"u":"0,73 €/L","img":"https://fd5-photos.leclercdrive.fr/image.ashx?id=2637826&use=l&cat=p&typeid=i","cat":284530},{"id":656,"n":"Soda Jean's Cola Canette - 6x33cl","p":2.26,"u":"1,14 €/L","img":"https://fd5-photos.leclercdrive.fr/image.ashx?id=2637829&use=l&cat=p&typeid=i","cat":284530},{"id":657,"n":"Soda Jean's Cola allégé Bouteille - 1,5L","p":0.87,"u":"0,58 €/L","img":"https://fd5-photos.leclercdrive.fr/image.ashx?id=2874681&use=l&cat=p&typeid=i","cat":284530},{"id":668,"n":"Limonade artisanale NRT 1L","p":2.75,"u":"2,75 €/L","img":"https://fd5-photos.leclercdrive.fr/image.ashx?id=2791066&use=l&cat=p&typeid=i","cat":284531},{"id":669,"n":"Limonade des Pyrénées NRT 6x33cl","p":3.35,"u":"1,69 €/L","img":"https://fd5-photos.leclercdrive.fr/image.ashx?id=2699807&use=l&cat=p&typeid=i","cat":284531},{"id":673,"n":"Soda Gini Citron - 1,5L","p":2.0,"u":"1,33 €/L","img":"https://fd5-photos.leclercdrive.fr/image.ashx?id=2654677&use=l&cat=p&typeid=i","cat":284532},{"id":682,"n":"Soda Pulp'Orange Bouteille - 1,5L","p":1.47,"u":"0,98 €/L","img":"https://fd5-photos.leclercdrive.fr/image.ashx?id=2922382&use=l&cat=p&typeid=i","cat":284532},{"id":683,"n":"Soda Pulp'Orange rouge Bouteille - 1,5L","p":1.59,"u":"1,06 €/L","img":"https://fd5-photos.leclercdrive.fr/image.ashx?id=2922394&use=l&cat=p&typeid=i","cat":284532},{"id":689,"n":"Thé glacé Fresh Tea Pêche - Canette -  6x33cl","p":2.49,"u":"1,26 €/L","img":"https://fd5-photos.leclercdrive.fr/image.ashx?id=2622239&use=l&cat=p&typeid=i","cat":295019},{"id":726,"n":"Bière blonde Amsterdam  Maximator 11.6% vol. - 50cl","p":1.68,"u":"3,36 €/L","img":"https://fd5-photos.leclercdrive.fr/image.ashx?id=2190897&use=l&cat=p&typeid=i","cat":334853},{"id":730,"n":"Bière Blonde Altas 7,2% - 50cl canette","p":0.92,"u":"1,84 €/L","img":"https://fd5-photos.leclercdrive.fr/image.ashx?id=1617294&use=l&cat=p&typeid=i","cat":334853},{"id":731,"n":"Bière blonde forte Falsbourg Canette - 8%vol. - 50cl","p":0.98,"u":"1,96 €/L","img":"https://fd5-photos.leclercdrive.fr/image.ashx?id=2637838&use=l&cat=p&typeid=i","cat":334853},{"id":737,"n":"Rhum blanc Lagoa 40%vol - 70cl","p":9.99,"u":"14,27 €/L","img":"https://fd5-photos.leclercdrive.fr/image.ashx?id=2966469&use=l&cat=p&typeid=i","cat":284550},{"id":742,"n":"AOP Cabernet d'Anjou vin rosé Les Caractères - BIB 3L - 11%","p":13.49,"u":"4,50 €/L","img":"https://fd5-photos.leclercdrive.fr/image.ashx?id=2940902&use=l&cat=p&typeid=i","cat":289560},{"id":744,"n":"Cidre bouché Les Goelleries Breton brut 5%vol. - 75cl","p":1.99,"u":"2,65 €/L","img":"https://fd5-photos.leclercdrive.fr/image.ashx?id=2842184&use=l&cat=p&typeid=i","cat":334880},{"id":750,"n":"Camembert de Pays Les Croisés 21% mg - 250 gr","p":1.75,"u":"7,00 €/KG","img":"https://fd5-photos.leclercdrive.fr/image.ashx?id=2974795&use=l&cat=p&typeid=i","cat":314033},{"id":751,"n":"Coulommiers Les Croisés Tendre/Onctueux - 24%mg - 350g","p":2.15,"u":"6,14 €/KG","img":"https://fd5-photos.leclercdrive.fr/image.ashx?id=2974768&use=l&cat=p&typeid=i","cat":314033},{"id":752,"n":"Petit Brie Les Croisés 32% matière grasse - 500g","p":4.31,"u":"8,62 €/KG","img":"https://fd5-photos.leclercdrive.fr/image.ashx?id=2974792&use=l&cat=p&typeid=i","cat":314033},{"id":753,"n":"Pointe de Brie Les Croisés 32% mg - 200g","p":1.45,"u":"7,25 €/KG","img":"https://fd5-photos.leclercdrive.fr/image.ashx?id=2974771&use=l&cat=p&typeid=i","cat":314033},{"id":754,"n":"Fromage Les Croisés Coeur Crème Lait pasteurisé 33%mg - 300g","p":2.29,"u":"7,63 €/KG","img":"https://fd5-photos.leclercdrive.fr/image.ashx?id=2625068&use=l&cat=p&typeid=i","cat":314033},{"id":757,"n":"Fromage Comté Entremont 32 %mg - 350g","p":5.2,"u":"14,86 €/KG","img":"https://fd5-photos.leclercdrive.fr/image.ashx?id=2983147&use=l&cat=p&typeid=i","cat":314034},{"id":760,"n":"Emmental fromage bloc Les Croisés - 250g","p":2.24,"u":"8,96 €/KG","img":"https://fd5-photos.leclercdrive.fr/image.ashx?id=2904550&use=l&cat=p&typeid=i","cat":314034},{"id":764,"n":"Fromage Bleu Les Croisés Lait pasteurisé 31% mg - 250g","p":2.29,"u":"9,16 €/KG","img":"https://fd5-photos.leclercdrive.fr/image.ashx?id=2642100&use=l&cat=p&typeid=i","cat":314032},{"id":768,"n":"Fromage de chèvre Les Croisés Lait pasteurisé 22%mg - 180g","p":2.29,"u":"12,72 €/KG","img":"https://fd5-photos.leclercdrive.fr/image.ashx?id=2048615&use=l&cat=p&typeid=i","cat":314031},{"id":769,"n":"Fromage de Brebis Les Croisés -Tranche - 200g","p":2.22,"u":"11,10 €/KG","img":"https://fd5-photos.leclercdrive.fr/image.ashx?id=2237499&use=l&cat=p&typeid=i","cat":314031},{"id":785,"n":"Rondelé ail et fines herbes 125g","p":1.7,"u":"13,60 €/KG","img":"https://fd5-photos.leclercdrive.fr/image.ashx?id=2967756&use=l&cat=p&typeid=i","cat":314029},{"id":786,"n":"Chaussée aux Moines 450g","p":3.98,"u":"8,84 €/KG","img":"https://fd5-photos.leclercdrive.fr/image.ashx?id=2771166&use=l&cat=p&typeid=i","cat":329184},{"id":787,"n":"Fromage L'Ortolan  Fromagerie Milleret - 250g","p":2.3,"u":"9,20 €/KG","img":"https://fd5-photos.leclercdrive.fr/image.ashx?id=2450913&use=l&cat=p&typeid=i","cat":314033},{"id":794,"n":"Rocamadour NRT AOP  Fromage de chèvre - 3x35g","p":2.69,"u":"25,62 €/KG","img":"https://fd5-photos.leclercdrive.fr/image.ashx?id=2954142&use=l&cat=p&typeid=i","cat":314031},{"id":795,"n":"Fromage Brique Les Croisés Lait pasteurisé 60%mg - 200g","p":1.74,"u":"8,70 €/KG","img":"https://fd5-photos.leclercdrive.fr/image.ashx?id=2615804&use=l&cat=p&typeid=i","cat":314033},{"id":796,"n":"Fromage raclette Les Croisés Tranchette lait pasteurisé 400g","p":3.89,"u":"9,73 €/KG","img":"https://fd5-photos.leclercdrive.fr/image.ashx?id=2791704&use=l&cat=p&typeid=i","cat":314037},{"id":800,"n":"Mozzarella Les Croisés - 125g","p":0.93,"u":"7,44 €/KG","img":"https://fd5-photos.leclercdrive.fr/image.ashx?id=2122682&use=l&cat=p&typeid=i","cat":314026},{"id":806,"n":"Emmental fromage rapé Les Croisés - 500g","p":3.99,"u":"7,98 €/KG","img":"https://fd5-photos.leclercdrive.fr/image.ashx?id=2832903&use=l&cat=p&typeid=i","cat":314035},{"id":807,"n":"Emmental fromage rapé Les Croisés - 200g","p":1.65,"u":"8,25 €/KG","img":"https://fd5-photos.leclercdrive.fr/image.ashx?id=2949409&use=l&cat=p&typeid=i","cat":314035},{"id":808,"n":"Emmental fromage rapé Les Croisés - 100g","p":1.1,"u":"11,00 €/KG","img":"https://fd5-photos.leclercdrive.fr/image.ashx?id=2832885&use=l&cat=p&typeid=i","cat":314035},{"id":809,"n":"Râpé Parmigiano Reggiano AOP Les Croisés - 60g","p":1.1,"u":"18,33 €/KG","img":"https://fd5-photos.leclercdrive.fr/image.ashx?id=2903944&use=l&cat=p&typeid=i","cat":314035},{"id":810,"n":"Râpé Grana Padano AOP Les Croisés - 100g","p":1.5,"u":"15,00 €/KG","img":"https://fd5-photos.leclercdrive.fr/image.ashx?id=2903935&use=l&cat=p&typeid=i","cat":314035},{"id":817,"n":"Yaourts Délisse Nature - 12x125g","p":1.85,"u":"1,23 €/KG","img":"https://fd5-photos.leclercdrive.fr/image.ashx?id=2971867&use=l&cat=p&typeid=i","cat":284409},{"id":818,"n":"Yaourts brassés Délisse  Nature - 8x125g","p":1.65,"u":"1,65 €/KG","img":"https://fd5-photos.leclercdrive.fr/image.ashx?id=2742611&use=l&cat=p&typeid=i","cat":284409},{"id":819,"n":"Yaourts brassés Délisse Nature - 16x125g","p":2.99,"u":"1,50 €/KG","img":"https://fd5-photos.leclercdrive.fr/image.ashx?id=3003049&use=l&cat=p&typeid=i","cat":284409},{"id":821,"n":"Yaourts sucrés Délisse Nature - 16x125g","p":2.69,"u":"1,35 €/KG","img":"https://fd5-photos.leclercdrive.fr/image.ashx?id=2591485&use=l&cat=p&typeid=i","cat":284409},{"id":834,"n":"Yaourts La Laitière Fruits pâtissiers - 12x125g","p":4.56,"u":"3,04 €/KG","img":"https://fd5-photos.leclercdrive.fr/image.ashx?id=2578684&use=l&cat=p&typeid=i","cat":314999},{"id":839,"n":"Yaourts crémeux Délisse Panaché de fruits - 16x125g","p":4.32,"u":"2,16 €/KG","img":"https://fd5-photos.leclercdrive.fr/image.ashx?id=2799236&use=l&cat=p&typeid=i","cat":284410},{"id":841,"n":"Yaourts brassés Délisse Panaché de fruits - 16x125g","p":3.26,"u":"1,63 €/KG","img":"https://fd5-photos.leclercdrive.fr/image.ashx?id=2494211&use=l&cat=p&typeid=i","cat":284410},{"id":842,"n":"Yaourts aux fruits Délisse Panaché de fruits - 16x125g","p":3.78,"u":"1,89 €/KG","img":"https://fd5-photos.leclercdrive.fr/image.ashx?id=2609544&use=l&cat=p&typeid=i","cat":284410},{"id":843,"n":"Yaourts Crème Délisse Stracciatella - 4x125g","p":2.04,"u":"4,08 €/KG","img":"https://fd5-photos.leclercdrive.fr/image.ashx?id=2117120&use=l&cat=p&typeid=i","cat":314999},{"id":855,"n":"Yaourts brassés Déli'light  Nature - 0% MG - 8x125g","p":2.13,"u":"2,13 €/KG","img":"https://fd5-photos.leclercdrive.fr/image.ashx?id=2865041&use=l&cat=p&typeid=i","cat":315000},{"id":871,"n":"Yaourts à boire DéliUp' Délisse Nature - 10x100g","p":2.85,"u":"2,85 €/KG","img":"https://fd5-photos.leclercdrive.fr/image.ashx?id=1713612&use=l&cat=p&typeid=i","cat":284415},{"id":872,"n":"Actifidus Delisse Nature - 12x125g","p":2.23,"u":"1,49 €/KG","img":"https://fd5-photos.leclercdrive.fr/image.ashx?id=2452666&use=l&cat=p&typeid=i","cat":315000},{"id":879,"n":"Fromage blanc sous mousse  Gervita nature - 4x100g","p":1.8,"u":"4,50 €/KG","img":"https://fd5-photos.leclercdrive.fr/image.ashx?id=2746157&use=l&cat=p&typeid=i","cat":284409},{"id":890,"n":"Fromage frais Délisse Nature 3,8% MG - 12x60g","p":1.64,"u":"2,28 €/KG","img":"https://fd5-photos.leclercdrive.fr/image.ashx?id=799431&use=l&cat=p&typeid=i","cat":284409},{"id":892,"n":"Fromage frais Duodélisse Nature - 8x100g","p":2.79,"u":"3,49 €/KG","img":"https://fd5-photos.leclercdrive.fr/image.ashx?id=2387316&use=l&cat=p&typeid=i","cat":284409},{"id":894,"n":"Fromage blanc Délisse Nature 0% MG - 8x100g","p":1.79,"u":"2,24 €/KG","img":"https://fd5-photos.leclercdrive.fr/image.ashx?id=2898817&use=l&cat=p&typeid=i","cat":315000},{"id":895,"n":"Fromage blanc Délisse Nature - 3,1% MG - 8x100g","p":1.79,"u":"2,24 €/KG","img":"https://fd5-photos.leclercdrive.fr/image.ashx?id=2923390&use=l&cat=p&typeid=i","cat":284409},{"id":897,"n":"Fromage blanc Délisse Nature 3.1% MG - 1kg","p":1.97,"u":"1,97 €/KG","img":"https://fd5-photos.leclercdrive.fr/image.ashx?id=3012788&use=l&cat=p&typeid=i","cat":284409},{"id":909,"n":"Crème dessert Danette Chocolat et lait - 6x70g","p":1.57,"u":"3,74 €/KG","img":"https://fd5-photos.leclercdrive.fr/image.ashx?id=1984855&use=l&cat=p&typeid=i","cat":285041},{"id":918,"n":"Crème dessert Délisse Café - 4x125g","p":0.89,"u":"1,78 €/KG","img":"https://fd5-photos.leclercdrive.fr/image.ashx?id=2441048&use=l&cat=p&typeid=i","cat":285041},{"id":919,"n":"Crème dessert Délisse Caramel - 4x125g","p":0.91,"u":"1,82 €/KG","img":"https://fd5-photos.leclercdrive.fr/image.ashx?id=2854204&use=l&cat=p&typeid=i","cat":285041},{"id":923,"n":"Crème dessert Délisse Panaché - 12x125g","p":2.83,"u":"1,89 €/KG","img":"https://fd5-photos.leclercdrive.fr/image.ashx?id=2465211&use=l&cat=p&typeid=i","cat":285041},{"id":924,"n":"Petit pot de crème Délisse Chocolat - 4x100g","p":1.88,"u":"4,70 €/KG","img":"https://fd5-photos.leclercdrive.fr/image.ashx?id=2544967&use=l&cat=p&typeid=i","cat":285041},{"id":926,"n":"Petit pot de crème Délisse Noix de coco - 4x100g","p":2.1,"u":"5,25 €/KG","img":"https://fd5-photos.leclercdrive.fr/image.ashx?id=2722387&use=l&cat=p&typeid=i","cat":285041},{"id":927,"n":"Petit pot de crème Délisse Caramel - 4x100g","p":1.85,"u":"4,63 €/KG","img":"https://fd5-photos.leclercdrive.fr/image.ashx?id=2556511&use=l&cat=p&typeid=i","cat":285041},{"id":933,"n":"Dessert Liégeois Délisse Chocolat Café - 8x100g","p":2.19,"u":"2,74 €/KG","img":"https://fd5-photos.leclercdrive.fr/image.ashx?id=1703227&use=l&cat=p&typeid=i","cat":285042},{"id":934,"n":"Dessert Liégeois Délisse Chocolat - 12x100g","p":3.14,"u":"2,62 €/KG","img":"https://fd5-photos.leclercdrive.fr/image.ashx?id=1868857&use=l&cat=p&typeid=i","cat":285042},{"id":936,"n":"Riz au lait Délisse  Vanille - 4x115g","p":1.35,"u":"2,93 €/KG","img":"https://fd5-photos.leclercdrive.fr/image.ashx?id=2489107&use=l&cat=p&typeid=i","cat":284418},{"id":937,"n":"Riz au lait Délisse Rhum Raisin - 4x115g","p":1.69,"u":"3,67 €/KG","img":"https://fd5-photos.leclercdrive.fr/image.ashx?id=2595089&use=l&cat=p&typeid=i","cat":284418},{"id":939,"n":"Semoule au lait Délisse Vanille - 4x115g","p":1.09,"u":"2,37 €/KG","img":"https://fd5-photos.leclercdrive.fr/image.ashx?id=2254514&use=l&cat=p&typeid=i","cat":284418},{"id":941,"n":"Mousse liégeoise Viennois  Chocolat - 8x90g","p":2.81,"u":"3,90 €/KG","img":"https://fd5-photos.leclercdrive.fr/image.ashx?id=2855043&use=l&cat=p&typeid=i","cat":284417},{"id":943,"n":"Mousse Délisse Chocolat noir - 4x60g","p":1.15,"u":"4,79 €/KG","img":"https://fd5-photos.leclercdrive.fr/image.ashx?id=3009493&use=l&cat=p&typeid=i","cat":284417},{"id":944,"n":"Mousse au chocolat Délisse Chocolat au lait - 4x60g","p":1.15,"u":"4,79 €/KG","img":"https://fd5-photos.leclercdrive.fr/image.ashx?id=3009496&use=l&cat=p&typeid=i","cat":284417},{"id":945,"n":"Mousse chocolat Délisse Noir et lait coulis - 8x60g","p":2.25,"u":"4,69 €/KG","img":"https://fd5-photos.leclercdrive.fr/image.ashx?id=3009499&use=l&cat=p&typeid=i","cat":284417},{"id":956,"n":"Baba au rhum Délisse 2x150g","p":1.49,"u":"4,97 €/KG","img":"https://fd5-photos.leclercdrive.fr/image.ashx?id=1871461&use=l&cat=p&typeid=i","cat":284419},{"id":960,"n":"Flan Délisse Vanille Caramel - 16x100g","p":2.52,"u":"1,58 €/KG","img":"https://fd5-photos.leclercdrive.fr/image.ashx?id=2858977&use=l&cat=p&typeid=i","cat":284420},{"id":970,"n":"Boisson lactée au cacao Cacolac Bouteilles - 8x20cl","p":5.49,"u":"3,43 €/L","img":"https://fd5-photos.leclercdrive.fr/image.ashx?id=2762085&use=l&cat=p&typeid=i","cat":295246},{"id":971,"n":"Lait Bio demi-écrémé Lactel UHT Bouteille - 50cl","p":1.04,"u":"2,08 €/L","img":"https://fd5-photos.leclercdrive.fr/image.ashx?id=2892763&use=l&cat=p&typeid=i","cat":284377},{"id":979,"n":"Beurre Mini Elle&Vire  Doux - 82% MG - 16P - 200g","p":2.79,"u":"13,95 €/KG","img":"https://fd5-photos.leclercdrive.fr/image.ashx?id=2528397&use=l&cat=p&typeid=i","cat":284379},{"id":983,"n":"Beurre Tendre Les Croisés Doux - 82% MG - 250g","p":2.59,"u":"10,36 €/KG","img":"https://fd5-photos.leclercdrive.fr/image.ashx?id=2778018&use=l&cat=p&typeid=i","cat":284379},{"id":984,"n":"Beurre Extra fin Les Croisés Doux - 82% MG - 250g","p":2.95,"u":"11,80 €/KG","img":"https://fd5-photos.leclercdrive.fr/image.ashx?id=2839869&use=l&cat=p&typeid=i","cat":284379},{"id":985,"n":"Beurre de Bretagne Les Croisés Doux - 82% MG - 500g","p":4.89,"u":"9,78 €/KG","img":"https://fd5-photos.leclercdrive.fr/image.ashx?id=2777976&use=l&cat=p&typeid=i","cat":284379},{"id":986,"n":"Beurre de Baratte d'Isigny NRT AOP 82% MG - Doux - 250g","p":3.05,"u":"12,20 €/KG","img":"https://fd5-photos.leclercdrive.fr/image.ashx?id=2657274&use=l&cat=p&typeid=i","cat":284379},{"id":988,"n":"Beurre Les Croisés 80% MG  Demi-sel Extra fin - 250g","p":2.39,"u":"9,56 €/KG","img":"https://fd5-photos.leclercdrive.fr/image.ashx?id=2777952&use=l&cat=p&typeid=i","cat":284379},{"id":989,"n":"Beurre Tendre Les Croisés Demi-sel - 80% MG - 250g","p":2.62,"u":"10,48 €/KG","img":"https://fd5-photos.leclercdrive.fr/image.ashx?id=2778003&use=l&cat=p&typeid=i","cat":284379},{"id":990,"n":"Beurre Tendre Les Croisés Doux - 82% MG - 250g","p":2.29,"u":"9,16 €/KG","img":"https://fd5-photos.leclercdrive.fr/image.ashx?id=2839887&use=l&cat=p&typeid=i","cat":284379},{"id":991,"n":"Beurre de Bretagne Les Croisés Demi-sel - 80% MG - 500g","p":4.89,"u":"9,78 €/KG","img":"https://fd5-photos.leclercdrive.fr/image.ashx?id=2777970&use=l&cat=p&typeid=i","cat":284379},{"id":1003,"n":"Crème UHT Elle & Vire Fluide Entière - 30% MG - 1L","p":5.21,"u":"5,21 €/L","img":"https://fd5-photos.leclercdrive.fr/image.ashx?id=3008554&use=l&cat=p&typeid=i","cat":284381},{"id":1005,"n":"Crème Chantilly sucrée Délisse Entière sous pression - 250g","p":1.95,"u":"7,80 €/KG","img":"https://fd5-photos.leclercdrive.fr/image.ashx?id=3002512&use=l&cat=p&typeid=i","cat":284382},{"id":1006,"n":"Crème Chantilly sucrée Délisse Allégée sous pression - 250g","p":1.85,"u":"7,40 €/KG","img":"https://fd5-photos.leclercdrive.fr/image.ashx?id=3002515&use=l&cat=p&typeid=i","cat":284382},{"id":1009,"n":"Crème légère semi-épaisse   Délisse 18%mg - 3x20cl","p":2.09,"u":"3,48 €/L","img":"https://fd5-photos.leclercdrive.fr/image.ashx?id=3002554&use=l&cat=p&typeid=i","cat":284381},{"id":1010,"n":"Crème entière d'Isigny AOP NRT 40cl","p":2.99,"u":"7,48 €/L","img":"https://fd5-photos.leclercdrive.fr/image.ashx?id=2255331&use=l&cat=p&typeid=i","cat":284381},{"id":1011,"n":"Crème fraîche légère Délisse Epaisse - 15% MG - 20cl","p":0.7,"u":"3,50 €/L","img":"https://fd5-photos.leclercdrive.fr/image.ashx?id=1974248&use=l&cat=p&typeid=i","cat":284381},{"id":1012,"n":"Crème fraîche légère Délisse Epaisse - 15% MG  - 50cl","p":1.55,"u":"3,10 €/L","img":"https://fd5-photos.leclercdrive.fr/image.ashx?id=3002539&use=l&cat=p&typeid=i","cat":284381},{"id":1013,"n":"Crème fraîche entière Délisse Epaisse - 30% MG - 20cl","p":0.84,"u":"4,20 €/L","img":"https://fd5-photos.leclercdrive.fr/image.ashx?id=2013155&use=l&cat=p&typeid=i","cat":284381},{"id":1014,"n":"Crème fraîche entière Délisse Epaisse - 30% MG- 50cl","p":1.95,"u":"3,90 €/L","img":"https://fd5-photos.leclercdrive.fr/image.ashx?id=3002524&use=l&cat=p&typeid=i","cat":284381},{"id":1019,"n":"Jambon Italien Saint Azay x6 - 100g","p":1.75,"u":"17,50 €/KG","img":"https://fd5-photos.leclercdrive.fr/image.ashx?id=2466871&use=l&cat=p&typeid=i","cat":316007},{"id":1022,"n":"Bacon Saint Azay x15 - 150g","p":1.79,"u":"11,93 €/KG","img":"https://fd5-photos.leclercdrive.fr/image.ashx?id=2974957&use=l&cat=p&typeid=i","cat":316007},{"id":1027,"n":"Plateau charcuteries Alsace NRT 200g","p":2.04,"u":"10,20 €/KG","img":"https://fd5-photos.leclercdrive.fr/image.ashx?id=2991479&use=l&cat=p&typeid=i","cat":316012},{"id":1029,"n":"Mini saucissons secs Saint Azay Nature - 75g","p":1.29,"u":"17,20 €/KG","img":"https://fd5-photos.leclercdrive.fr/image.ashx?id=2943617&use=l&cat=p&typeid=i","cat":316006},{"id":1032,"n":"Saucisse sèche Saint Azay Qualité supérieure - 300g","p":3.46,"u":"11,53 €/KG","img":"https://fd5-photos.leclercdrive.fr/image.ashx?id=2283978&use=l&cat=p&typeid=i","cat":316006},{"id":1033,"n":"Chorizo Doux Saint Azay 225g","p":1.89,"u":"8,40 €/KG","img":"https://fd5-photos.leclercdrive.fr/image.ashx?id=2753460&use=l&cat=p&typeid=i","cat":316006},{"id":1034,"n":"Chorizo Fort Saint Azay 225g","p":1.89,"u":"8,40 €/KG","img":"https://fd5-photos.leclercdrive.fr/image.ashx?id=2753463&use=l&cat=p&typeid=i","cat":316006},{"id":1035,"n":"Chorizo Extra Fort Saint Azay 225g","p":1.89,"u":"8,40 €/KG","img":"https://fd5-photos.leclercdrive.fr/image.ashx?id=2430686&use=l&cat=p&typeid=i","cat":316006},{"id":1069,"n":"Saucisses de Montbéliard IGP NRT - 250g","p":3.19,"u":"12,76 €/KG","img":"https://fd5-photos.leclercdrive.fr/image.ashx?id=2991470&use=l&cat=p&typeid=i","cat":316012},{"id":1070,"n":"Saucisse de Morteau NRT IGP - 350g","p":5.41,"u":"15,46 €/KG","img":"https://fd5-photos.leclercdrive.fr/image.ashx?id=2991464&use=l&cat=p&typeid=i","cat":316012},{"id":1071,"n":"Coppa italienne Saint Azay 10 tranches 100 g","p":1.98,"u":"19,80 €/KG","img":"https://fd5-photos.leclercdrive.fr/image.ashx?id=2665844&use=l&cat=p&typeid=i","cat":316007},{"id":1081,"n":"Véritables Knacks d'Alsace NRT X4 - 260g","p":2.79,"u":"10,73 €/KG","img":"https://fd5-photos.leclercdrive.fr/image.ashx?id=2991488&use=l&cat=p&typeid=i","cat":316012},{"id":1105,"n":"Carottes râpées Menu Fraîcheur  Assaisonnées - 500g","p":0.99,"u":"1,98 €/KG","img":"https://fd5-photos.leclercdrive.fr/image.ashx?id=2850811&use=l&cat=p&typeid=i","cat":333657},{"id":1106,"n":"Céleri Menu Fraîcheur  Rémoulade - 300g","p":0.99,"u":"3,30 €/KG","img":"https://fd5-photos.leclercdrive.fr/image.ashx?id=2819929&use=l&cat=p&typeid=i","cat":333657},{"id":1107,"n":"Taboulé Menu Fraîcheur A l'orientale - 300g","p":0.99,"u":"3,30 €/KG","img":"https://fd5-photos.leclercdrive.fr/image.ashx?id=2816546&use=l&cat=p&typeid=i","cat":333657},{"id":1108,"n":"Taboulé Menu Fraîcheur A l'orientale - 500g","p":1.39,"u":"2,78 €/KG","img":"https://fd5-photos.leclercdrive.fr/image.ashx?id=2816549&use=l&cat=p&typeid=i","cat":333657},{"id":1109,"n":"Taboule Menu Fraîcheur Au poulet - 300g","p":1.39,"u":"4,63 €/KG","img":"https://fd5-photos.leclercdrive.fr/image.ashx?id=2901431&use=l&cat=p&typeid=i","cat":333657},{"id":1115,"n":"Croque-monsieur Côté Croc 2x100g","p":1.36,"u":"6,80 €/KG","img":"https://fd5-photos.leclercdrive.fr/image.ashx?id=2873661&use=l&cat=p&typeid=i","cat":333671},{"id":1117,"n":"Manchons de poulet Côté Croc 250g","p":2.49,"u":"9,96 €/KG","img":"https://fd5-photos.leclercdrive.fr/image.ashx?id=2560467&use=l&cat=p&typeid=i","cat":333685},{"id":1118,"n":"Manchons de poulet Côté Croc Méxicaine - 250g","p":2.49,"u":"9,96 €/KG","img":"https://fd5-photos.leclercdrive.fr/image.ashx?id=2570031&use=l&cat=p&typeid=i","cat":333685},{"id":1121,"n":"Sandwich Côté Snack Jambon emmental - 145g","p":1.19,"u":"8,21 €/KG","img":"https://fd5-photos.leclercdrive.fr/image.ashx?id=2609547&use=l&cat=p&typeid=i","cat":333658},{"id":1123,"n":"Sandwich Côté Snack Thon crudités - 145g","p":1.19,"u":"8,21 €/KG","img":"https://fd5-photos.leclercdrive.fr/image.ashx?id=2604969&use=l&cat=p&typeid=i","cat":333658},{"id":1125,"n":"Cordons bleus Côté Croc Dinde - 200g","p":1.95,"u":"9,75 €/KG","img":"https://fd5-photos.leclercdrive.fr/image.ashx?id=2915113&use=l&cat=p&typeid=i","cat":333683},{"id":1126,"n":"Nuggets de poulet Côté Croc x10 - 200g","p":1.52,"u":"7,60 €/KG","img":"https://fd5-photos.leclercdrive.fr/image.ashx?id=2883312&use=l&cat=p&typeid=i","cat":333684},{"id":1127,"n":"Croque Fromage Père Dodu  x2 - 200g","p":1.67,"u":"8,35 €/KG","img":"https://fd5-photos.leclercdrive.fr/image.ashx?id=2956981&use=l&cat=p&typeid=i","cat":333683},{"id":1131,"n":"Escalope Bolognaise Père Dodu  Poulet x2 - 200g","p":2.62,"u":"13,10 €/KG","img":"https://fd5-photos.leclercdrive.fr/image.ashx?id=2956978&use=l&cat=p&typeid=i","cat":333683},{"id":1133,"n":"Nuggets de Poulet Père Dodu  x10 - 200g","p":2.0,"u":"10,00 €/KG","img":"https://fd5-photos.leclercdrive.fr/image.ashx?id=2956972&use=l&cat=p&typeid=i","cat":333684},{"id":1134,"n":"Nuggets de Fromage Père Dodu  x10 - 180g","p":2.27,"u":"12,61 €/KG","img":"https://fd5-photos.leclercdrive.fr/image.ashx?id=2956990&use=l&cat=p&typeid=i","cat":333684},{"id":1135,"n":"Pizza fraîche Turini Jambon fromage - 450g","p":2.39,"u":"5,31 €/KG","img":"https://fd5-photos.leclercdrive.fr/image.ashx?id=1959034&use=l&cat=p&typeid=i","cat":333679},{"id":1136,"n":"Pizza fraîche Turini 4 fromages - 450g","p":2.49,"u":"5,53 €/KG","img":"https://fd5-photos.leclercdrive.fr/image.ashx?id=2967636&use=l&cat=p&typeid=i","cat":333679},{"id":1137,"n":"Pizza Turini Chèvre lardons - 450g","p":2.58,"u":"5,73 €/KG","img":"https://fd5-photos.leclercdrive.fr/image.ashx?id=2727611&use=l&cat=p&typeid=i","cat":333679},{"id":1142,"n":"Ravioli Lustucru Selection  Boeuf - 300g","p":1.6,"u":"5,33 €/KG","img":"https://fd5-photos.leclercdrive.fr/image.ashx?id=2938659&use=l&cat=p&typeid=i","cat":333682},{"id":1144,"n":"Ravioli jambon Turini 300g","p":2.06,"u":"6,87 €/KG","img":"https://fd5-photos.leclercdrive.fr/image.ashx?id=2777997&use=l&cat=p&typeid=i","cat":333682},{"id":1145,"n":"Ravioli 4 fromages Turini 300g","p":1.49,"u":"4,97 €/KG","img":"https://fd5-photos.leclercdrive.fr/image.ashx?id=2989643&use=l&cat=p&typeid=i","cat":333682},{"id":1147,"n":"Kit Pâte à pizza Croustipate 600g","p":3.09,"u":"5,15 €/KG","img":"https://fd5-photos.leclercdrive.fr/image.ashx?id=2161651&use=l&cat=p&typeid=i","cat":333681},{"id":1149,"n":"Pâte à pizza Tablier Blanc 260g","p":1.05,"u":"4,04 €/KG","img":"https://fd5-photos.leclercdrive.fr/image.ashx?id=2041773&use=l&cat=p&typeid=i","cat":333681},{"id":1150,"n":"Pâte sablée Tablier Blanc 230g","p":1.09,"u":"4,74 €/KG","img":"https://fd5-photos.leclercdrive.fr/image.ashx?id=2635898&use=l&cat=p&typeid=i","cat":333681},{"id":1151,"n":"Pâte feuilletée Tablier Blanc Au beurre - 230g","p":1.15,"u":"5,00 €/KG","img":"https://fd5-photos.leclercdrive.fr/image.ashx?id=2635895&use=l&cat=p&typeid=i","cat":333681},{"id":1152,"n":"Pâte feuilletée Tablier Blanc Prête à dérouler - 230g","p":0.74,"u":"3,22 €/KG","img":"https://fd5-photos.leclercdrive.fr/image.ashx?id=2922388&use=l&cat=p&typeid=i","cat":333681},{"id":1154,"n":"Lardons de saumon fumé Ronde des Mers - 90g","p":3.6,"u":"40,00 €/KG","img":"https://fd5-photos.leclercdrive.fr/image.ashx?id=3004597&use=l&cat=p&typeid=i","cat":285188},{"id":1163,"n":"Mini blinis Ronde des Mers x16 - 135g","p":0.99,"u":"7,33 €/KG","img":"https://fd5-photos.leclercdrive.fr/image.ashx?id=751176&use=l&cat=p&typeid=i","cat":285191},{"id":1164,"n":"Bâtonnets surimi Pêche Océan MSC - 400g","p":2.19,"u":"5,48 €/KG","img":"https://fd5-photos.leclercdrive.fr/image.ashx?id=2981840&use=l&cat=p&typeid=i","cat":285189},{"id":1165,"n":"Bâtonnets Surimi Pêche Océan MSC - x30 - 500g","p":2.74,"u":"5,48 €/KG","img":"https://fd5-photos.leclercdrive.fr/image.ashx?id=2833099&use=l&cat=p&typeid=i","cat":285189},{"id":1166,"n":"Miettes de surimi Pêche Océan MSC - 180g","p":1.64,"u":"9,11 €/KG","img":"https://fd5-photos.leclercdrive.fr/image.ashx?id=2981861&use=l&cat=p&typeid=i","cat":285189},{"id":1169,"n":"Filets d'anchois Pêche Océan À l'huile d'olive - 105g","p":2.45,"u":"23,33 €/KG","img":"https://fd5-photos.leclercdrive.fr/image.ashx?id=2992504&use=l&cat=p&typeid=i","cat":285190},{"id":1179,"n":"Pizza Royale Turini Cuite au feu de bois - 440g","p":2.15,"u":"4,89 €/KG","img":"https://fd5-photos.leclercdrive.fr/image.ashx?id=2815199&use=l&cat=p&typeid=i","cat":284256},{"id":1180,"n":"Quiche Lorraine Côté Table 400g","p":2.49,"u":"6,23 €/KG","img":"https://fd5-photos.leclercdrive.fr/image.ashx?id=2869778&use=l&cat=p&typeid=i","cat":284257},{"id":1182,"n":"Crêpes Côté Table Jambon fromage x6 - 300g","p":1.99,"u":"6,63 €/KG","img":"https://fd5-photos.leclercdrive.fr/image.ashx?id=2932402&use=l&cat=p&typeid=i","cat":319776},{"id":1183,"n":"Crêpes Côté Table Jambon fromage x20 1kg","p":3.89,"u":"3,89 €/KG","img":"https://fd5-photos.leclercdrive.fr/image.ashx?id=2932405&use=l&cat=p&typeid=i","cat":319776},{"id":1185,"n":"Steaks hachés Charal Pur Bœuf 15% MG 10x100g - 1kg","p":13.7,"u":"13,70 €/KG","img":"https://fd5-photos.leclercdrive.fr/image.ashx?id=2659300&use=l&cat=p&typeid=i","cat":319778},{"id":1186,"n":"Haché Extra Moelleux Charal 10x100g - 1kg","p":11.43,"u":"11,43 €/KG","img":"https://fd5-photos.leclercdrive.fr/image.ashx?id=2731735&use=l&cat=p&typeid=i","cat":319778},{"id":1194,"n":"Calamars Pêche Océan A la romaine 40/60 - 500g","p":4.45,"u":"8,90 €/KG","img":"https://fd5-photos.leclercdrive.fr/image.ashx?id=2216298&use=l&cat=p&typeid=i","cat":319788},{"id":1196,"n":"Coquilles Saint-Jacques Coté Table - 4x90g","p":4.79,"u":"13,31 €/KG","img":"https://fd5-photos.leclercdrive.fr/image.ashx?id=2625071&use=l&cat=p&typeid=i","cat":319775},{"id":1197,"n":"Paëlla royale Côté Table Fruits de mer poulet 1kg","p":4.07,"u":"4,07 €/KG","img":"https://fd5-photos.leclercdrive.fr/image.ashx?id=2663353&use=l&cat=p&typeid=i","cat":284254},{"id":1200,"n":"Poêlée paysanne Côté Table 900g","p":4.3,"u":"4,78 €/KG","img":"https://fd5-photos.leclercdrive.fr/image.ashx?id=2471670&use=l&cat=p&typeid=i","cat":319823},{"id":1211,"n":"Choux fleurs Notre Jardin Fleurettes 1kg","p":1.69,"u":"1,69 €/KG","img":"https://fd5-photos.leclercdrive.fr/image.ashx?id=2873021&use=l&cat=p&typeid=i","cat":319805},{"id":1220,"n":"Carottes Notre Jardin En rondelles 1kg","p":1.09,"u":"1,09 €/KG","img":"https://fd5-photos.leclercdrive.fr/image.ashx?id=2873090&use=l&cat=p&typeid=i","cat":319805},{"id":1223,"n":"Champignons Paris Notre jardin Emincés 1kg","p":1.95,"u":"1,95 €/KG","img":"https://fd5-photos.leclercdrive.fr/image.ashx?id=2873027&use=l&cat=p&typeid=i","cat":319805},{"id":1228,"n":"Poêlée de légumes Notre jardin Champêtre - 1kg","p":2.99,"u":"2,99 €/KG","img":"https://fd5-photos.leclercdrive.fr/image.ashx?id=2832867&use=l&cat=p&typeid=i","cat":319823},{"id":1238,"n":"Pommes rissolées Pom'lisse 1kg","p":1.56,"u":"1,56 €/KG","img":"https://fd5-photos.leclercdrive.fr/image.ashx?id=2704597&use=l&cat=p&typeid=i","cat":319792},{"id":1240,"n":"Frites Pom'lisse 2.5 kg","p":4.55,"u":"1,82 €/KG","img":"https://fd5-photos.leclercdrive.fr/image.ashx?id=2699393&use=l&cat=p&typeid=i","cat":319791},{"id":1245,"n":"Pommes noisettes Pom'lisse 1kg","p":1.88,"u":"1,88 €/KG","img":"https://fd5-photos.leclercdrive.fr/image.ashx?id=2958314&use=l&cat=p&typeid=i","cat":319792},{"id":1252,"n":"Glace Smicy Vanille fraise chocolat - 345g","p":2.41,"u":"6,99 €/KG","img":"https://fd5-photos.leclercdrive.fr/image.ashx?id=2951113&use=l&cat=p&typeid=i","cat":285250},{"id":1335,"n":"Liquide vaisselle Visior Citron - 750ml","p":1.2,"u":"1,60 €/L","img":"https://fd5-photos.leclercdrive.fr/image.ashx?id=2930849&use=l&cat=p&typeid=i","cat":284655},{"id":1344,"n":"Gants jetables Mamison latex T6 x10","p":1.33,"img":"https://fd5-photos.leclercdrive.fr/image.ashx?id=554721&use=l&cat=p&typeid=i","cat":284668},{"id":1345,"n":"Gants jetables Mamison latex T8 x10","p":1.33,"img":"https://fd5-photos.leclercdrive.fr/image.ashx?id=2742691&use=l&cat=p&typeid=i","cat":284668},{"id":1346,"n":"Eponges Mamison végétales Super absorbantes x3","p":1.17,"u":"0,39 €/P","img":"https://fd5-photos.leclercdrive.fr/image.ashx?id=2458052&use=l&cat=p&typeid=i","cat":284667},{"id":1358,"n":"Nettoyant Gel avec javel Clair 1L","p":1.09,"u":"1,09 €/L","img":"https://fd5-photos.leclercdrive.fr/image.ashx?id=2705062&use=l&cat=p&typeid=i","cat":284907},{"id":1360,"n":"Eau de Javel Clair Parfum Eucalyptus - 2L","p":0.72,"u":"0,36 €/L","img":"https://fd5-photos.leclercdrive.fr/image.ashx?id=2949173&use=l&cat=p&typeid=i","cat":284661},{"id":1376,"n":"Lingettes nettoyantes Clair Sols muguet larges x15","p":1.14,"img":"https://fd5-photos.leclercdrive.fr/image.ashx?id=2593815&use=l&cat=p&typeid=i","cat":325364},{"id":1381,"n":"Dépoussiérant Clair meuble Cire 300ml","p":1.33,"u":"4,43 €/L","img":"https://fd5-photos.leclercdrive.fr/image.ashx?id=2819256&use=l&cat=p&typeid=i","cat":325364},{"id":1386,"n":"Nettoyant four Clair 500ml","p":1.53,"u":"3,06 €/L","img":"https://fd5-photos.leclercdrive.fr/image.ashx?id=2858824&use=l&cat=p&typeid=i","cat":325363},{"id":1392,"n":"Blocs wc eau bleue Syphon x2 80g","p":1.12,"u":"14,00 €/KG","img":"https://fd5-photos.leclercdrive.fr/image.ashx?id=2302537&use=l&cat=p&typeid=i","cat":284662},{"id":1401,"n":"Barquettes aluminium Elembal x10 0.5L","p":2.56,"img":"https://fd5-photos.leclercdrive.fr/image.ashx?id=2455093&use=l&cat=p&typeid=i","cat":334134},{"id":1402,"n":"Barquettes aluminium Elembal Plates 1L","p":4.4,"img":"https://fd5-photos.leclercdrive.fr/image.ashx?id=2966647&use=l&cat=p&typeid=i","cat":334134},{"id":1404,"n":"Barquettes aluminium Elembal x5 1,5L","p":2.77,"img":"https://fd5-photos.leclercdrive.fr/image.ashx?id=2455096&use=l&cat=p&typeid=i","cat":334134},{"id":1405,"n":"Barquettes aluminium Elembal x5 2L","p":3.46,"img":"https://fd5-photos.leclercdrive.fr/image.ashx?id=1733312&use=l&cat=p&typeid=i","cat":334134},{"id":1407,"n":"Film étirable Elembal 30m","p":1.2,"img":"https://fd5-photos.leclercdrive.fr/image.ashx?id=2431191&use=l&cat=p&typeid=i","cat":334134},{"id":1413,"n":"Sacs congélation Elembal Petit modèle x50","p":1.1,"img":"https://fd5-photos.leclercdrive.fr/image.ashx?id=2158155&use=l&cat=p&typeid=i","cat":334134},{"id":1414,"n":"Sacs poubelle 30L Elembal à liens classiques - x25","p":1.26,"u":"0,05 €/P","img":"https://fd5-photos.leclercdrive.fr/image.ashx?id=2958699&use=l&cat=p&typeid=i","cat":285168},{"id":1417,"n":"Sacs poubelle 100L Elembal à liens classiques - x10","p":1.54,"u":"0,15 €/P","img":"https://fd5-photos.leclercdrive.fr/image.ashx?id=2791734&use=l&cat=p&typeid=i","cat":285168},{"id":1419,"n":"Sacs poubelle Elembal 20L x20","p":1.2,"u":"0,06 €/P","img":"https://fd5-photos.leclercdrive.fr/image.ashx?id=2791728&use=l&cat=p&typeid=i","cat":285168},{"id":1427,"n":"Gel douche Manava Pétales d'Orient - 250ml","p":1.15,"u":"4,60 €/L","img":"https://fd5-photos.leclercdrive.fr/image.ashx?id=2494214&use=l&cat=p&typeid=i","cat":284594},{"id":1428,"n":"Lait de douche Manava Coeur de vanille - 250ml","p":0.94,"u":"3,76 €/L","img":"https://fd5-photos.leclercdrive.fr/image.ashx?id=2456141&use=l&cat=p&typeid=i","cat":284594},{"id":1429,"n":"Gel douche Manava Boisé - 250ml","p":1.15,"u":"4,60 €/L","img":"https://fd5-photos.leclercdrive.fr/image.ashx?id=2809653&use=l&cat=p&typeid=i","cat":284594},{"id":1435,"n":"Recharge savon mains Manava Crème Amande - 250ml","p":0.57,"u":"2,28 €/L","img":"https://fd5-photos.leclercdrive.fr/image.ashx?id=2935474&use=l&cat=p&typeid=i","cat":284597},{"id":1436,"n":"Lait de douche Manava Amande douce - 250ml","p":0.94,"u":"3,76 €/L","img":"https://fd5-photos.leclercdrive.fr/image.ashx?id=2771346&use=l&cat=p&typeid=i","cat":284594},{"id":1437,"n":"Lait de douche Manava Lait de coco - 250ml","p":0.94,"u":"3,76 €/L","img":"https://fd5-photos.leclercdrive.fr/image.ashx?id=2443176&use=l&cat=p&typeid=i","cat":284594},{"id":1441,"n":"Cire Chaude au Sucre Pure Veet Vanille 98% naturelle 250ml","p":4.64,"u":"18,56 €/L","img":"https://fd5-photos.leclercdrive.fr/image.ashx?id=2960684&use=l&cat=p&typeid=i","cat":325351},{"id":1449,"n":"Déodorant Manava fraîcheur Vanille glacée spray 200ml","p":1.39,"u":"6,95 €/L","img":"https://fd5-photos.leclercdrive.fr/image.ashx?id=2656445&use=l&cat=p&typeid=i","cat":284595},{"id":1464,"n":"Rasoirs jetables Bic 1 Sensitive - x10","p":1.4,"u":"0,14 €/P","img":"https://fd5-photos.leclercdrive.fr/image.ashx?id=2218035&use=l&cat=p&typeid=i","cat":284616},{"id":1465,"n":"Rasoirs jetables Comfort 2 Bic x10","p":2.97,"u":"0,30 €/P","img":"https://fd5-photos.leclercdrive.fr/image.ashx?id=2984862&use=l&cat=p&typeid=i","cat":284616},{"id":1473,"n":"Gel à raser Carré Homme Hydratant 200ml","p":1.69,"u":"8,45 €/L","img":"https://fd5-photos.leclercdrive.fr/image.ashx?id=2771582&use=l&cat=p&typeid=i","cat":284617},{"id":1474,"n":"Rasoirs jetables Carré Homme 2 lames - x10","p":1.5,"u":"0,15 €/P","img":"https://fd5-photos.leclercdrive.fr/image.ashx?id=2873543&use=l&cat=p&typeid=i","cat":284616},{"id":1481,"n":"Dentifrice Dentamyl Protection caries - 75ml","p":0.73,"u":"9,73 €/L","img":"https://fd5-photos.leclercdrive.fr/image.ashx?id=2699129&use=l&cat=p&typeid=i","cat":284612},{"id":1484,"n":"Brosse à dents junior Dentamyl 1 pièce","p":0.49,"img":"https://fd5-photos.leclercdrive.fr/image.ashx?id=2790901&use=l&cat=p&typeid=i","cat":288897},{"id":1486,"n":"Brosse à dents enfant Dentamyl 2-6 ans x1","p":0.51,"img":"https://fd5-photos.leclercdrive.fr/image.ashx?id=1980485&use=l&cat=p&typeid=i","cat":288897},{"id":1488,"n":"Mouchoirs blancs 4 plis Caresse Mouchoirs papier Lotion x12","p":2.28,"u":"0,19 €/P","img":"https://fd5-photos.leclercdrive.fr/image.ashx?id=2572993&use=l&cat=p&typeid=i","cat":284638},{"id":1620,"n":"Gel lavant bébé Mots d'Enfants Corps et cheveux - 250ml","p":1.49,"u":"5,96 €/L","img":"https://fd5-photos.leclercdrive.fr/image.ashx?id=3014149&use=l&cat=p&typeid=i","cat":284740},{"id":1627,"n":"Lingettes bébé Mots d'Enfants Ultra-douces - x72","p":1.75,"u":"0,02 €/P","img":"https://fd5-photos.leclercdrive.fr/image.ashx?id=2856447&use=l&cat=p&typeid=i","cat":284738},{"id":1637,"n":"Change + 2 slips maille Chorys Anatomiques - Homme/Femme - x20","p":15.94,"u":"0,80 €/P","img":"https://fd5-photos.leclercdrive.fr/image.ashx?id=2623660&use=l&cat=p&typeid=i","cat":284628},{"id":1640,"n":"Protection incontinence Chorys Rectangulaire - x24","p":4.62,"u":"0,19 €/P","img":"https://fd5-photos.leclercdrive.fr/image.ashx?id=2761980&use=l&cat=p&typeid=i","cat":284628},{"id":1654,"n":"Enveloppes adhésives Esquisse x50 11x22cm 80g","p":1.69,"u":"21,13 €/KG","img":"https://fd5-photos.leclercdrive.fr/image.ashx?id=2943181&use=l&cat=p&typeid=i","cat":284697},{"id":1655,"n":"Enveloppes adhésives Esquisse x100 11x22cm 80g","p":2.69,"img":"https://fd5-photos.leclercdrive.fr/image.ashx?id=2943184&use=l&cat=p&typeid=i","cat":284697},{"id":1656,"n":"Pochettes kraft Esquisse Adhésives 22.9x32.4cm x25","p":2.3,"img":"https://fd5-photos.leclercdrive.fr/image.ashx?id=1699690&use=l&cat=p&typeid=i","cat":284697},{"id":1657,"n":"Pochettes kraft Esquisse Adhésives 16.2x22.9cm x25","p":1.99,"img":"https://fd5-photos.leclercdrive.fr/image.ashx?id=1698655&use=l&cat=p&typeid=i","cat":284697},{"id":1683,"n":"Piles alcalines Foxter AAA/LR3 1,5V - x4","p":0.98,"img":"https://fd5-photos.leclercdrive.fr/image.ashx?id=2162150&use=l&cat=p&typeid=i","cat":300572},{"id":1684,"n":"Piles Foxter C/LR14 1.5V - x2","p":1.69,"img":"https://fd5-photos.leclercdrive.fr/image.ashx?id=2162168&use=l&cat=p&typeid=i","cat":300572},{"id":1685,"n":"Piles alcalines Foxter D/LR20 - x2","p":1.96,"img":"https://fd5-photos.leclercdrive.fr/image.ashx?id=2162171&use=l&cat=p&typeid=i","cat":300572},{"id":1686,"n":"Pile Foxter 9V/6LR61 - x1","p":1.99,"img":"https://fd5-photos.leclercdrive.fr/image.ashx?id=2162159&use=l&cat=p&typeid=i","cat":300572},{"id":1735,"n":"Croquettes chiens Tous Mes Amis Spécial Forme - 10kg","p":12.25,"u":"1,23 €/KG","img":"https://fd5-photos.leclercdrive.fr/image.ashx?id=1972608&use=l&cat=p&typeid=i","cat":284672},{"id":1751,"n":"Croquettes chat Purina One Adulte - Saumon/Céréales - 450g","p":2.53,"u":"5,62 €/KG","img":"https://fd5-photos.leclercdrive.fr/image.ashx?id=2683220&use=l&cat=p&typeid=i","cat":284680},{"id":1753,"n":"Croquettes chat Purina One Adulte - Saumon/Céréales -1.5kg","p":6.43,"u":"4,29 €/KG","img":"https://fd5-photos.leclercdrive.fr/image.ashx?id=2902268&use=l&cat=p&typeid=i","cat":284680},{"id":1754,"n":"Croquettes chat Purina One Adulte - Poulet/Céréales - 3kg","p":12.05,"u":"4,02 €/KG","img":"https://fd5-photos.leclercdrive.fr/image.ashx?id=2432007&use=l&cat=p&typeid=i","cat":284680},{"id":1756,"n":"Emincés en sauce Tous mes amis pour chats -  800g","p":1.45,"u":"1,81 €/KG","img":"https://fd5-photos.leclercdrive.fr/image.ashx?id=2606798&use=l&cat=p&typeid=i","cat":285601},{"id":1759,"n":"Croquettes chat Tous mes amis Boeuf Poulet Foie - 400g","p":1.2,"u":"3,00 €/KG","img":"https://fd5-photos.leclercdrive.fr/image.ashx?id=2301379&use=l&cat=p&typeid=i","cat":284680},{"id":1762,"n":"Croquettes chat Tous mes amis Poulet légumes - 4kg","p":5.76,"u":"1,44 €/KG","img":"https://fd5-photos.leclercdrive.fr/image.ashx?id=2301406&use=l&cat=p&typeid=i","cat":284680},{"id":1763,"n":"Croquettes chat Tous mes amis Boeuf Poulet Légumes - 2kg","p":2.79,"u":"1,40 €/KG","img":"https://fd5-photos.leclercdrive.fr/image.ashx?id=2739724&use=l&cat=p&typeid=i","cat":284680},{"id":1764,"n":"Croquettes chat Tous mes amis Poulet dinde canard olive - 2kg","p":3.62,"u":"1,81 €/KG","img":"https://fd5-photos.leclercdrive.fr/image.ashx?id=2301400&use=l&cat=p&typeid=i","cat":284680},{"id":1765,"n":"Croquettes chat Tous mes amis Saumon & Légumes - 2kg","p":2.79,"u":"1,40 €/KG","img":"https://fd5-photos.leclercdrive.fr/image.ashx?id=2301394&use=l&cat=p&typeid=i","cat":284680},{"id":1766,"n":"Croquettes chat Tous mes amis Chaton - 400g","p":1.05,"u":"2,63 €/KG","img":"https://fd5-photos.leclercdrive.fr/image.ashx?id=2503275&use=l&cat=p&typeid=i","cat":284680},{"id":1769,"n":"Barquette chats Lycat au Foie et Volaille - 100g","p":0.59,"u":"5,90 €/KG","img":"https://fd5-photos.leclercdrive.fr/image.ashx?id=2042415&use=l&cat=p&typeid=i","cat":285286},{"id":1770,"n":"Barquette chats Tous mes amis au Saumon 100g","p":0.58,"u":"5,80 €/KG","img":"https://fd5-photos.leclercdrive.fr/image.ashx?id=2042412&use=l&cat=p&typeid=i","cat":285286},{"id":1772,"n":"Sachet repas chat Tous mes amis Poissons en gelée - 12x100g","p":3.65,"u":"3,04 €/KG","img":"https://fd5-photos.leclercdrive.fr/image.ashx?id=2027592&use=l&cat=p&typeid=i","cat":285286},{"id":1775,"n":"Litière minérale Catsan Hygiène plus pour chat - 10L","p":5.22,"u":"0,52 €/L","img":"https://fd5-photos.leclercdrive.fr/image.ashx?id=2692677&use=l&cat=p&typeid=i","cat":284683},{"id":1776,"n":"Litière chats Eco+ 7L","p":1.2,"u":"0,17 €/L","img":"https://fd5-photos.leclercdrive.fr/image.ashx?id=2757509&use=l&cat=p&typeid=i","cat":284683},{"id":1786,"n":"Blocs WC Syphon Activ' effect Fraîcheur marine x3","p":1.22,"u":"0,41 €/P","img":"https://fd5-photos.leclercdrive.fr/image.ashx?id=2317294&use=l&cat=p&typeid=i","cat":284662},{"id":1798,"n":"Eponges Multi-usages Mamison grattantes - x3","p":0.89,"u":"0,30 €/P","img":"https://fd5-photos.leclercdrive.fr/image.ashx?id=2202341&use=l&cat=p&typeid=i","cat":284667},{"id":1801,"n":"Boules inox Mamison x2","p":0.44,"img":"https://fd5-photos.leclercdrive.fr/image.ashx?id=555602&use=l&cat=p&typeid=i","cat":284667},{"id":1802,"n":"Insecticide Insectivor cafards Fourmis araignées 400ml","p":2.49,"u":"6,23 €/L","img":"https://fd5-photos.leclercdrive.fr/image.ashx?id=2843039&use=l&cat=p&typeid=i","cat":298368},{"id":1806,"n":"Insecticide Insectivor guêpes Mouches moustiques - 400ml","p":2.22,"u":"5,55 €/L","img":"https://fd5-photos.leclercdrive.fr/image.ashx?id=2835008&use=l&cat=p&typeid=i","cat":298368},{"id":1821,"n":"Confiture Bonne Maman Figues violettes - 370g","p":1.84,"u":"4,97 €/KG","img":"https://fd5-photos.leclercdrive.fr/image.ashx?id=2547477&use=l&cat=p&typeid=i","cat":284480},{"id":1822,"n":"Confiture Bonne Maman Myrtilles - 370g","p":2.94,"u":"7,95 €/KG","img":"https://fd5-photos.leclercdrive.fr/image.ashx?id=2132361&use=l&cat=p&typeid=i","cat":284480},{"id":1825,"n":"Confiture Bonne Maman Cerises griottes - 370g","p":2.34,"u":"6,32 €/KG","img":"https://fd5-photos.leclercdrive.fr/image.ashx?id=2474981&use=l&cat=p&typeid=i","cat":284480},{"id":1832,"n":"Confiture Bonne Maman Oranges amères 370g","p":1.46,"u":"3,95 €/KG","img":"https://fd5-photos.leclercdrive.fr/image.ashx?id=2559184&use=l&cat=p&typeid=i","cat":284480},{"id":1835,"n":"Confiture Douceur du Verger Orange 340g","p":0.99,"u":"2,83 €/KG","img":"https://fd5-photos.leclercdrive.fr/image.ashx?id=2965434&use=l&cat=p&typeid=i","cat":284480},{"id":1847,"n":"Barres céréales Fitness Nestlé Chocolat - 6x23.5g","p":2.03,"u":"14,40 €/KG","img":"https://fd5-photos.leclercdrive.fr/image.ashx?id=2947009&use=l&cat=p&typeid=i","cat":285869},{"id":1850,"n":"Chocolat au lait Tablette d'Or Céréales croustillantes 2x100g","p":2.01,"u":"10,05 €/KG","img":"https://fd5-photos.leclercdrive.fr/image.ashx?id=2555952&use=l&cat=p&typeid=i","cat":284497},{"id":1864,"n":"Chocolat Tablette d'Or Noir amandes entières 200g","p":1.84,"u":"9,20 €/KG","img":"https://fd5-photos.leclercdrive.fr/image.ashx?id=2982886&use=l&cat=p&typeid=i","cat":284956},{"id":1865,"n":"Chocolat Tablette d'Or noir Ecorces d'orange 200g","p":2.45,"u":"12,25 €/KG","img":"https://fd5-photos.leclercdrive.fr/image.ashx?id=2654267&use=l&cat=p&typeid=i","cat":284956},{"id":1870,"n":"Tablette de chocolat Equador Noir 85% cacao - 100g","p":1.53,"u":"15,30 €/KG","img":"https://fd5-photos.leclercdrive.fr/image.ashx?id=2840734&use=l&cat=p&typeid=i","cat":284956},{"id":1871,"n":"Céréales mini-pack Kellogg's Multi-variétés - 215g","p":2.77,"u":"12,88 €/KG","img":"https://fd5-photos.leclercdrive.fr/image.ashx?id=3014467&use=l&cat=p&typeid=i","cat":309513},{"id":1874,"n":"Chocolat Tablette d'Or Noir noisettes entières 200g","p":2.05,"u":"10,25 €/KG","img":"https://fd5-photos.leclercdrive.fr/image.ashx?id=2582516&use=l&cat=p&typeid=i","cat":284956},{"id":1879,"n":"Compote Douceur du Verger Coupelle pomme poire - 4x100g","p":1.17,"u":"2,93 €/KG","img":"https://fd5-photos.leclercdrive.fr/image.ashx?id=2663470&use=l&cat=p&typeid=i","cat":284508},{"id":1883,"n":"Compote Douceur du Verger Gourdes Pomme Banane - 4x90g","p":1.59,"u":"4,42 €/KG","img":"https://fd5-photos.leclercdrive.fr/image.ashx?id=2837027&use=l&cat=p&typeid=i","cat":284508},{"id":1884,"n":"Compote Douceur du Verger Gourdes Pomme - 4x90g","p":0.99,"u":"2,75 €/KG","img":"https://fd5-photos.leclercdrive.fr/image.ashx?id=2837021&use=l&cat=p&typeid=i","cat":284508},{"id":1887,"n":"Champignons Paris Notre Jardin Pieds et morceaux - 3x115g","p":1.99,"u":"5,77 €/KG","img":"https://fd5-photos.leclercdrive.fr/image.ashx?id=2724693&use=l&cat=p&typeid=i","cat":312610},{"id":1895,"n":"Foie de morue Connétable MSC - Fumé - 121g","p":2.03,"u":"16,78 €/KG","img":"https://fd5-photos.leclercdrive.fr/image.ashx?id=2804454&use=l&cat=p&typeid=i","cat":305147},{"id":1901,"n":"Taboulé Côté Table Etui 730g","p":1.87,"u":"2,56 €/KG","img":"https://fd5-photos.leclercdrive.fr/image.ashx?id=2977093&use=l&cat=p&typeid=i","cat":325094},{"id":1902,"n":"Chips à l'ancienne Pom'Lisse Nature - 150g","p":1.04,"u":"6,93 €/KG","img":"https://fd5-photos.leclercdrive.fr/image.ashx?id=2724829&use=l&cat=p&typeid=i","cat":284447},{"id":1903,"n":"Saucisses cocktail Tokapi  240g","p":1.95,"u":"8,13 €/KG","img":"https://fd5-photos.leclercdrive.fr/image.ashx?id=2943614&use=l&cat=p&typeid=i","cat":284450},{"id":1906,"n":"Huile de tournesol Lesieur  1L","p":2.63,"u":"2,63 €/L","img":"https://fd5-photos.leclercdrive.fr/image.ashx?id=2916839&use=l&cat=p&typeid=i","cat":284453},{"id":1907,"n":"Vinaigre de Xérès AOP Maille 50cl","p":2.8,"u":"5,60 €/L","img":"https://fd5-photos.leclercdrive.fr/image.ashx?id=2769624&use=l&cat=p&typeid=i","cat":298543},{"id":1909,"n":"Olives vertes Rustica Entières - 200g","p":1.24,"u":"6,20 €/KG","img":"https://fd5-photos.leclercdrive.fr/image.ashx?id=2499073&use=l&cat=p&typeid=i","cat":284458},{"id":1913,"n":"Pâtes Barilla Coquillettes - 500g","p":0.88,"u":"1,76 €/KG","img":"https://fd5-photos.leclercdrive.fr/image.ashx?id=2392218&use=l&cat=p&typeid=i","cat":284427},{"id":1925,"n":"Petits beurre P'tit Déli x24 - 200g","p":0.95,"u":"4,75 €/KG","img":"https://fd5-photos.leclercdrive.fr/image.ashx?id=778266&use=l&cat=p&typeid=i","cat":284487},{"id":1928,"n":"Brioche vendéenne IGP NRT Tressée - 650g","p":4.06,"u":"6,25 €/KG","img":"https://fd5-photos.leclercdrive.fr/image.ashx?id=2679789&use=l&cat=p&typeid=i","cat":284478},{"id":1939,"n":"Infusion Tiséa verveine menthe x25","p":0.92,"u":"23,00 €/KG","img":"https://fd5-photos.leclercdrive.fr/image.ashx?id=2441102&use=l&cat=p&typeid=i","cat":293234},{"id":1953,"n":"Sucre n°4 Saint Louis Morceaux - 1kg","p":1.95,"u":"1,95 €/KG","img":"https://fd5-photos.leclercdrive.fr/image.ashx?id=2624236&use=l&cat=p&typeid=i","cat":284502},{"id":1955,"n":"Farine de blé T45 Tablier Blanc 1kg","p":0.69,"u":"0,69 €/KG","img":"https://fd5-photos.leclercdrive.fr/image.ashx?id=2487419&use=l&cat=p&typeid=i","cat":284503},{"id":1956,"n":"Compote Douceur du Verger Coupelle pomme banane - 4x100g","p":1.3,"u":"3,25 €/KG","img":"https://fd5-photos.leclercdrive.fr/image.ashx?id=2663461&use=l&cat=p&typeid=i","cat":284508},{"id":1962,"n":"Tablette de Chocolat Blanc Galak - 2x100g","p":2.96,"u":"14,80 €/KG","img":"https://fd5-photos.leclercdrive.fr/image.ashx?id=2769618&use=l&cat=p&typeid=i","cat":284957},{"id":1972,"n":"Eau minérale gazeuse Perrier  Bouteilles en verre 8x20cl","p":3.27,"u":"2,04 €/L","img":"https://fd5-photos.leclercdrive.fr/image.ashx?id=2587551&use=l&cat=p&typeid=i","cat":284536},{"id":1975,"n":"Sirop Frucci Menthe - 75cl","p":1.85,"u":"2,47 €/L","img":"https://fd5-photos.leclercdrive.fr/image.ashx?id=2842208&use=l&cat=p&typeid=i","cat":295020},{"id":1980,"n":"Pur Jus d'ananas Jafaden Brique élopack 1L","p":2.09,"u":"2,09 €/L","img":"https://fd5-photos.leclercdrive.fr/image.ashx?id=2955683&use=l&cat=p&typeid=i","cat":284916},{"id":1984,"n":"Thé glacé Fresh Tea Pêche - 2L","p":1.64,"u":"0,82 €/L","img":"https://fd5-photos.leclercdrive.fr/image.ashx?id=2997937&use=l&cat=p&typeid=i","cat":295019},{"id":1989,"n":"Whisky Sir Edward's 40%vol - 70cl","p":12.22,"u":"17,46 €/L","img":"https://fd5-photos.leclercdrive.fr/image.ashx?id=2503371&use=l&cat=p&typeid=i","cat":284547},{"id":1990,"n":"Scotch Whisky Label 5 40%vol - 70cl","p":13.05,"u":"18,64 €/L","img":"https://fd5-photos.leclercdrive.fr/image.ashx?id=2639468&use=l&cat=p&typeid=i","cat":284547},{"id":1994,"n":"Whisky J&B Rare 40%vol - 70cl","p":14.97,"u":"21,39 €/L","img":"https://fd5-photos.leclercdrive.fr/image.ashx?id=2301028&use=l&cat=p&typeid=i","cat":284547},{"id":1995,"n":"Whisky Ballantine's Finest Blended Scotch 40% vol - 70cl","p":15.4,"pp":14.4,"u":"20,57 €/L","img":"https://fd5-photos.leclercdrive.fr/image.ashx?id=2981298&use=l&cat=p&typeid=i","cat":284547},{"id":1997,"n":"Whisky Clan Campbell Blended Scotch 40% vol - 70cl","p":14.45,"u":"20,64 €/L","img":"https://fd5-photos.leclercdrive.fr/image.ashx?id=2868365&use=l&cat=p&typeid=i","cat":284547},{"id":1998,"n":"Whiskey Irlandais Jameson  40% vol - 70cl","p":19.9,"pp":16.9,"u":"24,14 €/L","img":"https://fd5-photos.leclercdrive.fr/image.ashx?id=2866025&use=l&cat=p&typeid=i","cat":284547},{"id":2001,"n":"Pastis Ricard Anisé 45% vol - 1L","p":19.89,"pp":18.89,"u":"18,89 €/L","img":"https://fd5-photos.leclercdrive.fr/image.ashx?id=2947820&use=l&cat=p&typeid=i","cat":284548},{"id":2002,"n":"Pastis de Marseille Vivalis 45%vol - 1L","p":17.02,"u":"17,02 €/L","img":"https://fd5-photos.leclercdrive.fr/image.ashx?id=2699639&use=l&cat=p&typeid=i","cat":284548},{"id":2003,"n":"Vodka premium Eristoff Original 37,5° - 70cl","p":11.99,"u":"17,13 €/L","img":"https://fd5-photos.leclercdrive.fr/image.ashx?id=2850734&use=l&cat=p&typeid=i","cat":284550},{"id":2005,"n":"Vodka Smirnoff 37.5%vol - 70cl","p":13.3,"pp":10.64,"u":"15,20 €/L","img":"https://fd5-photos.leclercdrive.fr/image.ashx?id=1897294&use=l&cat=p&typeid=i","cat":284550},{"id":2006,"n":"Vodka Novotna  Pure grain 37.5%vol - 70cl","p":10.59,"u":"15,13 €/L","img":"https://fd5-photos.leclercdrive.fr/image.ashx?id=1654441&use=l&cat=p&typeid=i","cat":284550},{"id":2007,"n":"Rhum blanc Bacardi Carta Blanca 37,5° - 70cl","p":14.69,"u":"20,99 €/L","img":"https://fd5-photos.leclercdrive.fr/image.ashx?id=2833933&use=l&cat=p&typeid=i","cat":284550},{"id":2010,"n":"Rhum blanc Old Nick  40%vol - 70cl","p":10.53,"pp":9.48,"u":"13,54 €/L","img":"https://fd5-photos.leclercdrive.fr/image.ashx?id=2483747&use=l&cat=p&typeid=i","cat":284550},{"id":2012,"n":"Rhum ambré Negrita 40%vol - 1L","p":13.98,"u":"13,98 €/L","img":"https://fd5-photos.leclercdrive.fr/image.ashx?id=2519633&use=l&cat=p&typeid=i","cat":284550},{"id":2015,"n":"Liqueur The Original Baileys Irish Cream 17%vol - 70cl","p":12.31,"u":"17,59 €/L","img":"https://fd5-photos.leclercdrive.fr/image.ashx?id=2536059&use=l&cat=p&typeid=i","cat":286032},{"id":2018,"n":"Rhum Lagoa 40%vol - 50cl","p":7.0,"u":"14,00 €/L","img":"https://fd5-photos.leclercdrive.fr/image.ashx?id=2966487&use=l&cat=p&typeid=i","cat":284550},{"id":2019,"n":"Sucre de canne Lagoa 70cl","p":1.65,"u":"2,36 €/L","img":"https://fd5-photos.leclercdrive.fr/image.ashx?id=2966472&use=l&cat=p&typeid=i","cat":284551},{"id":2021,"n":"Apéritif Suze L'Originale 15% vol - 1L","p":9.3,"pp":8.3,"u":"8,30 €/L","img":"https://fd5-photos.leclercdrive.fr/image.ashx?id=2914462&use=l&cat=p&typeid=i","cat":284913},{"id":2024,"n":"Rivesaltes ambré G. d'Arria 16%vol - 75cl","p":4.28,"u":"5,71 €/L","img":"https://fd5-photos.leclercdrive.fr/image.ashx?id=2974738&use=l&cat=p&typeid=i","cat":284913},{"id":2025,"n":"Muscat de Rivesaltes G. d'Arria 15.5%vol - 75cl","p":4.99,"u":"6,65 €/L","img":"https://fd5-photos.leclercdrive.fr/image.ashx?id=2974744&use=l&cat=p&typeid=i","cat":284913},{"id":2028,"n":"AOP Bordeaux rouge Baron de Lestac - 75cl","p":3.64,"u":"4,85 €/L","img":"https://fd5-photos.leclercdrive.fr/image.ashx?id=2471148&use=l&cat=p&typeid=i","cat":289556},{"id":2029,"n":"AOP Bordeaux rouge Malesan - 75 cl","p":4.45,"u":"5,93 €/L","img":"https://fd5-photos.leclercdrive.fr/image.ashx?id=2917432&use=l&cat=p&typeid=i","cat":289556},{"id":2044,"n":"IGP Pays d'Oc Merlot vin rouge Vieux Carion 13% vol -75 cl","p":2.25,"u":"3,00 €/L","img":"https://fd5-photos.leclercdrive.fr/image.ashx?id=2764724&use=l&cat=p&typeid=i","cat":289556},{"id":2045,"n":"IGP Pays d'Oc vin rouge Vieux Carion 12.5% vol -75 cl","p":2.25,"u":"3,00 €/L","img":"https://fd5-photos.leclercdrive.fr/image.ashx?id=2800267&use=l&cat=p&typeid=i","cat":289556},{"id":2049,"n":"IGP Pays d'Oc Gris vin rosé Rives & Terrasses - 75cl -12,5%","p":2.89,"u":"3,85 €/L","img":"https://fd5-photos.leclercdrive.fr/image.ashx?id=2920918&use=l&cat=p&typeid=i","cat":289558},{"id":2058,"n":"IGP Pays d'Oc Sauvignon Blanc Vieux Carion 12% vol -75 cl","p":2.25,"u":"3,00 €/L","img":"https://fd5-photos.leclercdrive.fr/image.ashx?id=2879937&use=l&cat=p&typeid=i","cat":289557},{"id":2072,"n":"AOP Champagne Mumm Cordon Rouge Brut 12% vol - 75cl","p":28.9,"pp":27.9,"u":"37,20 €/L","img":"https://fd5-photos.leclercdrive.fr/image.ashx?id=3011005&use=l&cat=p&typeid=i","cat":284542},{"id":2073,"n":"AOC Champagne brut rosé Pol Carson - 75cl","p":19.95,"u":"26,60 €/L","img":"https://fd5-photos.leclercdrive.fr/image.ashx?id=2909876&use=l&cat=p&typeid=i","cat":284542},{"id":2074,"n":"AOP Champagne demi-sec blanc Pol Carson - 75cl","p":17.99,"u":"23,99 €/L","img":"https://fd5-photos.leclercdrive.fr/image.ashx?id=2909846&use=l&cat=p&typeid=i","cat":284542},{"id":2075,"n":"AOP Champagne brut Pol Carson - 75cl","p":17.99,"u":"23,99 €/L","img":"https://fd5-photos.leclercdrive.fr/image.ashx?id=2909843&use=l&cat=p&typeid=i","cat":284542},{"id":2078,"n":"Pétillant Gibus pomme Sans alcool 75cl","p":2.39,"u":"3,19 €/L","img":"https://fd5-photos.leclercdrive.fr/image.ashx?id=1887586&use=l&cat=p&typeid=i","cat":289460},{"id":2079,"n":"Cidre bouché Les Goelleries Breton doux 2%vol. - 75cl","p":2.12,"u":"2,83 €/L","img":"https://fd5-photos.leclercdrive.fr/image.ashx?id=2842190&use=l&cat=p&typeid=i","cat":334880},{"id":2080,"n":"Pétillant de Listel Raisin - 2.5%vol - 75cl","p":4.16,"u":"5,55 €/L","img":"https://fd5-photos.leclercdrive.fr/image.ashx?id=2522086&use=l&cat=p&typeid=i","cat":284544},{"id":2082,"n":"AOP Crémant d'Alsace brut Rebmann - 75 cl","p":5.95,"u":"7,93 €/L","img":"https://fd5-photos.leclercdrive.fr/image.ashx?id=2888935&use=l&cat=p&typeid=i","cat":284545},{"id":2090,"n":"Emmental fromage bloc Les Croisés - 500g","p":4.19,"u":"8,38 €/KG","img":"https://fd5-photos.leclercdrive.fr/image.ashx?id=2897769&use=l&cat=p&typeid=i","cat":314034},{"id":2092,"n":"Bûche de chèvre Saint-Maure LEs Croisés 25% MG - 200g","p":2.06,"u":"10,30 €/KG","img":"https://fd5-photos.leclercdrive.fr/image.ashx?id=2894719&use=l&cat=p&typeid=i","cat":314031},{"id":2095,"n":"Emmental Fromage râpé Les Croisés - 3x70g","p":1.89,"u":"9,00 €/KG","img":"https://fd5-photos.leclercdrive.fr/image.ashx?id=2949406&use=l&cat=p&typeid=i","cat":314035},{"id":2104,"n":"Mousse à la liégeoise Délisse Chocolat - 8x80g","p":2.35,"u":"3,67 €/KG","img":"https://fd5-photos.leclercdrive.fr/image.ashx?id=3009490&use=l&cat=p&typeid=i","cat":284417},{"id":2109,"n":"Matin Léger de Lactel Sans lactose 1.2% mg - 1L","p":1.64,"u":"1,64 €/L","img":"https://fd5-photos.leclercdrive.fr/image.ashx?id=2883122&use=l&cat=p&typeid=i","cat":317169},{"id":2111,"n":"Beurre Extra fin Les Croisés Doux - 82% MG - 250g","p":2.35,"u":"9,40 €/KG","img":"https://fd5-photos.leclercdrive.fr/image.ashx?id=2791224&use=l&cat=p&typeid=i","cat":284379},{"id":2112,"n":"Sauce Béchamel Bridélice 3x20cl","p":3.03,"u":"5,05 €/L","img":"https://fd5-photos.leclercdrive.fr/image.ashx?id=2888458&use=l&cat=p&typeid=i","cat":284382},{"id":2114,"n":"Saucisse sèche Saint Azay Qualité supérieure - 250g","p":2.99,"u":"11,96 €/KG","img":"https://fd5-photos.leclercdrive.fr/image.ashx?id=1966346&use=l&cat=p&typeid=i","cat":316006},{"id":2121,"n":"Carottes râpées Menu Fraîcheur  Assaisonnées - 300g","p":0.69,"u":"2,30 €/KG","img":"https://fd5-photos.leclercdrive.fr/image.ashx?id=2816552&use=l&cat=p&typeid=i","cat":333657},{"id":2125,"n":"Tagliatelle fraîche Turini 350g","p":1.19,"u":"3,40 €/KG","img":"https://fd5-photos.leclercdrive.fr/image.ashx?id=2846514&use=l&cat=p&typeid=i","cat":333682},{"id":2126,"n":"Pâte brisée Tablier Blanc Prête à dérouler - 230g","p":0.65,"u":"2,83 €/KG","img":"https://fd5-photos.leclercdrive.fr/image.ashx?id=2922385&use=l&cat=p&typeid=i","cat":333681},{"id":2128,"n":"Bâtonnets Surimi Pêche Océan MSC - x12 - 200g","p":1.38,"u":"6,90 €/KG","img":"https://fd5-photos.leclercdrive.fr/image.ashx?id=2981837&use=l&cat=p&typeid=i","cat":285189},{"id":2129,"n":"Tarama Ronde des mers  Aux oeufs de cabillaud - 100g","p":0.99,"u":"9,90 €/KG","img":"https://fd5-photos.leclercdrive.fr/image.ashx?id=2824600&use=l&cat=p&typeid=i","cat":315999},{"id":2130,"n":"Filets d'anchois Pêche Océan Huile d'olive - 50g","p":1.36,"u":"27,20 €/KG","img":"https://fd5-photos.leclercdrive.fr/image.ashx?id=1671613&use=l&cat=p&typeid=i","cat":285190},{"id":2139,"n":"Gants jetables Mamison latex T7 x10","p":1.33,"img":"https://fd5-photos.leclercdrive.fr/image.ashx?id=2742688&use=l&cat=p&typeid=i","cat":284668},{"id":2141,"n":"Crème nettoyante Clair 3en1 - 750ml","p":1.15,"u":"1,53 €/L","img":"https://fd5-photos.leclercdrive.fr/image.ashx?id=2868310&use=l&cat=p&typeid=i","cat":325357},{"id":2164,"n":"Enveloppes Esquisse adhésives C6 100x80g","p":2.39,"img":"https://fd5-photos.leclercdrive.fr/image.ashx?id=1928740&use=l&cat=p&typeid=i","cat":284697},{"id":2166,"n":"Piles Foxter AA/LR6 1,5V - x4","p":0.99,"u":"0,25 €/P","img":"https://fd5-photos.leclercdrive.fr/image.ashx?id=2162156&use=l&cat=p&typeid=i","cat":300572},{"id":2175,"n":"Sucre cristal Saint Louis Sachet 1 kg","p":2.13,"u":"2,13 €/KG","img":"https://fd5-photos.leclercdrive.fr/image.ashx?id=2624245&use=l&cat=p&typeid=i","cat":284502},{"id":2179,"n":"Barres céréales Special K  Kellogg's Chocolat - 6x21,5g","p":2.14,"u":"16,59 €/KG","img":"https://fd5-photos.leclercdrive.fr/image.ashx?id=3011113&use=l&cat=p&typeid=i","cat":285869},{"id":2187,"n":"Mascarpone Les Croisés - 250g","p":1.78,"u":"7,12 €/KG","img":"https://fd5-photos.leclercdrive.fr/image.ashx?id=2123620&use=l&cat=p&typeid=i","cat":314026},{"id":2193,"n":"Film étirable Elembal 2en1 20m","p":1.25,"img":"https://fd5-photos.leclercdrive.fr/image.ashx?id=2059962&use=l&cat=p&typeid=i","cat":334134},{"id":2194,"n":"Sacs congélation Elembal Moyen modèle x50","p":1.08,"img":"https://fd5-photos.leclercdrive.fr/image.ashx?id=2257205&use=l&cat=p&typeid=i","cat":334134},{"id":2195,"n":"Sacs poubelle 30L Elembal Poignées coulissantes - x20","p":2.11,"u":"0,11 €/P","img":"https://fd5-photos.leclercdrive.fr/image.ashx?id=2791740&use=l&cat=p&typeid=i","cat":285168},{"id":2198,"n":"Cassoulet La Belle Chaurienne Porc 4/4 840g","p":4.63,"u":"5,51 €/KG","img":"https://fd5-photos.leclercdrive.fr/image.ashx?id=2837355&use=l&cat=p&typeid=i","cat":284440},{"id":2199,"n":"Cassoulet La Belle Chaurienne Canard 4/4 840g","p":5.15,"u":"6,13 €/KG","img":"https://fd5-photos.leclercdrive.fr/image.ashx?id=2837340&use=l&cat=p&typeid=i","cat":284440},{"id":2200,"n":"Muffins nature Epi d'Or x4 - 250g","p":1.51,"u":"6,04 €/KG","img":"https://fd5-photos.leclercdrive.fr/image.ashx?id=2939052&use=l&cat=p&typeid=i","cat":284985},{"id":2201,"n":"Pastis 51 Anisé 45% vol - 1L","p":20.04,"u":"20,04 €/L","img":"https://fd5-photos.leclercdrive.fr/image.ashx?id=2998916&use=l&cat=p&typeid=i","cat":284548},{"id":2203,"n":"Palermo rouge Sans alcool - 1L","p":3.54,"u":"3,54 €/L","img":"https://fd5-photos.leclercdrive.fr/image.ashx?id=1866952&use=l&cat=p&typeid=i","cat":284549},{"id":2217,"n":"Soin dents Polident Anti-bactérien comprimés x108","p":4.02,"u":"0,04 €/P","img":"https://fd5-photos.leclercdrive.fr/image.ashx?id=2557242&use=l&cat=p&typeid=i","cat":285158},{"id":2224,"n":"Boisson lactée Candy'UP Chocolat - 6x20cl","p":2.68,"u":"2,23 €/L","img":"https://fd5-photos.leclercdrive.fr/image.ashx?id=2485635&use=l&cat=p&typeid=i","cat":295246},{"id":2228,"n":"Eau de toilette Scorpio rouge Flacon - 75ml","p":8.12,"u":"108,27 €/L","img":"https://fd5-photos.leclercdrive.fr/image.ashx?id=2329777&use=l&cat=p&typeid=i","cat":287740},{"id":2237,"n":"Arôme Fleur d'oranger Vahiné 200ml","p":1.51,"u":"7,55 €/L","img":"https://fd5-photos.leclercdrive.fr/image.ashx?id=2983231&use=l&cat=p&typeid=i","cat":284504},{"id":2238,"n":"Arôme vanille Vahiné 200ml","p":2.67,"u":"13,35 €/L","img":"https://fd5-photos.leclercdrive.fr/image.ashx?id=2490551&use=l&cat=p&typeid=i","cat":284504},{"id":2239,"n":"Gélatine alimentaire Vahiné 9 feuilles - 17g","p":1.23,"u":"72,35 €/KG","img":"https://fd5-photos.leclercdrive.fr/image.ashx?id=2876305&use=l&cat=p&typeid=i","cat":284504},{"id":2257,"n":"Crème Hydratante Soft Nivea Visage Corps Mains - 75ml","p":1.57,"u":"22,43 €/L","img":"https://fd5-photos.leclercdrive.fr/image.ashx?id=3005215&use=l&cat=p&typeid=i","cat":325350},{"id":2259,"n":"Crème Hydratante Soft Nivea Visage Corps Mains - 200ml","p":2.88,"u":"14,40 €/L","img":"https://fd5-photos.leclercdrive.fr/image.ashx?id=3014608&use=l&cat=p&typeid=i","cat":325350},{"id":2276,"n":"Antiseptique Mercurochrome Incolore spray - 100ml","p":2.77,"u":"27,70 €/L","img":"https://fd5-photos.leclercdrive.fr/image.ashx?id=2662268&use=l&cat=p&typeid=i","cat":284630},{"id":2277,"n":"Gel lubrifiant Intimy Classic - 70ml","p":3.97,"u":"56,71 €/L","img":"https://fd5-photos.leclercdrive.fr/image.ashx?id=2927330&use=l&cat=p&typeid=i","cat":285160},{"id":2279,"n":"Eau oxygénée Mercurochrome 200ml","p":1.8,"u":"9,00 €/L","img":"https://fd5-photos.leclercdrive.fr/image.ashx?id=2663980&use=l&cat=p&typeid=i","cat":284630},{"id":2280,"n":"Compresses stériles Mercurochrome - x60","p":6.84,"u":"0,11 €/P","img":"https://fd5-photos.leclercdrive.fr/image.ashx?id=2731483&use=l&cat=p&typeid=i","cat":284630},{"id":2281,"n":"Pansements Mercurochrome Famille x50","p":3.42,"u":"0,07 €/P","img":"https://fd5-photos.leclercdrive.fr/image.ashx?id=2731471&use=l&cat=p&typeid=i","cat":284630},{"id":2282,"n":"Bandes à découper Mercurochrome 6cm x10","p":2.57,"img":"https://fd5-photos.leclercdrive.fr/image.ashx?id=2719027&use=l&cat=p&typeid=i","cat":284630},{"id":2305,"n":"Lait Démaquillant Mixa  Anti-dessèchement - 200ml","p":2.79,"u":"13,95 €/L","img":"https://fd5-photos.leclercdrive.fr/image.ashx?id=2285390&use=l&cat=p&typeid=i","cat":284603},{"id":2317,"n":"Mousse Coiffante Franck Provost Cheveux Bouclés - 200ml","p":4.29,"u":"21,45 €/L","img":"https://fd5-photos.leclercdrive.fr/image.ashx?id=2575606&use=l&cat=p&typeid=i","cat":284609},{"id":2322,"n":"Mousse Coiffante Dop Vivelle Extra boucle - 150ml","p":2.95,"u":"19,67 €/L","img":"https://fd5-photos.leclercdrive.fr/image.ashx?id=2574823&use=l&cat=p&typeid=i","cat":284609},{"id":2324,"n":"Eau Micellaire vitaminée Mixa Peaux Sensibles - 200ml","p":2.79,"u":"13,95 €/L","img":"https://fd5-photos.leclercdrive.fr/image.ashx?id=2445334&use=l&cat=p&typeid=i","cat":284603},{"id":2331,"n":"Lait Bio demi-écrémé Lactel UHT Bouteille - 1l","p":1.57,"u":"1,57 €/L","img":"https://fd5-photos.leclercdrive.fr/image.ashx?id=2886915&use=l&cat=p&typeid=i","cat":284377},{"id":2336,"n":"Baume soin Après-Rasage Mennen Peaux Sensibles - 100ml","p":3.59,"u":"35,90 €/L","img":"https://fd5-photos.leclercdrive.fr/image.ashx?id=2517905&use=l&cat=p&typeid=i","cat":288147},{"id":2338,"n":"Lotion Après-Rasage Mennen Apaisante - 125ml","p":3.61,"u":"28,88 €/L","img":"https://fd5-photos.leclercdrive.fr/image.ashx?id=2469620&use=l&cat=p&typeid=i","cat":288147},{"id":2373,"n":"Activateur biologique Eparcyl  Liquide fosse septique - 500 ml","p":6.18,"u":"12,36 €/L","img":"https://fd5-photos.leclercdrive.fr/image.ashx?id=2144059&use=l&cat=p&typeid=i","cat":284908},{"id":2438,"n":"Eponges Spontex grattantes Stop-graisse x2","p":1.24,"u":"0,62 €/P","img":"https://fd5-photos.leclercdrive.fr/image.ashx?id=2973078&use=l&cat=p&typeid=i","cat":284667},{"id":2441,"n":"Préservatifs Durex Love Faciles et rapides à poser x6","p":2.66,"u":"0,44 €/P","img":"https://fd5-photos.leclercdrive.fr/image.ashx?id=2963895&use=l&cat=p&typeid=i","cat":284631},{"id":2450,"n":"Briquets Bic Mini - x4","p":3.5,"u":"0,88 €/P","img":"https://fd5-photos.leclercdrive.fr/image.ashx?id=2293913&use=l&cat=p&typeid=i","cat":300578},{"id":2484,"n":"Dentifrice Signal Haleine Pure 75ml","p":1.27,"u":"16,93 €/L","img":"https://fd5-photos.leclercdrive.fr/image.ashx?id=1984459&use=l&cat=p&typeid=i","cat":284612},{"id":2505,"n":"Crème au chocolat GERLINEA   Repas minceur - 3x210g","p":4.45,"u":"7,06 €/KG","img":"https://fd5-photos.leclercdrive.fr/image.ashx?id=2653450&use=l&cat=p&typeid=i","cat":318652},{"id":2506,"n":"Coupelle crème Gerlinea Vanille caramel -  3x210g","p":4.29,"u":"6,81 €/KG","img":"https://fd5-photos.leclercdrive.fr/image.ashx?id=2653453&use=l&cat=p&typeid=i","cat":318652},{"id":2510,"n":"Biscuits soja figue GERBLE   - 4x4, 270g","p":1.97,"u":"7,30 €/KG","img":"https://fd5-photos.leclercdrive.fr/image.ashx?id=2812720&use=l&cat=p&typeid=i","cat":318651},{"id":2511,"n":"Biscuits diététiques Gerblé Soja Orange - 280g","p":1.48,"u":"5,29 €/KG","img":"https://fd5-photos.leclercdrive.fr/image.ashx?id=2623166&use=l&cat=p&typeid=i","cat":318651},{"id":2530,"n":"Salade Notre Jardin Mâche - 125g","p":0.95,"u":"7,60 €/KG","img":"https://fd5-photos.leclercdrive.fr/image.ashx?id=2739514&use=l&cat=p&typeid=i","cat":284353},{"id":2532,"n":"Laitue Iceberg Notre Jardin 300g","p":0.89,"u":"2,97 €/KG","img":"https://fd5-photos.leclercdrive.fr/image.ashx?id=2727368&use=l&cat=p&typeid=i","cat":284353},{"id":2568,"n":"Laque Cheveux L'Oréal Paris Fixation forte - 150ml","p":3.89,"u":"25,93 €/L","img":"https://fd5-photos.leclercdrive.fr/image.ashx?id=2576157&use=l&cat=p&typeid=i","cat":284609},{"id":2570,"n":"Spray Cheveux L'Oréal Paris Fixation Normale - 150ml","p":4.09,"u":"27,27 €/L","img":"https://fd5-photos.leclercdrive.fr/image.ashx?id=2576160&use=l&cat=p&typeid=i","cat":284609},{"id":2571,"n":"Gel Coiffant L'Oréal Paris Ultra Fixant 24H - 150ml","p":3.49,"u":"23,27 €/L","img":"https://fd5-photos.leclercdrive.fr/image.ashx?id=2576163&use=l&cat=p&typeid=i","cat":284609},{"id":2574,"n":"Gel Coiffant L'Oréal Paris Gel Ultra Fixant 24h - 150ml","p":3.94,"u":"26,27 €/L","img":"https://fd5-photos.leclercdrive.fr/image.ashx?id=2833240&use=l&cat=p&typeid=i","cat":284609},{"id":2576,"n":"Soin anti-âge L'Oréal Paris Age Perfect - 50ml","p":7.46,"u":"149,20 €/L","img":"https://fd5-photos.leclercdrive.fr/image.ashx?id=2867356&use=l&cat=p&typeid=i","cat":325345},{"id":2588,"n":"Eau minérale Thonon 6x1.5L","p":3.12,"u":"0,35 €/L","img":"https://fd5-photos.leclercdrive.fr/image.ashx?id=2915557&use=l&cat=p&typeid=i","cat":284535},{"id":2593,"n":"Eau minérale naturelle Contrex 6x50cl","p":2.11,"u":"0,70 €/L","img":"https://fd5-photos.leclercdrive.fr/image.ashx?id=2731714&use=l&cat=p&typeid=i","cat":284535},{"id":2612,"n":"Lait demi-écrémé UHT Délisse  Brique - 6x1L","p":5.94,"u":"0,99 €/L","img":"https://fd5-photos.leclercdrive.fr/image.ashx?id=2970542&use=l&cat=p&typeid=i","cat":284377},{"id":2614,"n":"Lait demi-écrémé Délisse UHT Bouteille -  6x50cl","p":4.74,"u":"1,58 €/L","img":"https://fd5-photos.leclercdrive.fr/image.ashx?id=2970557&use=l&cat=p&typeid=i","cat":284377},{"id":2649,"n":"Eau de source de Montagne 6x1.5L","p":1.68,"u":"0,19 €/L","img":"https://fd5-photos.leclercdrive.fr/image.ashx?id=2727617&use=l&cat=p&typeid=i","cat":284535},{"id":2650,"n":"Whisky William Lawson's Finest Blend 40° - 100cl","p":17.88,"u":"17,88 €/L","img":"https://fd5-photos.leclercdrive.fr/image.ashx?id=2966134&use=l&cat=p&typeid=i","cat":284547},{"id":2684,"n":"Fromage Camembert NRT AOP  de Normandie - 250g","p":3.39,"u":"13,56 €/KG","img":"https://fd5-photos.leclercdrive.fr/image.ashx?id=2188712&use=l&cat=p&typeid=i","cat":314033},{"id":2722,"n":"Yaourts aromatisés Délisse Vanille - 8x125g","p":2.58,"u":"2,58 €/KG","img":"https://fd5-photos.leclercdrive.fr/image.ashx?id=1541381&use=l&cat=p&typeid=i","cat":286006},{"id":2729,"n":"Pistaches grillées à sec Tokapi 300g","p":3.86,"u":"12,87 €/KG","img":"https://fd5-photos.leclercdrive.fr/image.ashx?id=2795541&use=l&cat=p&typeid=i","cat":284448},{"id":2734,"n":"Eau de source Eco+ 6x 1.5L","p":1.14,"u":"0,13 €/L","img":"https://fd5-photos.leclercdrive.fr/image.ashx?id=2905880&use=l&cat=p&typeid=i","cat":284535},{"id":2737,"n":"Eau minérale Des Alpes  6x1.5L","p":2.1,"u":"0,23 €/L","img":"https://fd5-photos.leclercdrive.fr/image.ashx?id=2768667&use=l&cat=p&typeid=i","cat":284535},{"id":2742,"n":"Eau gazeuse San Pellegrino Minérale naturelle - 6x1L","p":3.84,"u":"0,64 €/L","img":"https://fd5-photos.leclercdrive.fr/image.ashx?id=2740316&use=l&cat=p&typeid=i","cat":284536},{"id":2743,"n":"Eau gazeuse  Badoit verte finement pétillante - 6x50cl","p":2.77,"u":"0,92 €/L","img":"https://fd5-photos.leclercdrive.fr/image.ashx?id=2983081&use=l&cat=p&typeid=i","cat":284536},{"id":2757,"n":"Lait Bio demi-écrémé Lactel  UHT Bouteille - 6x1l","p":9.43,"u":"1,57 €/L","img":"https://fd5-photos.leclercdrive.fr/image.ashx?id=2886918&use=l&cat=p&typeid=i","cat":284377},{"id":2758,"n":"Lait Matin Léger de Lactel Sans lactose 1.2% mg - 6x50cl","p":6.66,"u":"2,22 €/L","img":"https://fd5-photos.leclercdrive.fr/image.ashx?id=2883564&use=l&cat=p&typeid=i","cat":317169},{"id":2776,"n":"Crème Mains Réparatrice Mixa Mains abîmées - 100ml","p":2.16,"u":"21,60 €/L","img":"https://fd5-photos.leclercdrive.fr/image.ashx?id=2276024&use=l&cat=p&typeid=i","cat":325354},{"id":2777,"n":"Crème mains protectrice Mixa Anti-dessèchement - 100ml","p":2.16,"u":"21,60 €/L","img":"https://fd5-photos.leclercdrive.fr/image.ashx?id=2299873&use=l&cat=p&typeid=i","cat":325354},{"id":2779,"n":"Whisky William Lawson's Finest Blend 40° - 70cl","p":13.7,"u":"19,57 €/L","img":"https://fd5-photos.leclercdrive.fr/image.ashx?id=2848340&use=l&cat=p&typeid=i","cat":284547},{"id":2783,"n":"Eau gazeuse Vernière 6x1.25L","p":2.84,"u":"0,38 €/L","img":"https://fd5-photos.leclercdrive.fr/image.ashx?id=2732917&use=l&cat=p&typeid=i","cat":284536},{"id":2799,"n":"Fromage frais Délisse Fruits panachés - 24x50g","p":2.88,"u":"2,40 €/KG","img":"https://fd5-photos.leclercdrive.fr/image.ashx?id=2922494&use=l&cat=p&typeid=i","cat":284414},{"id":2803,"n":"Baguette de pain 250g","p":0.29,"u":"1,16 €/KG","img":"https://fd5-photos.leclercdrive.fr/image.ashx?id=2062873&use=l&cat=p&typeid=i","cat":284359},{"id":2845,"n":"Glace Cône Nestlé Extrême Rhum raisins x6 - 426g","p":3.43,"u":"8,05 €/KG","img":"https://fd5-photos.leclercdrive.fr/image.ashx?id=2729848&use=l&cat=p&typeid=i","cat":284264},{"id":2872,"n":"Poireau Botte 1kg","p":1.99,"u":"1,99 €/KG","img":"https://fd5-photos.leclercdrive.fr/image.ashx?id=1633169&use=l&cat=p&typeid=i","cat":284352},{"id":2873,"n":"Mélange de poivrons doux  500g","p":2.5,"u":"5,00 €/KG","img":"https://fd5-photos.leclercdrive.fr/image.ashx?id=1633178&use=l&cat=p&typeid=i","cat":284352},{"id":2896,"n":"Endive Sachet 1kg","p":3.2,"u":"3,20 €/KG","img":"https://fd5-photos.leclercdrive.fr/image.ashx?id=558004&use=l&cat=p&typeid=i","cat":284352},{"id":2902,"n":"Botte de radis rose  1p","p":1.29,"img":"https://fd5-photos.leclercdrive.fr/image.ashx?id=558013&use=l&cat=p&typeid=i","cat":284352},{"id":2931,"n":"Biscuit chocolat noir Gerblé  - 150g","p":1.93,"u":"12,87 €/KG","img":"https://fd5-photos.leclercdrive.fr/image.ashx?id=2664001&use=l&cat=p&typeid=i","cat":318651},{"id":2932,"n":"Biscuit miel sésame GERBLE  - 6x3,  162g","p":2.32,"u":"14,32 €/KG","img":"https://fd5-photos.leclercdrive.fr/image.ashx?id=2662277&use=l&cat=p&typeid=i","cat":318651},{"id":2933,"n":"Germe de blé Gerblé 250g","p":1.82,"u":"7,28 €/KG","img":"https://fd5-photos.leclercdrive.fr/image.ashx?id=2575060&use=l&cat=p&typeid=i","cat":288382},{"id":2937,"n":"Biscuits goûter chocolat GERBLE  - 3x4,  250g","p":1.56,"u":"6,24 €/KG","img":"https://fd5-photos.leclercdrive.fr/image.ashx?id=2625181&use=l&cat=p&typeid=i","cat":318651},{"id":2951,"n":"Biscuit chocolat GERLINEA  Encas minceur - 4x4, 200g","p":2.07,"u":"10,35 €/KG","img":"https://fd5-photos.leclercdrive.fr/image.ashx?id=2654770&use=l&cat=p&typeid=i","cat":318652},{"id":2965,"n":"Cereales Country Store Kellogg's - 750g","p":4.59,"u":"6,12 €/KG","img":"https://fd5-photos.leclercdrive.fr/image.ashx?id=2947805&use=l&cat=p&typeid=i","cat":309512},{"id":2973,"n":"Chips Pom'Lisse Barbecue - 135g","p":0.89,"u":"6,59 €/KG","img":"https://fd5-photos.leclercdrive.fr/image.ashx?id=2774046&use=l&cat=p&typeid=i","cat":284447},{"id":3000,"n":"Oeufs frais plein air Bio Bio Village - x6","p":2.09,"u":"0,35 €/P","img":"https://fd5-photos.leclercdrive.fr/image.ashx?id=2724868&use=l&cat=p&typeid=i","cat":284378},{"id":3012,"n":"Sauce Fajitas Tables du Monde 430g","p":1.97,"u":"4,58 €/KG","img":"https://fd5-photos.leclercdrive.fr/image.ashx?id=2470228&use=l&cat=p&typeid=i","cat":288993},{"id":3013,"n":"Pain de mie 7 céréales Epi d'Or Grandes tranches - 550g","p":1.19,"u":"2,16 €/KG","img":"https://fd5-photos.leclercdrive.fr/image.ashx?id=1959532&use=l&cat=p&typeid=i","cat":284477},{"id":3014,"n":"Brioche tressée Epi d'Or Pépites de chocolat - 600g","p":2.36,"u":"3,93 €/KG","img":"https://fd5-photos.leclercdrive.fr/image.ashx?id=2867898&use=l&cat=p&typeid=i","cat":284478},{"id":3028,"n":"Brioche tranchée Epi d'Or Pépites de chocolat 500g","p":2.09,"u":"4,18 €/KG","img":"https://fd5-photos.leclercdrive.fr/image.ashx?id=2867901&use=l&cat=p&typeid=i","cat":284478},{"id":3029,"n":"Gâche vendéenne IGP NRT 400g","p":2.65,"u":"6,63 €/KG","img":"https://fd5-photos.leclercdrive.fr/image.ashx?id=2670404&use=l&cat=p&typeid=i","cat":284478},{"id":3033,"n":"Pâtes fraîches Turini Fettuccini - 350g","p":1.49,"u":"4,26 €/KG","img":"https://fd5-photos.leclercdrive.fr/image.ashx?id=2882313&use=l&cat=p&typeid=i","cat":333682},{"id":3034,"n":"Fromage Parmesan Parmareggio 60g","p":1.29,"u":"21,50 €/KG","img":"https://fd5-photos.leclercdrive.fr/image.ashx?id=2975458&use=l&cat=p&typeid=i","cat":314035},{"id":3040,"n":"Beurre moulé bio Bio Village Doux - 82% MG - 250g","p":2.99,"u":"11,96 €/KG","img":"https://fd5-photos.leclercdrive.fr/image.ashx?id=2437052&use=l&cat=p&typeid=i","cat":284379},{"id":3041,"n":"Beurre moulé bio Bio Village Demi-sel - 80% MG - 250g","p":2.99,"u":"11,96 €/KG","img":"https://fd5-photos.leclercdrive.fr/image.ashx?id=2437055&use=l&cat=p&typeid=i","cat":284379},{"id":3052,"n":"Dentifrice Menthe Fluoryl Gencives Sensibles - 75ml","p":1.96,"u":"26,13 €/L","img":"https://fd5-photos.leclercdrive.fr/image.ashx?id=2473312&use=l&cat=p&typeid=i","cat":284612},{"id":3055,"n":"Gel à raser féminin Siliss Velours abricot - 200ml","p":1.69,"u":"8,45 €/L","img":"https://fd5-photos.leclercdrive.fr/image.ashx?id=2699408&use=l&cat=p&typeid=i","cat":325352},{"id":3066,"n":"Tampons Doulys avec applicateur Normal - x24","p":2.46,"u":"0,10 €/P","img":"https://fd5-photos.leclercdrive.fr/image.ashx?id=2965452&use=l&cat=p&typeid=i","cat":284626},{"id":3091,"n":"Cordons bleus Maître coq Poulet - 1kg","p":7.23,"u":"7,23 €/KG","img":"https://fd5-photos.leclercdrive.fr/image.ashx?id=2762103&use=l&cat=p&typeid=i","cat":333683},{"id":3093,"n":"Cake fruits P'tit déli Tranché 300g","p":1.66,"u":"5,53 €/KG","img":"https://fd5-photos.leclercdrive.fr/image.ashx?id=2823078&use=l&cat=p&typeid=i","cat":284493},{"id":3101,"n":"Biscuits fourrés Chamonix LU Orange - 250g","p":1.48,"u":"5,92 €/KG","img":"https://fd5-photos.leclercdrive.fr/image.ashx?id=2982982&use=l&cat=p&typeid=i","cat":284489},{"id":3104,"n":"Sablés P'tit Déli Fourrés Figue x16 - 165g","p":1.09,"u":"6,61 €/KG","img":"https://fd5-photos.leclercdrive.fr/image.ashx?id=2753372&use=l&cat=p&typeid=i","cat":284489},{"id":3107,"n":"Biscuits petit beurre LU Pocket - 300g","p":1.93,"u":"6,43 €/KG","img":"https://fd5-photos.leclercdrive.fr/image.ashx?id=3001940&use=l&cat=p&typeid=i","cat":284487},{"id":3108,"n":"Biscuits petit déjeuner Prince Céréales - 300g","p":1.96,"u":"6,53 €/KG","img":"https://fd5-photos.leclercdrive.fr/image.ashx?id=2346648&use=l&cat=p&typeid=i","cat":284491},{"id":3158,"n":"Café moulu Plantation  doux - 2x250g","p":6.88,"u":"13,76 €/KG","img":"https://fd5-photos.leclercdrive.fr/image.ashx?id=2607428&use=l&cat=p&typeid=i","cat":284750},{"id":3166,"n":"Dessert fruitier pomme Douceur du Verger 16x100g","p":2.8,"u":"1,75 €/KG","img":"https://fd5-photos.leclercdrive.fr/image.ashx?id=798031&use=l&cat=p&typeid=i","cat":284416},{"id":3169,"n":"Tortellini iTurini Ricotta épinard - 300g","p":1.48,"u":"4,93 €/KG","img":"https://fd5-photos.leclercdrive.fr/image.ashx?id=2869266&use=l&cat=p&typeid=i","cat":333682},{"id":3192,"n":"Détachant sans javel Textil 2L","p":3.19,"u":"1,60 €/L","img":"https://fd5-photos.leclercdrive.fr/image.ashx?id=2988036&use=l&cat=p&typeid=i","cat":284651},{"id":3195,"n":"Coton Primoplast prédécoupé 100g","p":0.98,"u":"9,80 €/KG","img":"https://fd5-photos.leclercdrive.fr/image.ashx?id=2856453&use=l&cat=p&typeid=i","cat":284630},{"id":3200,"n":"Petits pains grillés Epi d'Or  Froment - 225g","p":0.79,"u":"3,51 €/KG","img":"https://fd5-photos.leclercdrive.fr/image.ashx?id=2496410&use=l&cat=p&typeid=i","cat":284479},{"id":3208,"n":"Confiture Allégée aux Fraises Andros - 350g","p":1.67,"u":"4,77 €/KG","img":"https://fd5-photos.leclercdrive.fr/image.ashx?id=2911229&use=l&cat=p&typeid=i","cat":284480},{"id":3215,"n":"Riz long Comptoir du Grain Etuvé - 1kg","p":1.72,"u":"1,72 €/KG","img":"https://fd5-photos.leclercdrive.fr/image.ashx?id=2076640&use=l&cat=p&typeid=i","cat":284428},{"id":3220,"n":"Céréales Tipiak - Blé Maïs Soja Prêt en 4 min - 400g","p":1.45,"u":"3,63 €/KG","img":"https://fd5-photos.leclercdrive.fr/image.ashx?id=2989144&use=l&cat=p&typeid=i","cat":284429},{"id":3221,"n":"Purée pomme de terre Pom'lisse Nature - 8x125g - 1kg","p":3.19,"u":"3,19 €/KG","img":"https://fd5-photos.leclercdrive.fr/image.ashx?id=2929864&use=l&cat=p&typeid=i","cat":284431},{"id":3223,"n":"Pâtes capellini Panzani 500g","p":1.05,"u":"2,10 €/KG","img":"https://fd5-photos.leclercdrive.fr/image.ashx?id=2876038&use=l&cat=p&typeid=i","cat":284427},{"id":3224,"n":"Pâtes Barilla Spaghetti n°5 - 1kg","p":1.8,"u":"1,80 €/KG","img":"https://fd5-photos.leclercdrive.fr/image.ashx?id=2481182&use=l&cat=p&typeid=i","cat":284427},{"id":3225,"n":"Pâtes Lasagnes Panzani - 500G","p":1.75,"u":"3,50 €/KG","img":"https://fd5-photos.leclercdrive.fr/image.ashx?id=2896105&use=l&cat=p&typeid=i","cat":284427},{"id":3226,"n":"Pâtes cannelloni Panzani  A farcir - 250g","p":1.09,"u":"4,36 €/KG","img":"https://fd5-photos.leclercdrive.fr/image.ashx?id=2896108&use=l&cat=p&typeid=i","cat":284427},{"id":3239,"n":"Biscuit Petit beurre P'tit Déli Tablette chocolat noir - 150g","p":1.37,"u":"9,13 €/KG","img":"https://fd5-photos.leclercdrive.fr/image.ashx?id=2711641&use=l&cat=p&typeid=i","cat":284488},{"id":3253,"n":"Escargots Maître Coquille De Bourgogne x48 - 355g","p":12.99,"u":"36,59 €/KG","img":"https://fd5-photos.leclercdrive.fr/image.ashx?id=1979671&use=l&cat=p&typeid=i","cat":319775},{"id":3256,"n":"Bûche glacée Eskiss Crème brulée - 527g","p":3.75,"u":"7,12 €/KG","img":"https://fd5-photos.leclercdrive.fr/image.ashx?id=2791257&use=l&cat=p&typeid=i","cat":284266},{"id":3260,"n":"Noix de Saint Jacques NRT de la baie de St-Brieuc - 300g","p":14.99,"u":"49,97 €/KG","img":"https://fd5-photos.leclercdrive.fr/image.ashx?id=2801064&use=l&cat=p&typeid=i","cat":319787},{"id":3262,"n":"Carottes Notre Jardin Extra-fines - 530g","p":1.69,"u":"3,19 €/KG","img":"https://fd5-photos.leclercdrive.fr/image.ashx?id=1993550&use=l&cat=p&typeid=i","cat":312607},{"id":3271,"n":"Maïs Notre Jardin Tendre - 3x140g","p":1.89,"u":"4,50 €/KG","img":"https://fd5-photos.leclercdrive.fr/image.ashx?id=2074653&use=l&cat=p&typeid=i","cat":312611},{"id":3272,"n":"Asperges blanches grosses Notre Jardin - 320g","p":3.49,"u":"10,91 €/KG","img":"https://fd5-photos.leclercdrive.fr/image.ashx?id=2049016&use=l&cat=p&typeid=i","cat":312611},{"id":3277,"n":"Chips à l'ancienne Pom'lisse Nature - 6x30g","p":1.58,"u":"8,78 €/KG","img":"https://fd5-photos.leclercdrive.fr/image.ashx?id=2657193&use=l&cat=p&typeid=i","cat":284447},{"id":3305,"n":"Sauce Provençale Turini 420g","p":0.97,"u":"2,31 €/KG","img":"https://fd5-photos.leclercdrive.fr/image.ashx?id=2047010&use=l&cat=p&typeid=i","cat":287599},{"id":3307,"n":"Cidre bouché Les Goelleries Normand brut 5.5%vol. - 75cl","p":1.79,"u":"2,39 €/L","img":"https://fd5-photos.leclercdrive.fr/image.ashx?id=2842196&use=l&cat=p&typeid=i","cat":334880},{"id":3309,"n":"Pur jus de pomme Jafaden 1L","p":1.34,"u":"1,34 €/L","img":"https://fd5-photos.leclercdrive.fr/image.ashx?id=2955632&use=l&cat=p&typeid=i","cat":284522},{"id":3310,"n":"Pur jus de pomme Bio Village Bio - 1L","p":1.49,"u":"1,49 €/L","img":"https://fd5-photos.leclercdrive.fr/image.ashx?id=2901527&use=l&cat=p&typeid=i","cat":284522},{"id":3316,"n":"Sirop Frucci Grenadine - 1L","p":2.76,"u":"2,76 €/L","img":"https://fd5-photos.leclercdrive.fr/image.ashx?id=2954073&use=l&cat=p&typeid=i","cat":295020},{"id":3320,"n":"Bonbons Werther's Original Mini 42g","p":1.84,"u":"43,81 €/KG","img":"https://fd5-photos.leclercdrive.fr/image.ashx?id=2660167&use=l&cat=p&typeid=i","cat":304252},{"id":3323,"n":"Dentifrice Sanogyl Soin gencives 75ml","p":2.43,"u":"32,40 €/L","img":"https://fd5-photos.leclercdrive.fr/image.ashx?id=2734018&use=l&cat=p&typeid=i","cat":284612},{"id":3338,"n":"Protège-slips Doulys Mince - Plié - x30","p":1.25,"u":"0,04 €/P","img":"https://fd5-photos.leclercdrive.fr/image.ashx?id=2824129&use=l&cat=p&typeid=i","cat":284625},{"id":3341,"n":"AOC Vin doux Muscat Dauré  rivesaltes 15.5%vol - 75 cl","p":5.73,"u":"7,64 €/L","img":"https://fd5-photos.leclercdrive.fr/image.ashx?id=2865680&use=l&cat=p&typeid=i","cat":284913},{"id":3343,"n":"Vodka Poliakov 37.5%vol - 70cl","p":11.1,"u":"15,86 €/L","img":"https://fd5-photos.leclercdrive.fr/image.ashx?id=2810759&use=l&cat=p&typeid=i","cat":284550},{"id":3344,"n":"Nectar Jafaden Banane - 1L","p":2.09,"u":"2,09 €/L","img":"https://fd5-photos.leclercdrive.fr/image.ashx?id=2955701&use=l&cat=p&typeid=i","cat":284915},{"id":3356,"n":"Banan's Haribo Sachet bonbons - 300g","p":1.52,"u":"5,07 €/KG","img":"https://fd5-photos.leclercdrive.fr/image.ashx?id=1739936&use=l&cat=p&typeid=i","cat":304250},{"id":3359,"n":"Compote Andros Pomme 750g","p":1.39,"u":"1,85 €/KG","img":"https://fd5-photos.leclercdrive.fr/image.ashx?id=2327716&use=l&cat=p&typeid=i","cat":284508},{"id":3361,"n":"Pâtée chats Gourmet gold Mousselines 4x85g","p":1.85,"u":"5,44 €/KG","img":"https://fd5-photos.leclercdrive.fr/image.ashx?id=2711103&use=l&cat=p&typeid=i","cat":285286},{"id":3364,"n":"Huile de douche Manava Bien être oriental 250ml","p":1.16,"u":"4,64 €/L","img":"https://fd5-photos.leclercdrive.fr/image.ashx?id=2809659&use=l&cat=p&typeid=i","cat":284594},{"id":3372,"n":"Terrines Tous Mes Amis Pour chats  3 saveurs - 3x400g","p":3.29,"u":"2,74 €/KG","img":"https://fd5-photos.leclercdrive.fr/image.ashx?id=2865050&use=l&cat=p&typeid=i","cat":285601},{"id":3373,"n":"Tortillas Tables du Monde Galettes de blé x8 320g","p":1.71,"u":"5,34 €/KG","img":"https://fd5-photos.leclercdrive.fr/image.ashx?id=2679729&use=l&cat=p&typeid=i","cat":288993},{"id":3376,"n":"Café moulu Bio Village Bio  Pérou - 250g","p":4.21,"u":"16,84 €/KG","img":"https://fd5-photos.leclercdrive.fr/image.ashx?id=2552436&use=l&cat=p&typeid=i","cat":284750},{"id":3387,"n":"Gel à raser Carré Homme Vitaminé protecteur 200ml","p":1.89,"u":"9,45 €/L","img":"https://fd5-photos.leclercdrive.fr/image.ashx?id=2704642&use=l&cat=p&typeid=i","cat":284617},{"id":3393,"n":"Dentifrice Protection Signal Caries 100ml","p":1.14,"u":"11,40 €/L","img":"https://fd5-photos.leclercdrive.fr/image.ashx?id=2961810&use=l&cat=p&typeid=i","cat":284612},{"id":3395,"n":"Dentifrice Dentamyl Aux plantes 75ml","p":0.94,"u":"12,53 €/L","img":"https://fd5-photos.leclercdrive.fr/image.ashx?id=2489104&use=l&cat=p&typeid=i","cat":284612},{"id":3396,"n":"Dentifrice Dentamyl Haleine fraîche 75ml","p":0.76,"u":"10,13 €/L","img":"https://fd5-photos.leclercdrive.fr/image.ashx?id=2489101&use=l&cat=p&typeid=i","cat":284612},{"id":3401,"n":"Serviette hygiénique Doulys Maxi - Spécial nuit - x12","p":0.95,"u":"0,08 €/P","img":"https://fd5-photos.leclercdrive.fr/image.ashx?id=2838927&use=l&cat=p&typeid=i","cat":284624},{"id":3412,"n":"Soupe de poissons Régal Soupe 1L","p":2.69,"u":"2,69 €/L","img":"https://fd5-photos.leclercdrive.fr/image.ashx?id=745138&use=l&cat=p&typeid=i","cat":287366},{"id":3413,"n":"Asperges blanches Notre Jardin Pointes - 110g","p":2.35,"u":"21,36 €/KG","img":"https://fd5-photos.leclercdrive.fr/image.ashx?id=2049022&use=l&cat=p&typeid=i","cat":312611},{"id":3424,"n":"Plat moussaka Côté table 850g","p":4.63,"u":"5,45 €/KG","img":"https://fd5-photos.leclercdrive.fr/image.ashx?id=2045175&use=l&cat=p&typeid=i","cat":284254},{"id":3459,"n":"Petit Pois et Carottes Cassegrain 465g","p":2.55,"u":"5,48 €/KG","img":"https://fd5-photos.leclercdrive.fr/image.ashx?id=2912971&use=l&cat=p&typeid=i","cat":312607},{"id":3462,"n":"Pain précuit Epi d'Or Demi-baguette x2 - 300g","p":0.65,"u":"2,17 €/KG","img":"https://fd5-photos.leclercdrive.fr/image.ashx?id=2684814&use=l&cat=p&typeid=i","cat":325069},{"id":3477,"n":"Petits pots Hipp Bio jardinière Dès 6 mois légumes 2x190g","p":2.1,"u":"5,53 €/KG","img":"https://fd5-photos.leclercdrive.fr/image.ashx?id=2924656&use=l&cat=p&typeid=i","cat":312235},{"id":3517,"n":"Bonbons Haribo Réglisse Carensac - 250g","p":1.82,"u":"7,28 €/KG","img":"https://fd5-photos.leclercdrive.fr/image.ashx?id=2982405&use=l&cat=p&typeid=i","cat":304250},{"id":3520,"n":"Boîtes chiens Lydog Terrines Viande volaille - 4x405g","p":3.47,"u":"2,14 €/KG","img":"https://fd5-photos.leclercdrive.fr/image.ashx?id=2815746&use=l&cat=p&typeid=i","cat":288578},{"id":3528,"n":"Gel arnica Mercurochrome 75ml","p":2.09,"u":"27,87 €/L","img":"https://fd5-photos.leclercdrive.fr/image.ashx?id=2663989&use=l&cat=p&typeid=i","cat":284630},{"id":3549,"n":"IGP Pays d'Oc rosé J.P. Chenet 12.5% vol - 75cl","p":3.14,"u":"4,19 €/L","img":"https://fd5-photos.leclercdrive.fr/image.ashx?id=2985108&use=l&cat=p&typeid=i","cat":289558},{"id":3550,"n":"AOP Côtes de Provence rosé Billette Bouquet - 75cl","p":5.8,"u":"7,73 €/L","img":"https://fd5-photos.leclercdrive.fr/image.ashx?id=2625433&use=l&cat=p&typeid=i","cat":289558},{"id":3553,"n":"Whisky Chivas Regal 12 ans Blended Scotch 40% vol - 70cl","p":28.9,"pp":26.01,"u":"37,16 €/L","img":"https://fd5-photos.leclercdrive.fr/image.ashx?id=2914444&use=l&cat=p&typeid=i","cat":284547},{"id":3558,"n":"IGP Pays d'Oc rouge J-P Chenet Cabernet-Syrah 13% vol - 75 cl","p":3.17,"u":"4,23 €/L","img":"https://fd5-photos.leclercdrive.fr/image.ashx?id=2810864&use=l&cat=p&typeid=i","cat":289556},{"id":3559,"n":"IGP Pays d'Oc rouge J-P Chenet Merlot HVE - 75 cl","p":3.23,"u":"4,31 €/L","img":"https://fd5-photos.leclercdrive.fr/image.ashx?id=2837157&use=l&cat=p&typeid=i","cat":289556},{"id":3560,"n":"AOC Champagne brut blanc Pol Carson - 1,5L","p":39.99,"u":"26,66 €/L","img":"https://fd5-photos.leclercdrive.fr/image.ashx?id=2994788&use=l&cat=p&typeid=i","cat":284542},{"id":3564,"n":"Vin de l'Union Européenne  La Villageoise - 6x25cl","p":3.93,"u":"2,62 €/L","img":"https://fd5-photos.leclercdrive.fr/image.ashx?id=2731651&use=l&cat=p&typeid=i","cat":289557},{"id":3567,"n":"AOC Crémant de Bourgogne brut Antoine Barrier - 75cl","p":6.79,"u":"9,05 €/L","img":"https://fd5-photos.leclercdrive.fr/image.ashx?id=2691126&use=l&cat=p&typeid=i","cat":284545},{"id":3570,"n":"Concentré à diluer Pulco Citron - 70cl","p":2.11,"u":"3,01 €/L","img":"https://fd5-photos.leclercdrive.fr/image.ashx?id=2687845&use=l&cat=p&typeid=i","cat":295020},{"id":3571,"n":"Nectar Jafaden Abricot - 1L","p":2.59,"u":"2,59 €/L","img":"https://fd5-photos.leclercdrive.fr/image.ashx?id=2955713&use=l&cat=p&typeid=i","cat":284915},{"id":3575,"n":"Litière chats Tous mes Amis Végétale - 10L","p":4.39,"u":"0,44 €/L","img":"https://fd5-photos.leclercdrive.fr/image.ashx?id=2055217&use=l&cat=p&typeid=i","cat":284683},{"id":3576,"n":"Litière chats Tous mes Amis Minérale - Hygiénique - 10L","p":4.65,"u":"0,47 €/L","img":"https://fd5-photos.leclercdrive.fr/image.ashx?id=2055211&use=l&cat=p&typeid=i","cat":284683},{"id":3587,"n":"AOP Bordeaux rouge Blaissac - 75cl","p":3.87,"u":"5,16 €/L","img":"https://fd5-photos.leclercdrive.fr/image.ashx?id=2917429&use=l&cat=p&typeid=i","cat":289556},{"id":3588,"n":"IGP Pays d'Oc rouge Roche Mazet Cabernet Sauvignon 12.5% 75cl","p":2.93,"u":"3,91 €/L","img":"https://fd5-photos.leclercdrive.fr/image.ashx?id=2333000&use=l&cat=p&typeid=i","cat":289556},{"id":3589,"n":"IGP Pays d'Oc rouge Roche Mazet Merlot - 75cl","p":2.93,"u":"3,91 €/L","img":"https://fd5-photos.leclercdrive.fr/image.ashx?id=2332997&use=l&cat=p&typeid=i","cat":289556},{"id":3593,"n":"Vin d'Italie rouge pétillant Vilaveroni Lambrusco- 75cl","p":3.75,"u":"5,00 €/L","img":"https://fd5-photos.leclercdrive.fr/image.ashx?id=2333021&use=l&cat=p&typeid=i","cat":289556},{"id":3599,"n":"IGP Pays d'Oc rosé Listel Grain De gris 12.5% vol - 75cl","p":3.38,"u":"4,51 €/L","img":"https://fd5-photos.leclercdrive.fr/image.ashx?id=2556135&use=l&cat=p&typeid=i","cat":289558},{"id":3600,"n":"Miel Lune de Miel Tartimiel 250g","p":2.25,"u":"9,00 €/KG","img":"https://fd5-photos.leclercdrive.fr/image.ashx?id=2662610&use=l&cat=p&typeid=i","cat":287643},{"id":3604,"n":"Allume-feu Silex cubes x28 200g","p":1.11,"u":"5,55 €/KG","img":"https://fd5-photos.leclercdrive.fr/image.ashx?id=2558781&use=l&cat=p&typeid=i","cat":300578},{"id":3609,"n":"Petit Pois Cassegrain Tendres et Fondants 495g","p":2.77,"u":"5,60 €/KG","img":"https://fd5-photos.leclercdrive.fr/image.ashx?id=2912962&use=l&cat=p&typeid=i","cat":312607},{"id":3611,"n":"AOP Blanquette de Limoux brut Cuvée spéciale - 75cl","p":4.02,"u":"5,36 €/L","img":"https://fd5-photos.leclercdrive.fr/image.ashx?id=2725498&use=l&cat=p&typeid=i","cat":284545},{"id":3622,"n":"Alcool modifié Mercurochrome 90° - 100ml","p":2.06,"u":"20,60 €/L","img":"https://fd5-photos.leclercdrive.fr/image.ashx?id=2663977&use=l&cat=p&typeid=i","cat":284630},{"id":3643,"n":"Scotch Whisky Baird's 40%vol - 70cl","p":10.99,"u":"15,70 €/L","img":"https://fd5-photos.leclercdrive.fr/image.ashx?id=2907159&use=l&cat=p&typeid=i","cat":284547},{"id":3649,"n":"AOP Asti Vilaveroni 75cl","p":6.03,"u":"8,04 €/L","img":"https://fd5-photos.leclercdrive.fr/image.ashx?id=2337558&use=l&cat=p&typeid=i","cat":289461},{"id":3651,"n":"Vin du Portugal rosé Mateus - VSIG - 12% vol 75cl","p":4.76,"u":"6,35 €/L","img":"https://fd5-photos.leclercdrive.fr/image.ashx?id=2794619&use=l&cat=p&typeid=i","cat":289558},{"id":3684,"n":"Eau gazeuse Rozana 6x1L","p":2.65,"u":"0,44 €/L","img":"https://fd5-photos.leclercdrive.fr/image.ashx?id=2870602&use=l&cat=p&typeid=i","cat":284536},{"id":3688,"n":"Ile gourmande Yoplait Vanille - 6x101g","p":2.77,"u":"4,57 €/KG","img":"https://fd5-photos.leclercdrive.fr/image.ashx?id=2731654&use=l&cat=p&typeid=i","cat":284419},{"id":3694,"n":"Pâtes Torti Legumes Panzani - 500G","p":1.22,"u":"2,44 €/KG","img":"https://fd5-photos.leclercdrive.fr/image.ashx?id=2876032&use=l&cat=p&typeid=i","cat":284427},{"id":3699,"n":"Café moulu Bio Village Bio Amérique latine - 250g","p":4.99,"u":"19,96 €/KG","img":"https://fd5-photos.leclercdrive.fr/image.ashx?id=2603713&use=l&cat=p&typeid=i","cat":284750},{"id":3710,"n":"Cassoulet La Belle Chaurienne Porc - 420g","p":2.71,"u":"6,45 €/KG","img":"https://fd5-photos.leclercdrive.fr/image.ashx?id=2837358&use=l&cat=p&typeid=i","cat":284440},{"id":3712,"n":"Emincé poulet Côté Table Sauce curry - 300g","p":2.02,"u":"6,73 €/KG","img":"https://fd5-photos.leclercdrive.fr/image.ashx?id=2393857&use=l&cat=p&typeid=i","cat":284953},{"id":3713,"n":"Huile d'olive Rustica Vierge extra - 50cl","p":4.8,"u":"9,60 €/L","img":"https://fd5-photos.leclercdrive.fr/image.ashx?id=2930340&use=l&cat=p&typeid=i","cat":284453},{"id":3741,"n":"Biscottes fourrées Cracotte LU  Fraise - 200g","p":1.67,"u":"8,35 €/KG","img":"https://fd5-photos.leclercdrive.fr/image.ashx?id=3004807&use=l&cat=p&typeid=i","cat":284479},{"id":3743,"n":"Mini brownie Brossard Chocolat pépites x8 - 240g","p":2.67,"u":"11,13 €/KG","img":"https://fd5-photos.leclercdrive.fr/image.ashx?id=2965100&use=l&cat=p&typeid=i","cat":294776},{"id":3756,"n":"Mélange Exotique Tokapi  Bananes et papaye - 120g","p":1.47,"u":"12,25 €/KG","img":"https://fd5-photos.leclercdrive.fr/image.ashx?id=2793991&use=l&cat=p&typeid=i","cat":284448},{"id":3758,"n":"Sachet repas chats Gourmet 4 variétés de filets - 4x85g","p":1.81,"u":"5,32 €/KG","img":"https://fd5-photos.leclercdrive.fr/image.ashx?id=2902274&use=l&cat=p&typeid=i","cat":285286},{"id":3759,"n":"Sachet repas chats Gourmet Filets en sachet - 4x85g","p":1.78,"u":"5,24 €/KG","img":"https://fd5-photos.leclercdrive.fr/image.ashx?id=2902337&use=l&cat=p&typeid=i","cat":285286},{"id":3777,"n":"Légumes couscous Notre jardin 1kg","p":1.99,"u":"1,99 €/KG","img":"https://fd5-photos.leclercdrive.fr/image.ashx?id=2900031&use=l&cat=p&typeid=i","cat":319823},{"id":3784,"n":"Coquilles poisson Côté Table Et fruits de mer x6 - 660g","p":5.35,"u":"8,11 €/KG","img":"https://fd5-photos.leclercdrive.fr/image.ashx?id=2990092&use=l&cat=p&typeid=i","cat":319775},{"id":3786,"n":"Poisson pané Pêche Océan MSC - x20 - 1kg","p":6.95,"u":"6,95 €/KG","img":"https://fd5-photos.leclercdrive.fr/image.ashx?id=1919342&use=l&cat=p&typeid=i","cat":319788},{"id":3789,"n":"Pavés de saumon Pêche Océan ASC - 2x125g","p":4.99,"u":"19,96 €/KG","img":"https://fd5-photos.leclercdrive.fr/image.ashx?id=2953719&use=l&cat=p&typeid=i","cat":319786},{"id":3820,"n":"Sandwich XXL Daunat Jambon emmental - 230g","p":1.83,"u":"7,96 €/KG","img":"https://fd5-photos.leclercdrive.fr/image.ashx?id=2892700&use=l&cat=p&typeid=i","cat":333658},{"id":3823,"n":"Wings poulet Maître coq nature 400g","p":4.35,"u":"10,88 €/KG","img":"https://fd5-photos.leclercdrive.fr/image.ashx?id=2101438&use=l&cat=p&typeid=i","cat":333685},{"id":3824,"n":"Sandwich triangle Daunat Jambon emmental - 160g","p":1.35,"u":"8,44 €/KG","img":"https://fd5-photos.leclercdrive.fr/image.ashx?id=2892694&use=l&cat=p&typeid=i","cat":333658},{"id":3827,"n":"Ailes poulet rôti mexicain Maître Coq - 1kg","p":7.64,"u":"7,64 €/KG","img":"https://fd5-photos.leclercdrive.fr/image.ashx?id=2094319&use=l&cat=p&typeid=i","cat":333685},{"id":3828,"n":"Pansements Mercurochrome Economiques x20","p":1.93,"img":"https://fd5-photos.leclercdrive.fr/image.ashx?id=2748269&use=l&cat=p&typeid=i","cat":284630},{"id":3844,"n":"Sirop érable Maple Joe Du Canada - 250g","p":3.6,"u":"14,40 €/KG","img":"https://fd5-photos.leclercdrive.fr/image.ashx?id=2656559&use=l&cat=p&typeid=i","cat":287643},{"id":3862,"n":"Cacahuètes grillées Tokapi Salées - 500g","p":1.44,"u":"2,88 €/KG","img":"https://fd5-photos.leclercdrive.fr/image.ashx?id=2795532&use=l&cat=p&typeid=i","cat":284448},{"id":3864,"n":"Jus multifruits Jafaden 12 fruits - 1L","p":1.33,"u":"1,33 €/L","img":"https://fd5-photos.leclercdrive.fr/image.ashx?id=2461387&use=l&cat=p&typeid=i","cat":284917},{"id":3871,"n":"Pain grillé Pelletier Blé complet - 500g","p":1.88,"u":"3,76 €/KG","img":"https://fd5-photos.leclercdrive.fr/image.ashx?id=2345376&use=l&cat=p&typeid=i","cat":284479},{"id":3944,"n":"Jus multifruits Jafaden Briquettes - 6x20cl","p":1.79,"u":"1,49 €/L","img":"https://fd5-photos.leclercdrive.fr/image.ashx?id=2751880&use=l&cat=p&typeid=i","cat":284524},{"id":3956,"n":"Confit canard 2 cuisses NRT 425g","p":9.59,"u":"22,56 €/KG","img":"https://fd5-photos.leclercdrive.fr/image.ashx?id=2723207&use=l&cat=p&typeid=i","cat":284440},{"id":3960,"n":"Haricots Mungo  Notre Jardin 3x90g","p":1.99,"u":"7,37 €/KG","img":"https://fd5-photos.leclercdrive.fr/image.ashx?id=2174678&use=l&cat=p&typeid=i","cat":312611},{"id":3962,"n":"Cèpes extra Borde 455g","p":10.06,"u":"22,11 €/KG","img":"https://fd5-photos.leclercdrive.fr/image.ashx?id=2411740&use=l&cat=p&typeid=i","cat":312610},{"id":3999,"n":"Crêpes Côté Table Champignons x6 - 300g","p":1.88,"u":"6,27 €/KG","img":"https://fd5-photos.leclercdrive.fr/image.ashx?id=2499352&use=l&cat=p&typeid=i","cat":319776},{"id":4000,"n":"Quiche lorraine Côté Table Mini - 8x100g","p":6.5,"u":"8,13 €/KG","img":"https://fd5-photos.leclercdrive.fr/image.ashx?id=2869787&use=l&cat=p&typeid=i","cat":284257},{"id":4003,"n":"Coquilles Saint-Jacques NRT baie de St-Brieuc x2 - 200g","p":6.79,"u":"33,95 €/KG","img":"https://fd5-photos.leclercdrive.fr/image.ashx?id=2839956&use=l&cat=p&typeid=i","cat":319775},{"id":4007,"n":"Macédoine légumes Notre jardin 1kg","p":1.77,"u":"1,77 €/KG","img":"https://fd5-photos.leclercdrive.fr/image.ashx?id=2873075&use=l&cat=p&typeid=i","cat":319823},{"id":4008,"n":"Julienne légumes Notre jardin 600g","p":1.38,"u":"2,30 €/KG","img":"https://fd5-photos.leclercdrive.fr/image.ashx?id=2873105&use=l&cat=p&typeid=i","cat":319823},{"id":4026,"n":"Cuisses poulet rôti Le gaulois x2 - 350g","p":4.28,"u":"12,23 €/KG","img":"https://fd5-photos.leclercdrive.fr/image.ashx?id=2277122&use=l&cat=p&typeid=i","cat":284336},{"id":4028,"n":"Filets poulet rôti Le gaulois 230g","p":4.2,"u":"18,26 €/KG","img":"https://fd5-photos.leclercdrive.fr/image.ashx?id=2686879&use=l&cat=p&typeid=i","cat":284336},{"id":4101,"n":"Pâtes coquillettes Panzani 1kg","p":1.69,"u":"1,69 €/KG","img":"https://fd5-photos.leclercdrive.fr/image.ashx?id=2873823&use=l&cat=p&typeid=i","cat":284427},{"id":4103,"n":"Compotes Andros Pomme Fraise - 8x100g","p":2.79,"u":"3,49 €/KG","img":"https://fd5-photos.leclercdrive.fr/image.ashx?id=2883940&use=l&cat=p&typeid=i","cat":284416},{"id":4141,"n":"Infusion Tiséa réglisse menthe x25","p":0.9,"u":"22,50 €/KG","img":"https://fd5-photos.leclercdrive.fr/image.ashx?id=2553908&use=l&cat=p&typeid=i","cat":293234},{"id":4242,"n":"Vacherin Eskiss Vanille framboise - 535g","p":4.65,"u":"8,69 €/KG","img":"https://fd5-photos.leclercdrive.fr/image.ashx?id=2119121&use=l&cat=p&typeid=i","cat":284266},{"id":4249,"n":"Crème glacée Eskiss Chocolat noir - 494g","p":2.35,"u":"4,76 €/KG","img":"https://fd5-photos.leclercdrive.fr/image.ashx?id=2698162&use=l&cat=p&typeid=i","cat":284263},{"id":4250,"n":"Crème glacée Eskiss Café - 494g","p":2.14,"u":"4,33 €/KG","img":"https://fd5-photos.leclercdrive.fr/image.ashx?id=3002545&use=l&cat=p&typeid=i","cat":284263},{"id":4255,"n":"Crème glacée Eskiss Rhum raisin - 494g","p":2.45,"u":"4,96 €/KG","img":"https://fd5-photos.leclercdrive.fr/image.ashx?id=2982589&use=l&cat=p&typeid=i","cat":284263},{"id":4259,"n":"Pâtes spaghetti Panzani 1kg","p":1.65,"u":"1,65 €/KG","img":"https://fd5-photos.leclercdrive.fr/image.ashx?id=2869555&use=l&cat=p&typeid=i","cat":284427},{"id":4288,"n":"Boisson apéritif Voltano Base de vin Bianco 14.4%vol 1L","p":4.99,"u":"4,99 €/L","img":"https://fd5-photos.leclercdrive.fr/image.ashx?id=2473954&use=l&cat=p&typeid=i","cat":284913},{"id":4289,"n":"Boisson apéritif Voltano Base de vin rosso 14.4%vol 1L","p":4.75,"u":"4,75 €/L","img":"https://fd5-photos.leclercdrive.fr/image.ashx?id=2473957&use=l&cat=p&typeid=i","cat":284913},{"id":4290,"n":"Marrons entiers Notre Jardin - 510g","p":5.19,"u":"10,18 €/KG","img":"https://fd5-photos.leclercdrive.fr/image.ashx?id=2263143&use=l&cat=p&typeid=i","cat":312612},{"id":4381,"n":"Safran poudre Rustica 3 doses de 0,1g","p":2.96,"img":"https://fd5-photos.leclercdrive.fr/image.ashx?id=2870014&use=l&cat=p&typeid=i","cat":298297},{"id":4407,"n":"Biscuits duo glacier P'tit Déli 100g","p":1.25,"u":"12,50 €/KG","img":"https://fd5-photos.leclercdrive.fr/image.ashx?id=2874687&use=l&cat=p&typeid=i","cat":284487},{"id":4409,"n":"Saucisses volaille le Gaulois x6 - 300g","p":3.55,"u":"11,83 €/KG","img":"https://fd5-photos.leclercdrive.fr/image.ashx?id=2286762&use=l&cat=p&typeid=i","cat":284716},{"id":4410,"n":"Merguez volaille Le gaulois x6 - 300g","p":3.17,"u":"10,57 €/KG","img":"https://fd5-photos.leclercdrive.fr/image.ashx?id=2286765&use=l&cat=p&typeid=i","cat":284716},{"id":4412,"n":"Boisson énergisante Red Bull 250ml","p":1.12,"u":"4,48 €/L","img":"https://fd5-photos.leclercdrive.fr/image.ashx?id=2340300&use=l&cat=p&typeid=i","cat":284533},{"id":4431,"n":"Plumeaux Clair jetables Avec poignée x5","p":3.03,"img":"https://fd5-photos.leclercdrive.fr/image.ashx?id=2832924&use=l&cat=p&typeid=i","cat":325364},{"id":4469,"n":"Combustible poêle pétrole PTX 2000 20L","p":21.85,"u":"1,09 €/L","img":"https://fd5-photos.leclercdrive.fr/image.ashx?id=2798328&use=l&cat=p&typeid=i","cat":300577},{"id":4497,"n":"Gomme Esquisse Caoutchouc","p":0.5,"img":"https://fd5-photos.leclercdrive.fr/image.ashx?id=2943211&use=l&cat=p&typeid=i","cat":334133},{"id":4499,"n":"Surligneur Esquisse 4 couleurs fluos - x4","p":1.99,"img":"https://fd5-photos.leclercdrive.fr/image.ashx?id=2943208&use=l&cat=p&typeid=i","cat":284696},{"id":4511,"n":"Pochettes perforées Eco+ 21x29.7cm - x100","p":1.14,"u":"0,01 €/P","img":"https://fd5-photos.leclercdrive.fr/image.ashx?id=2943124&use=l&cat=p&typeid=i","cat":284745},{"id":4512,"n":"Pur jus orange Jafaden Sans pulpe - 1L","p":2.43,"u":"2,43 €/L","img":"https://fd5-photos.leclercdrive.fr/image.ashx?id=2916668&use=l&cat=p&typeid=i","cat":285435},{"id":4515,"n":"Pansements Primoplast Pré-découpés x100","p":2.97,"img":"https://fd5-photos.leclercdrive.fr/image.ashx?id=2856459&use=l&cat=p&typeid=i","cat":284630},{"id":4519,"n":"Bande à découper Primoplast Multi-usages - 10x6cm","p":0.79,"img":"https://fd5-photos.leclercdrive.fr/image.ashx?id=2885560&use=l&cat=p&typeid=i","cat":284630},{"id":4524,"n":"Filtre café Eco+ N°4 - x100","p":0.99,"u":"0,01 €/P","img":"https://fd5-photos.leclercdrive.fr/image.ashx?id=2593806&use=l&cat=p&typeid=i","cat":284751},{"id":4538,"n":"Crème pieds Scholl Réparatrice - 75ml","p":3.56,"u":"47,47 €/L","img":"https://fd5-photos.leclercdrive.fr/image.ashx?id=3011803&use=l&cat=p&typeid=i","cat":325354},{"id":4566,"n":"Nuggets de poulet Maître coq 1kg","p":6.93,"u":"6,93 €/KG","img":"https://fd5-photos.leclercdrive.fr/image.ashx?id=2877826&use=l&cat=p&typeid=i","cat":333684},{"id":4567,"n":"Panés de poulet Maître Coq 1kg","p":6.25,"u":"6,25 €/KG","img":"https://fd5-photos.leclercdrive.fr/image.ashx?id=2877823&use=l&cat=p&typeid=i","cat":333684},{"id":4569,"n":"Coq'ailes Maître Coq Mexicain - 250g","p":2.78,"u":"11,12 €/KG","img":"https://fd5-photos.leclercdrive.fr/image.ashx?id=2432034&use=l&cat=p&typeid=i","cat":333685},{"id":4574,"n":"Haché à la tomate Charal 10x100g - 1kg","p":8.29,"u":"8,29 €/KG","img":"https://fd5-photos.leclercdrive.fr/image.ashx?id=2731744&use=l&cat=p&typeid=i","cat":319778},{"id":4583,"n":"Sucre vanillé Vahiné Madagascar - 5x7,5g","p":1.71,"u":"45,00 €/KG","img":"https://fd5-photos.leclercdrive.fr/image.ashx?id=2489190&use=l&cat=p&typeid=i","cat":294686},{"id":4594,"n":"Baguette de campagne 250g","p":0.95,"u":"3,80 €/KG","img":"https://fd5-photos.leclercdrive.fr/image.ashx?id=2062915&use=l&cat=p&typeid=i","cat":284359},{"id":4624,"n":"Dattes Couleurs Vives 500g","p":2.75,"u":"5,50 €/KG","img":"https://fd5-photos.leclercdrive.fr/image.ashx?id=2542926&use=l&cat=p&typeid=i","cat":284357},{"id":4630,"n":"Pâté piment d'Espelette NRT Label Rouge - 180g","p":2.39,"u":"13,28 €/KG","img":"https://fd5-photos.leclercdrive.fr/image.ashx?id=2991485&use=l&cat=p&typeid=i","cat":305149},{"id":4641,"n":"Croquettes chaton Purina One Junior - Poulet/Céréales - 450g","p":2.62,"u":"5,82 €/KG","img":"https://fd5-photos.leclercdrive.fr/image.ashx?id=2499883&use=l&cat=p&typeid=i","cat":284680},{"id":4667,"n":"Yaourts Mamie Nova Ananas passion - 2x150g","p":1.22,"u":"4,07 €/KG","img":"https://fd5-photos.leclercdrive.fr/image.ashx?id=2886960&use=l&cat=p&typeid=i","cat":284410},{"id":4688,"n":"Pâtes Blé complet Barilla Penne Rigate Integrale - 500g","p":1.17,"u":"2,34 €/KG","img":"https://fd5-photos.leclercdrive.fr/image.ashx?id=2986954&use=l&cat=p&typeid=i","cat":284427},{"id":4705,"n":"Champignon de Paris Barquette  500g","p":2.65,"u":"5,30 €/KG","img":"https://fd5-photos.leclercdrive.fr/image.ashx?id=1631898&use=l&cat=p&typeid=i","cat":284352},{"id":4727,"n":"Chocolat au lait Tablette d'Or Raisins secs & Noisettes - 200g","p":2.19,"u":"10,95 €/KG","img":"https://fd5-photos.leclercdrive.fr/image.ashx?id=2578629&use=l&cat=p&typeid=i","cat":284497},{"id":4852,"n":"Thon blanc Petit Navire Au naturel - 140g","p":3.44,"u":"24,57 €/KG","img":"https://fd5-photos.leclercdrive.fr/image.ashx?id=2570996&use=l&cat=p&typeid=i","cat":303867},{"id":4863,"n":"Tampons Doulys Digitaux Normal - x24","p":1.24,"u":"0,05 €/P","img":"https://fd5-photos.leclercdrive.fr/image.ashx?id=2965401&use=l&cat=p&typeid=i","cat":284626},{"id":4876,"n":"Petits pots bébé NATURNES Carottes 4M+ - 2x130g","p":0.99,"u":"3,81 €/KG","img":"https://fd5-photos.leclercdrive.fr/image.ashx?id=2522398&use=l&cat=p&typeid=i","cat":312234},{"id":4877,"n":"Petits pots bébé NATURNES Haricots Verts 4M+ - 2x130g","p":0.99,"u":"3,81 €/KG","img":"https://fd5-photos.leclercdrive.fr/image.ashx?id=2522401&use=l&cat=p&typeid=i","cat":312234},{"id":4879,"n":"Petits pots bébé NATURNES Courgettes 4M+ - 2x130g","p":0.95,"u":"3,65 €/KG","img":"https://fd5-photos.leclercdrive.fr/image.ashx?id=2532249&use=l&cat=p&typeid=i","cat":312234},{"id":4881,"n":"Petits pots bébé NATURNES Potiron 4M+ - 2x130g","p":0.95,"u":"3,65 €/KG","img":"https://fd5-photos.leclercdrive.fr/image.ashx?id=2532252&use=l&cat=p&typeid=i","cat":312234},{"id":4902,"n":"Purée de fruit NATURNES Pomme coing 4M+ - 4x130g","p":2.25,"u":"4,33 €/KG","img":"https://fd5-photos.leclercdrive.fr/image.ashx?id=2478375&use=l&cat=p&typeid=i","cat":312387},{"id":4903,"n":"Purée de fruit NATURNES Pommes Pruneaux 4M+ - 4x130g","p":2.29,"u":"4,40 €/KG","img":"https://fd5-photos.leclercdrive.fr/image.ashx?id=2571770&use=l&cat=p&typeid=i","cat":312387},{"id":4905,"n":"Purée de fruit NATURNES Pomme banane 4M+ - 4x130g","p":2.13,"u":"4,10 €/KG","img":"https://fd5-photos.leclercdrive.fr/image.ashx?id=2599937&use=l&cat=p&typeid=i","cat":312387},{"id":4906,"n":"Purée de fruit NATURNES Pommes Poires 4M+ - 4x130g","p":2.17,"u":"4,17 €/KG","img":"https://fd5-photos.leclercdrive.fr/image.ashx?id=2672551&use=l&cat=p&typeid=i","cat":312387},{"id":4910,"n":"Purée de fruit NATURNES 6M+ Pomme Fraise Myrtilles - 4x130g","p":2.18,"u":"4,19 €/KG","img":"https://fd5-photos.leclercdrive.fr/image.ashx?id=2478399&use=l&cat=p&typeid=i","cat":312388},{"id":4988,"n":"Beurre Moulé Paysan Breton Doux - 82%MG - 500g","p":6.25,"u":"12,50 €/KG","img":"https://fd5-photos.leclercdrive.fr/image.ashx?id=2774496&use=l&cat=p&typeid=i","cat":284379},{"id":4996,"n":"Cordon bleu Le Gaulois Dinde - 200g","p":1.91,"u":"9,55 €/KG","img":"https://fd5-photos.leclercdrive.fr/image.ashx?id=2860220&use=l&cat=p&typeid=i","cat":333683},{"id":4997,"n":"Gésiers de volaille Le Gaulois 300g","p":3.12,"u":"10,40 €/KG","img":"https://fd5-photos.leclercdrive.fr/image.ashx?id=2732722&use=l&cat=p&typeid=i","cat":284715},{"id":5000,"n":"Frites de poulet Le Gaulois Panées France - 200g","p":2.34,"u":"11,70 €/KG","img":"https://fd5-photos.leclercdrive.fr/image.ashx?id=2261657&use=l&cat=p&typeid=i","cat":333684},{"id":5005,"n":"Rôti filet de dinde le Gaulois 600g","p":8.95,"u":"14,92 €/KG","img":"https://fd5-photos.leclercdrive.fr/image.ashx?id=2263889&use=l&cat=p&typeid=i","cat":284337},{"id":5015,"n":"Yaourts Les Zaros Délisse Fruits panachés - 16x125g","p":2.48,"u":"1,24 €/KG","img":"https://fd5-photos.leclercdrive.fr/image.ashx?id=2970444&use=l&cat=p&typeid=i","cat":284414},{"id":5016,"n":"Yaourts nature Déli'light 0% MG - 12x125g","p":1.91,"u":"1,27 €/KG","img":"https://fd5-photos.leclercdrive.fr/image.ashx?id=2922482&use=l&cat=p&typeid=i","cat":315000},{"id":5017,"n":"Betterave rouge Notre Jardin Entière cuite sous vide - 500g","p":0.72,"u":"1,44 €/KG","img":"https://fd5-photos.leclercdrive.fr/image.ashx?id=2885116&use=l&cat=p&typeid=i","cat":284352},{"id":5018,"n":"Yaourts Délisse Nature - 4x125g","p":0.65,"u":"1,30 €/KG","img":"https://fd5-photos.leclercdrive.fr/image.ashx?id=3003052&use=l&cat=p&typeid=i","cat":284409},{"id":5021,"n":"Crottin de chèvre Les Croisés 23%mg - 2x60g","p":1.78,"u":"14,83 €/KG","img":"https://fd5-photos.leclercdrive.fr/image.ashx?id=2891878&use=l&cat=p&typeid=i","cat":314031},{"id":5022,"n":"Graisse à frire Rustica végétale - 1kg","p":5.77,"u":"5,77 €/KG","img":"https://fd5-photos.leclercdrive.fr/image.ashx?id=2881226&use=l&cat=p&typeid=i","cat":315229},{"id":5023,"n":"Salade composée Notre Jardin Mélée gourmande - 200g","p":0.99,"u":"4,95 €/KG","img":"https://fd5-photos.leclercdrive.fr/image.ashx?id=2680827&use=l&cat=p&typeid=i","cat":284353},{"id":5024,"n":"Viande des grisons Saint Azay 10 tranches - 80g","p":4.09,"u":"51,13 €/KG","img":"https://fd5-photos.leclercdrive.fr/image.ashx?id=2848490&use=l&cat=p&typeid=i","cat":316007},{"id":5028,"n":"Piémontaise Menu Fraîcheur Au jambon - 500g","p":2.2,"u":"4,40 €/KG","img":"https://fd5-photos.leclercdrive.fr/image.ashx?id=2901428&use=l&cat=p&typeid=i","cat":333657},{"id":5029,"n":"Museau de porc Menu Fraîcheur A la lyonnaise - 300g","p":1.99,"u":"6,63 €/KG","img":"https://fd5-photos.leclercdrive.fr/image.ashx?id=2816558&use=l&cat=p&typeid=i","cat":333657},{"id":5031,"n":"Petits chèvres doux Les Croisés 200g","p":2.02,"u":"10,10 €/KG","img":"https://fd5-photos.leclercdrive.fr/image.ashx?id=2927179&use=l&cat=p&typeid=i","cat":314031},{"id":5032,"n":"Pizza Turini Chorizo - 450g","p":2.69,"u":"5,98 €/KG","img":"https://fd5-photos.leclercdrive.fr/image.ashx?id=2422168&use=l&cat=p&typeid=i","cat":333679},{"id":5033,"n":"Galette au blé noir Côté Table Jambon  emmental 195g","p":1.49,"u":"7,64 €/KG","img":"https://fd5-photos.leclercdrive.fr/image.ashx?id=2837729&use=l&cat=p&typeid=i","cat":333672},{"id":5034,"n":"Galette au blé noir Côté Table Lardons chèvre - 195g","p":1.75,"u":"8,97 €/KG","img":"https://fd5-photos.leclercdrive.fr/image.ashx?id=2835014&use=l&cat=p&typeid=i","cat":333672},{"id":5037,"n":"Gésiers de volaille Volandrie 300g","p":2.49,"u":"8,30 €/KG","img":"https://fd5-photos.leclercdrive.fr/image.ashx?id=2814860&use=l&cat=p&typeid=i","cat":284715},{"id":5040,"n":"Yaourts aromatisés 0% Délisse 4 saveurs - 12x125g","p":2.64,"u":"1,76 €/KG","img":"https://fd5-photos.leclercdrive.fr/image.ashx?id=2898829&use=l&cat=p&typeid=i","cat":315000},{"id":5041,"n":"Fromage blanc Déli'light Nature 0% MG - 1kg","p":1.79,"u":"1,79 €/KG","img":"https://fd5-photos.leclercdrive.fr/image.ashx?id=2834238&use=l&cat=p&typeid=i","cat":315000},{"id":5044,"n":"Fromage à tartiner Les Croisés  Ail et fines herbes 25%mg 150g","p":1.29,"u":"8,60 €/KG","img":"https://fd5-photos.leclercdrive.fr/image.ashx?id=2476122&use=l&cat=p&typeid=i","cat":314029},{"id":5045,"n":"Riz au lait Délisse Vanille - 8x115g","p":2.08,"u":"2,26 €/KG","img":"https://fd5-photos.leclercdrive.fr/image.ashx?id=2489116&use=l&cat=p&typeid=i","cat":284418},{"id":5047,"n":"Gratte éponge Spontex Sans rinçage x3","p":1.3,"u":"0,43 €/P","img":"https://fd5-photos.leclercdrive.fr/image.ashx?id=2975783&use=l&cat=p&typeid=i","cat":284667},{"id":5050,"n":"Sucre de canne Canadou 70cl","p":2.6,"u":"3,71 €/L","img":"https://fd5-photos.leclercdrive.fr/image.ashx?id=2534587&use=l&cat=p&typeid=i","cat":284551},{"id":5070,"n":"Whisky Jack Daniel's Old N°7 70cL","p":20.03,"u":"28,61 €/L","img":"https://fd5-photos.leclercdrive.fr/image.ashx?id=2789763&use=l&cat=p&typeid=i","cat":284547},{"id":5073,"n":"Muscat Olympio Samos 75cl","p":4.53,"u":"6,04 €/L","img":"https://fd5-photos.leclercdrive.fr/image.ashx?id=2504077&use=l&cat=p&typeid=i","cat":284913},{"id":5078,"n":"Sucres morceaux Béghin Say n°4 1kg","p":1.87,"u":"1,87 €/KG","img":"https://fd5-photos.leclercdrive.fr/image.ashx?id=2860172&use=l&cat=p&typeid=i","cat":284502},{"id":5079,"n":"Sucre cristal Béghin Say 1kg","p":1.82,"u":"1,82 €/KG","img":"https://fd5-photos.leclercdrive.fr/image.ashx?id=2866343&use=l&cat=p&typeid=i","cat":284502},{"id":5081,"n":"Sucre poudre Béghin Say 1kg","p":1.75,"u":"1,75 €/KG","img":"https://fd5-photos.leclercdrive.fr/image.ashx?id=2866349&use=l&cat=p&typeid=i","cat":284502},{"id":5082,"n":"Sucre blanc Beghin Say Spécial confiture - 1kg","p":3.0,"u":"3,00 €/KG","img":"https://fd5-photos.leclercdrive.fr/image.ashx?id=2666761&use=l&cat=p&typeid=i","cat":284502},{"id":5083,"n":"Sucre canne Blonvilliers Béghin Say morceaux 1kg","p":2.55,"u":"2,55 €/KG","img":"https://fd5-photos.leclercdrive.fr/image.ashx?id=2962281&use=l&cat=p&typeid=i","cat":284502},{"id":5090,"n":"Pepites de chocolat noir Vahiné - 100g","p":1.93,"u":"19,30 €/KG","img":"https://fd5-photos.leclercdrive.fr/image.ashx?id=2529282&use=l&cat=p&typeid=i","cat":284504},{"id":5107,"n":"Huile d'arachide Rustica  1L","p":3.55,"u":"3,55 €/L","img":"https://fd5-photos.leclercdrive.fr/image.ashx?id=3002509&use=l&cat=p&typeid=i","cat":284453},{"id":5110,"n":"Pâtes Coquillettes Turini  1kg","p":1.35,"u":"1,35 €/KG","img":"https://fd5-photos.leclercdrive.fr/image.ashx?id=2980441&use=l&cat=p&typeid=i","cat":284427},{"id":5112,"n":"Chocolat blanc Tablette d'Or Blanc - 2x100g","p":2.23,"u":"11,15 €/KG","img":"https://fd5-photos.leclercdrive.fr/image.ashx?id=2790880&use=l&cat=p&typeid=i","cat":284957},{"id":5116,"n":"Crème de pêche Auguste Muniot 15%vol. - 50cl","p":4.99,"u":"9,98 €/L","img":"https://fd5-photos.leclercdrive.fr/image.ashx?id=2753360&use=l&cat=p&typeid=i","cat":286032},{"id":5121,"n":"Café moulu Plantation Ethiopie - 250g","p":3.89,"u":"15,56 €/KG","img":"https://fd5-photos.leclercdrive.fr/image.ashx?id=2607434&use=l&cat=p&typeid=i","cat":284750},{"id":5126,"n":"Riz long Comptoir du Grain Cuisson rapide 10min - 1kg","p":1.69,"u":"1,69 €/KG","img":"https://fd5-photos.leclercdrive.fr/image.ashx?id=2764137&use=l&cat=p&typeid=i","cat":284428},{"id":5128,"n":"Chips Pom'lisse Bolognaise - 135g","p":1.29,"u":"9,56 €/KG","img":"https://fd5-photos.leclercdrive.fr/image.ashx?id=2919604&use=l&cat=p&typeid=i","cat":284447},{"id":5155,"n":"Mini Gomme Esquisse Plastique x2","p":0.59,"u":"0,30 €/P","img":"https://fd5-photos.leclercdrive.fr/image.ashx?id=2943220&use=l&cat=p&typeid=i","cat":334133},{"id":5158,"n":"Déodorant Bille Femme Nivea Dry Confort 72H - 50ml","p":1.95,"u":"39,00 €/L","img":"https://fd5-photos.leclercdrive.fr/image.ashx?id=2871058&use=l&cat=p&typeid=i","cat":284595},{"id":5187,"n":"Poires Conférence  1kg","p":2.29,"u":"2,29 €/KG","img":"https://fd5-photos.leclercdrive.fr/image.ashx?id=1636335&use=l&cat=p&typeid=i","cat":284356},{"id":5193,"n":"Croissants pur beurre 10x1p","p":4.95,"u":"0,50 €/P","img":"https://fd5-photos.leclercdrive.fr/image.ashx?id=565287&use=l&cat=p&typeid=i","cat":284984},{"id":5227,"n":"Pâtes Lustucru coquillettes Oeufs frais - 250g","p":0.88,"u":"3,52 €/KG","img":"https://fd5-photos.leclercdrive.fr/image.ashx?id=2519474&use=l&cat=p&typeid=i","cat":284427},{"id":5228,"n":"Pâtes Lustucru spaghetti courts Oeufs frais - 250g","p":0.88,"u":"3,52 €/KG","img":"https://fd5-photos.leclercdrive.fr/image.ashx?id=2519477&use=l&cat=p&typeid=i","cat":284427},{"id":5248,"n":"Yaourts aux fruits Délisse Panaché de fruits - 12x125g","p":3.39,"u":"2,26 €/KG","img":"https://fd5-photos.leclercdrive.fr/image.ashx?id=2658575&use=l&cat=p&typeid=i","cat":284410},{"id":5250,"n":"Crème glacée Eskiss Pistache avec éclats - 494g","p":2.51,"u":"5,08 €/KG","img":"https://fd5-photos.leclercdrive.fr/image.ashx?id=2982586&use=l&cat=p&typeid=i","cat":284263},{"id":5252,"n":"Pansements Primoplast Spécial articulations 10 bandes","p":1.99,"img":"https://fd5-photos.leclercdrive.fr/image.ashx?id=2856420&use=l&cat=p&typeid=i","cat":284630},{"id":5253,"n":"Pansements Primoplast Spécial Articulations x30","p":1.59,"img":"https://fd5-photos.leclercdrive.fr/image.ashx?id=2832912&use=l&cat=p&typeid=i","cat":284630},{"id":5255,"n":"Croc Côté Croc Poulet Fromage x2 - 200g","p":1.54,"u":"7,70 €/KG","img":"https://fd5-photos.leclercdrive.fr/image.ashx?id=2967549&use=l&cat=p&typeid=i","cat":333683},{"id":5256,"n":"Bonbons Copains Copines Assortiment - 750g","p":3.85,"u":"5,13 €/KG","img":"https://fd5-photos.leclercdrive.fr/image.ashx?id=2934652&use=l&cat=p&typeid=i","cat":304250},{"id":5261,"n":"Fromage blanc Délisse Nature 7.8% MG - 8x100g","p":2.89,"u":"3,61 €/KG","img":"https://fd5-photos.leclercdrive.fr/image.ashx?id=3012812&use=l&cat=p&typeid=i","cat":284409},{"id":5264,"n":"Crème glacée Eskiss Fraise avec morceaux - 494g","p":2.84,"u":"5,75 €/KG","img":"https://fd5-photos.leclercdrive.fr/image.ashx?id=2982598&use=l&cat=p&typeid=i","cat":284263},{"id":5265,"n":"Piémontaise Menu Fraîcheur  Au jambon - 300g","p":1.59,"u":"5,30 €/KG","img":"https://fd5-photos.leclercdrive.fr/image.ashx?id=2901425&use=l&cat=p&typeid=i","cat":333657},{"id":5271,"n":"Betteraves Menu Fraîcheur  Rouge en dés - 300g","p":1.19,"u":"3,97 €/KG","img":"https://fd5-photos.leclercdrive.fr/image.ashx?id=2552418&use=l&cat=p&typeid=i","cat":333657},{"id":5273,"n":"Pilons de poulet Côté Croc à l'Indienne - 250g","p":2.49,"u":"9,96 €/KG","img":"https://fd5-photos.leclercdrive.fr/image.ashx?id=2560473&use=l&cat=p&typeid=i","cat":333685},{"id":5274,"n":"Quiche lorraine Coté Table 2x130g","p":2.69,"u":"10,35 €/KG","img":"https://fd5-photos.leclercdrive.fr/image.ashx?id=2869790&use=l&cat=p&typeid=i","cat":333680},{"id":5277,"n":"Yaourts Pâtissiers Délisse Spécialités gourmandes-12x125g","p":3.17,"u":"2,11 €/KG","img":"https://fd5-photos.leclercdrive.fr/image.ashx?id=2501667&use=l&cat=p&typeid=i","cat":314999},{"id":5281,"n":"Yaourts Petits Délis Chocolat - 6x100g","p":1.91,"u":"3,18 €/KG","img":"https://fd5-photos.leclercdrive.fr/image.ashx?id=2865188&use=l&cat=p&typeid=i","cat":284414},{"id":5284,"n":"Foies de volaille Volandrie confits - 300g","p":2.7,"u":"9,00 €/KG","img":"https://fd5-photos.leclercdrive.fr/image.ashx?id=2814857&use=l&cat=p&typeid=i","cat":284715},{"id":5285,"n":"Escalope Normande Côté Croc x2 - 200g","p":1.78,"u":"8,90 €/KG","img":"https://fd5-photos.leclercdrive.fr/image.ashx?id=2488353&use=l&cat=p&typeid=i","cat":333683},{"id":5288,"n":"Crème dessert Petits Délis Chocolat et lait - 6x70g","p":1.3,"u":"3,10 €/KG","img":"https://fd5-photos.leclercdrive.fr/image.ashx?id=2572061&use=l&cat=p&typeid=i","cat":285041},{"id":5289,"n":"Torti au surimi Menu Fraîcheur 300g","p":1.7,"u":"5,67 €/KG","img":"https://fd5-photos.leclercdrive.fr/image.ashx?id=2965443&use=l&cat=p&typeid=i","cat":333657},{"id":5291,"n":"Cordon bleu Côté Croc Dinde - 400g","p":3.67,"u":"9,18 €/KG","img":"https://fd5-photos.leclercdrive.fr/image.ashx?id=2915116&use=l&cat=p&typeid=i","cat":333683},{"id":5294,"n":"Yaourts brassés Délisse Nature - 4x125g","p":1.05,"u":"2,10 €/KG","img":"https://fd5-photos.leclercdrive.fr/image.ashx?id=2982892&use=l&cat=p&typeid=i","cat":284409},{"id":5296,"n":"Crème dessert Délisse Chocolat blanc - 4x125g","p":1.36,"u":"2,72 €/KG","img":"https://fd5-photos.leclercdrive.fr/image.ashx?id=2753475&use=l&cat=p&typeid=i","cat":285041},{"id":5310,"n":"Petits pois d'aucy  Extra-fins - 560g","p":1.64,"u":"2,93 €/KG","img":"https://fd5-photos.leclercdrive.fr/image.ashx?id=2426361&use=l&cat=p&typeid=i","cat":312607},{"id":5311,"n":"Petits pois carottes d'Aucy A l'étuvée - Extra fins - 530g","p":1.65,"u":"3,11 €/KG","img":"https://fd5-photos.leclercdrive.fr/image.ashx?id=2426364&use=l&cat=p&typeid=i","cat":312607},{"id":5317,"n":"Lentilles cuisinées Raynal Et Roquelaure - 410g","p":1.13,"u":"2,76 €/KG","img":"https://fd5-photos.leclercdrive.fr/image.ashx?id=2928396&use=l&cat=p&typeid=i","cat":312609},{"id":5318,"n":"Biscuits galettes St Michel 130g","p":0.82,"u":"6,31 €/KG","img":"https://fd5-photos.leclercdrive.fr/image.ashx?id=2986149&use=l&cat=p&typeid=i","cat":284487},{"id":5321,"n":"Chocolat poudre Benco 400g","p":2.29,"u":"5,73 €/KG","img":"https://fd5-photos.leclercdrive.fr/image.ashx?id=2871805&use=l&cat=p&typeid=i","cat":293235},{"id":5339,"n":"Fruits au sirop St Mamet Cocktail - 500g","p":3.76,"u":"7,52 €/KG","img":"https://fd5-photos.leclercdrive.fr/image.ashx?id=2412435&use=l&cat=p&typeid=i","cat":284507},{"id":5342,"n":"Soda Canada Dry Ginger Ale 1,5L","p":1.95,"u":"1,30 €/L","img":"https://fd5-photos.leclercdrive.fr/image.ashx?id=2654674&use=l&cat=p&typeid=i","cat":284531},{"id":5362,"n":"Vin mousseux Charles Volner Brut - 12%vol. - 75cl","p":4.01,"u":"5,35 €/L","img":"https://fd5-photos.leclercdrive.fr/image.ashx?id=1592052&use=l&cat=p&typeid=i","cat":284544},{"id":5364,"n":"Fromage blanc Délisse Nature 7% MG - 1kg","p":2.39,"u":"2,39 €/KG","img":"https://fd5-photos.leclercdrive.fr/image.ashx?id=2834999&use=l&cat=p&typeid=i","cat":284409},{"id":5367,"n":"Biscuits tuiles P'tit Déli 100g","p":1.17,"u":"11,70 €/KG","img":"https://fd5-photos.leclercdrive.fr/image.ashx?id=1898889&use=l&cat=p&typeid=i","cat":284487},{"id":5368,"n":"Biscuits Croustillants Tokapi Gouda - 85g","p":0.99,"u":"11,65 €/KG","img":"https://fd5-photos.leclercdrive.fr/image.ashx?id=2507685&use=l&cat=p&typeid=i","cat":297000},{"id":5381,"n":"Dentifrice Dentamyl Haleine fraîche 75ml","p":1.39,"u":"18,53 €/L","img":"https://fd5-photos.leclercdrive.fr/image.ashx?id=2613828&use=l&cat=p&typeid=i","cat":284612},{"id":5391,"n":"Yaourts à boire Délisse 3 parfums - 6x180g","p":2.39,"u":"2,21 €/KG","img":"https://fd5-photos.leclercdrive.fr/image.ashx?id=2757924&use=l&cat=p&typeid=i","cat":284415},{"id":5393,"n":"Fromage blanc Délisse Framboise 5.5% MG - 500g","p":2.39,"u":"4,78 €/KG","img":"https://fd5-photos.leclercdrive.fr/image.ashx?id=3012821&use=l&cat=p&typeid=i","cat":284409},{"id":5396,"n":"Bain de bouche Dentamyl Multi Protection - 500ml","p":1.89,"u":"3,78 €/L","img":"https://fd5-photos.leclercdrive.fr/image.ashx?id=2500806&use=l&cat=p&typeid=i","cat":284613},{"id":5399,"n":"Pur jus d'orange Bio Village Bio sans pulpe - 1L","p":2.45,"u":"2,45 €/L","img":"https://fd5-photos.leclercdrive.fr/image.ashx?id=2901521&use=l&cat=p&typeid=i","cat":284521},{"id":5400,"n":"Nouilles bouclées d'Alsace NRT 250g","p":1.39,"u":"5,56 €/KG","img":"https://fd5-photos.leclercdrive.fr/image.ashx?id=2839965&use=l&cat=p&typeid=i","cat":284427},{"id":5403,"n":"Plumes d'Alsace NRT 250g","p":1.39,"u":"5,56 €/KG","img":"https://fd5-photos.leclercdrive.fr/image.ashx?id=2839971&use=l&cat=p&typeid=i","cat":284427},{"id":5404,"n":"IGP Coquilles d'Alsace NRT 250g","p":1.39,"u":"5,56 €/KG","img":"https://fd5-photos.leclercdrive.fr/image.ashx?id=2839974&use=l&cat=p&typeid=i","cat":284427},{"id":5405,"n":"Saucisse sèche d'Auvergne  NRT - 300g","p":5.74,"u":"19,13 €/KG","img":"https://fd5-photos.leclercdrive.fr/image.ashx?id=2991473&use=l&cat=p&typeid=i","cat":316006},{"id":5406,"n":"Saucisson sec d'Auvergne IGP Nos Régions ont du Talent 300g","p":5.54,"u":"18,47 €/KG","img":"https://fd5-photos.leclercdrive.fr/image.ashx?id=2991476&use=l&cat=p&typeid=i","cat":316006},{"id":5407,"n":"Coquillettes d'Alsace NRT 250g","p":1.39,"u":"5,56 €/KG","img":"https://fd5-photos.leclercdrive.fr/image.ashx?id=2839977&use=l&cat=p&typeid=i","cat":284427},{"id":5465,"n":"Eau de source de Montagne 6x50cl","p":1.67,"u":"0,56 €/L","img":"https://fd5-photos.leclercdrive.fr/image.ashx?id=2727614&use=l&cat=p&typeid=i","cat":284535},{"id":5480,"n":"Biscuits Dejeuner REM 3x255g","p":3.2,"u":"4,18 €/KG","img":"https://fd5-photos.leclercdrive.fr/image.ashx?id=3002201&use=l&cat=p&typeid=i","cat":284491},{"id":5498,"n":"Comté des terroirs Entremont 200g","p":3.5,"u":"17,50 €/KG","img":"https://fd5-photos.leclercdrive.fr/image.ashx?id=2474245&use=l&cat=p&typeid=i","cat":314034},{"id":5501,"n":"Sel La Baleine  Fin iodé 125g","p":0.33,"u":"2,64 €/KG","img":"https://fd5-photos.leclercdrive.fr/image.ashx?id=2019879&use=l&cat=p&typeid=i","cat":284457},{"id":5509,"n":"Pâtes Torsades Turini 1kg","p":1.29,"u":"1,29 €/KG","img":"https://fd5-photos.leclercdrive.fr/image.ashx?id=2980767&use=l&cat=p&typeid=i","cat":284427},{"id":5511,"n":"Sparadrap Primoplast Peaux délicates 5mx2.5cm","p":1.48,"img":"https://fd5-photos.leclercdrive.fr/image.ashx?id=2856426&use=l&cat=p&typeid=i","cat":284630},{"id":5514,"n":"Bande strapping Primoplast Adhésive 2.5mx6cm","p":3.39,"img":"https://fd5-photos.leclercdrive.fr/image.ashx?id=2856441&use=l&cat=p&typeid=i","cat":284630},{"id":5515,"n":"Vin mousseux d'Union Européenne  brut  -75cl","p":2.99,"u":"3,99 €/L","img":"https://fd5-photos.leclercdrive.fr/image.ashx?id=2807279&use=l&cat=p&typeid=i","cat":284544},{"id":5517,"n":"Canapés toasts Epi d'Or Nature - 280g","p":1.12,"u":"4,00 €/KG","img":"https://fd5-photos.leclercdrive.fr/image.ashx?id=2610166&use=l&cat=p&typeid=i","cat":285454},{"id":5529,"n":"Croquettes petits chiens Ultima  Poulet - Yorkshire - 800g","p":3.12,"u":"3,90 €/KG","img":"https://fd5-photos.leclercdrive.fr/image.ashx?id=2922224&use=l&cat=p&typeid=i","cat":294526},{"id":5536,"n":"Biscuits Pockitos Pépito Chocolat au lait - 295g","p":3.37,"u":"11,42 €/KG","img":"https://fd5-photos.leclercdrive.fr/image.ashx?id=3001955&use=l&cat=p&typeid=i","cat":284488},{"id":5545,"n":"Garniture Bouchées à la reine Petit Jean - 400g","p":2.13,"u":"5,33 €/KG","img":"https://fd5-photos.leclercdrive.fr/image.ashx?id=2677240&use=l&cat=p&typeid=i","cat":284441},{"id":5546,"n":"Pâté de foie William Saurin - 3x78g","p":2.24,"u":"9,57 €/KG","img":"https://fd5-photos.leclercdrive.fr/image.ashx?id=2392756&use=l&cat=p&typeid=i","cat":305149},{"id":5560,"n":"Tampons Doulys Digitaux Mini - x24","p":1.62,"u":"0,07 €/P","img":"https://fd5-photos.leclercdrive.fr/image.ashx?id=2965407&use=l&cat=p&typeid=i","cat":284626},{"id":5561,"n":"Tampons Doulys Digitaux Super - x24","p":1.26,"u":"0,05 €/P","img":"https://fd5-photos.leclercdrive.fr/image.ashx?id=2965413&use=l&cat=p&typeid=i","cat":284626},{"id":5564,"n":"Lingettes nettoyantes Clair Vitres 3en1 x20","p":0.87,"u":"0,04 €/P","img":"https://fd5-photos.leclercdrive.fr/image.ashx?id=2858827&use=l&cat=p&typeid=i","cat":325363},{"id":5576,"n":"Biscuits choco barre P'tit Déli Chocolat lait 295g","p":2.64,"u":"8,95 €/KG","img":"https://fd5-photos.leclercdrive.fr/image.ashx?id=2618229&use=l&cat=p&typeid=i","cat":284488},{"id":5578,"n":"Cuillers à pâtisserie  P'tit Déli 300g","p":2.49,"u":"8,30 €/KG","img":"https://fd5-photos.leclercdrive.fr/image.ashx?id=2046352&use=l&cat=p&typeid=i","cat":284487},{"id":5582,"n":"Chewing-gum Freedent white Fruits sans sucre x50 - 70g","p":2.11,"u":"30,14 €/KG","img":"https://fd5-photos.leclercdrive.fr/image.ashx?id=2237283&use=l&cat=p&typeid=i","cat":304251},{"id":5612,"n":"Eau de source Cristaline 6x1,5L","p":1.12,"u":"0,12 €/L","img":"https://fd5-photos.leclercdrive.fr/image.ashx?id=2389449&use=l&cat=p&typeid=i","cat":284535},{"id":5619,"n":"Oeufs de lompe Ronde des Mers Rouge - MSC - 100g","p":2.6,"u":"26,00 €/KG","img":"https://fd5-photos.leclercdrive.fr/image.ashx?id=2822720&use=l&cat=p&typeid=i","cat":285191},{"id":5622,"n":"Croquettes chiens Lydog Spécial Forme - Volaille - 4kg","p":4.99,"u":"1,25 €/KG","img":"https://fd5-photos.leclercdrive.fr/image.ashx?id=2191117&use=l&cat=p&typeid=i","cat":284672},{"id":5624,"n":"Croquettes chiens Lydog Junior - Volaille - 4kg","p":7.98,"u":"2,00 €/KG","img":"https://fd5-photos.leclercdrive.fr/image.ashx?id=1937477&use=l&cat=p&typeid=i","cat":284672},{"id":5626,"n":"Bonbons Copains Copines Frites acides - 275 g","p":1.71,"u":"6,22 €/KG","img":"https://fd5-photos.leclercdrive.fr/image.ashx?id=2934655&use=l&cat=p&typeid=i","cat":304250},{"id":5627,"n":"Lasagnes bolognaise Côté Table 1kg","p":4.14,"u":"4,14 €/KG","img":"https://fd5-photos.leclercdrive.fr/image.ashx?id=2570915&use=l&cat=p&typeid=i","cat":333666},{"id":5630,"n":"Papier toilette blanc Mimosa Ultra doux maxi rouleau - x12","p":5.4,"u":"0,45 €/P","img":"https://fd5-photos.leclercdrive.fr/image.ashx?id=2777848&use=l&cat=p&typeid=i","cat":284634},{"id":5681,"n":"Baguette Tradition           250g","p":0.87,"u":"3,48 €/KG","img":"https://fd5-photos.leclercdrive.fr/image.ashx?id=2442057&use=l&cat=p&typeid=i","cat":284359},{"id":5736,"n":"Sel adoucisseur Axal Pastilles - 10kg","p":4.35,"u":"0,44 €/KG","img":"https://fd5-photos.leclercdrive.fr/image.ashx?id=2504482&use=l&cat=p&typeid=i","cat":335918},{"id":5772,"n":"Biscuits tartelette Bonne Maman Citron 125g","p":1.32,"u":"10,56 €/KG","img":"https://fd5-photos.leclercdrive.fr/image.ashx?id=2962296&use=l&cat=p&typeid=i","cat":284489},{"id":5802,"n":"Lait entier Vitamine D Lactel UHT Bouteille - 6x1l","p":10.38,"u":"1,73 €/L","img":"https://fd5-photos.leclercdrive.fr/image.ashx?id=2889427&use=l&cat=p&typeid=i","cat":285610},{"id":5816,"n":"Rillettes de thon Cap Océan MSC 150g","p":1.88,"u":"12,53 €/KG","img":"https://fd5-photos.leclercdrive.fr/image.ashx?id=2668440&use=l&cat=p&typeid=i","cat":285191},{"id":5823,"n":"Lait demi-écrémé Lactel Vitamine D Bouteille - 6x50cl","p":5.76,"u":"1,92 €/L","img":"https://fd5-photos.leclercdrive.fr/image.ashx?id=2993403&use=l&cat=p&typeid=i","cat":284377},{"id":5840,"n":"Filets anchois Rondes des mers 105g","p":2.73,"u":"26,00 €/KG","img":"https://fd5-photos.leclercdrive.fr/image.ashx?id=1671616&use=l&cat=p&typeid=i","cat":285190},{"id":5850,"n":"Couscous Côté Table Poulet merguez 450g","p":2.7,"u":"6,00 €/KG","img":"https://fd5-photos.leclercdrive.fr/image.ashx?id=1936608&use=l&cat=p&typeid=i","cat":333665},{"id":5855,"n":"Lasagnes bolognaise Côté Table 350g","p":2.85,"u":"8,14 €/KG","img":"https://fd5-photos.leclercdrive.fr/image.ashx?id=1701331&use=l&cat=p&typeid=i","cat":333665},{"id":5856,"n":"Préparation pour crème brûlée Délisse 4x100g","p":2.59,"u":"6,48 €/KG","img":"https://fd5-photos.leclercdrive.fr/image.ashx?id=2842465&use=l&cat=p&typeid=i","cat":284419},{"id":5860,"n":"Petit pot de crème Délisse Pistache - 4x100g","p":1.85,"u":"4,63 €/KG","img":"https://fd5-photos.leclercdrive.fr/image.ashx?id=2550378&use=l&cat=p&typeid=i","cat":285041},{"id":5865,"n":"Actifidus Délisse Noix de coco - 4x125g","p":1.38,"u":"2,76 €/KG","img":"https://fd5-photos.leclercdrive.fr/image.ashx?id=2421039&use=l&cat=p&typeid=i","cat":315000},{"id":5868,"n":"Spécialité au soja Nat & Vie Vanille - 4x100g","p":1.37,"u":"3,43 €/KG","img":"https://fd5-photos.leclercdrive.fr/image.ashx?id=2901434&use=l&cat=p&typeid=i","cat":316071},{"id":5869,"n":"Spécialité au soja Nat & Vie Chocolat - 4x100g","p":1.34,"u":"3,35 €/KG","img":"https://fd5-photos.leclercdrive.fr/image.ashx?id=2901437&use=l&cat=p&typeid=i","cat":316071},{"id":5871,"n":"Yaourts à boire DéliUp' Délisse Fraise - 10x100g","p":2.87,"u":"2,87 €/KG","img":"https://fd5-photos.leclercdrive.fr/image.ashx?id=1871092&use=l&cat=p&typeid=i","cat":284415},{"id":5873,"n":"Beignets crevettes Tables du Monde x6 140g","p":2.06,"u":"14,71 €/KG","img":"https://fd5-photos.leclercdrive.fr/image.ashx?id=2865053&use=l&cat=p&typeid=i","cat":333673},{"id":5877,"n":"Petit pot de crème Délisse Chocolat - 8x100g","p":3.57,"u":"4,46 €/KG","img":"https://fd5-photos.leclercdrive.fr/image.ashx?id=2544970&use=l&cat=p&typeid=i","cat":285041},{"id":5878,"n":"Jus 3 agrumes Jafaden 1L","p":2.75,"u":"2,75 €/L","img":"https://fd5-photos.leclercdrive.fr/image.ashx?id=2916665&use=l&cat=p&typeid=i","cat":285435},{"id":5880,"n":"Yaourts mousse Petits Délis Fruits - 6x74g","p":1.77,"u":"3,99 €/KG","img":"https://fd5-photos.leclercdrive.fr/image.ashx?id=2907057&use=l&cat=p&typeid=i","cat":284414},{"id":5891,"n":"Tzatziki Tables du Monde 200g","p":1.55,"u":"7,75 €/KG","img":"https://fd5-photos.leclercdrive.fr/image.ashx?id=2872255&use=l&cat=p&typeid=i","cat":315999},{"id":5895,"n":"Tripes mode de caen NRT 600g","p":3.99,"u":"6,65 €/KG","img":"https://fd5-photos.leclercdrive.fr/image.ashx?id=2723198&use=l&cat=p&typeid=i","cat":284441},{"id":5896,"n":"Litière rongeurs P'tit Ami 15L","p":1.32,"u":"0,09 €/L","img":"https://fd5-photos.leclercdrive.fr/image.ashx?id=2162198&use=l&cat=p&typeid=i","cat":284677},{"id":5898,"n":"Litière rongeurs P'tit Ami 60L","p":4.2,"u":"0,07 €/L","img":"https://fd5-photos.leclercdrive.fr/image.ashx?id=2162204&use=l&cat=p&typeid=i","cat":284677},{"id":5901,"n":"Filtre à café Melitta 1x4 Original - x40","p":0.89,"u":"0,02 €/P","img":"https://fd5-photos.leclercdrive.fr/image.ashx?id=2882053&use=l&cat=p&typeid=i","cat":284751},{"id":5907,"n":"Haricots beurre d'aucy Extra-fins - 440g","p":1.76,"u":"4,00 €/KG","img":"https://fd5-photos.leclercdrive.fr/image.ashx?id=2431536&use=l&cat=p&typeid=i","cat":312606},{"id":5909,"n":"Mini gâches briochettes NRT Pur beurre x8 - 360g","p":2.07,"u":"5,75 €/KG","img":"https://fd5-photos.leclercdrive.fr/image.ashx?id=2670416&use=l&cat=p&typeid=i","cat":284478},{"id":5910,"n":"Ketchup Amora 280g","p":1.02,"u":"3,64 €/KG","img":"https://fd5-photos.leclercdrive.fr/image.ashx?id=2766667&use=l&cat=p&typeid=i","cat":284455},{"id":5912,"n":"Sel fin iodé Cérébos 500g","p":0.54,"u":"1,08 €/KG","img":"https://fd5-photos.leclercdrive.fr/image.ashx?id=2522095&use=l&cat=p&typeid=i","cat":284457},{"id":5917,"n":"Boule de pain tranchée 400g","p":1.4,"u":"3,50 €/KG","img":"https://fd5-photos.leclercdrive.fr/image.ashx?id=2062891&use=l&cat=p&typeid=i","cat":284359},{"id":5951,"n":"Ravioli bolognaise   Panzani - 800g","p":3.82,"u":"4,78 €/KG","img":"https://fd5-photos.leclercdrive.fr/image.ashx?id=2876062&use=l&cat=p&typeid=i","cat":284442},{"id":5952,"n":"Couscous Grain Moyen Ferrero - 1kg","p":2.18,"u":"2,18 €/KG","img":"https://fd5-photos.leclercdrive.fr/image.ashx?id=2744740&use=l&cat=p&typeid=i","cat":284429},{"id":5954,"n":"Café moulu San Marco Arabica - 2x250g","p":10.49,"u":"20,98 €/KG","img":"https://fd5-photos.leclercdrive.fr/image.ashx?id=2645510&use=l&cat=p&typeid=i","cat":284750},{"id":6067,"n":"Huile d'olive Bio Village Bio Vierge extra - 75cl","p":7.47,"u":"9,96 €/L","img":"https://fd5-photos.leclercdrive.fr/image.ashx?id=3005697&use=l&cat=p&typeid=i","cat":284453},{"id":6070,"n":"Pâtes tagliatelles Bio Village Bio - 250g","p":1.65,"u":"6,60 €/KG","img":"https://fd5-photos.leclercdrive.fr/image.ashx?id=1986832&use=l&cat=p&typeid=i","cat":284427},{"id":6075,"n":"Quinoa Bio Village Bio - 500g","p":3.25,"u":"6,50 €/KG","img":"https://fd5-photos.leclercdrive.fr/image.ashx?id=2245755&use=l&cat=p&typeid=i","cat":284429},{"id":6076,"n":"Cookies chocolat Bio Village Bio 200g","p":2.74,"u":"13,70 €/KG","img":"https://fd5-photos.leclercdrive.fr/image.ashx?id=2400523&use=l&cat=p&typeid=i","cat":325066},{"id":6077,"n":"Biscuits sésame Bio Village Bio - 230g","p":1.76,"u":"7,65 €/KG","img":"https://fd5-photos.leclercdrive.fr/image.ashx?id=2363808&use=l&cat=p&typeid=i","cat":284487},{"id":6078,"n":"Yaourts lait brebis nature Bio Bio village - 2x125g","p":1.42,"u":"5,68 €/KG","img":"https://fd5-photos.leclercdrive.fr/image.ashx?id=2046370&use=l&cat=p&typeid=i","cat":314998},{"id":6085,"n":"Jus de fruits Tropicana Multivitamines - 1,5L","p":3.47,"u":"2,31 €/L","img":"https://fd5-photos.leclercdrive.fr/image.ashx?id=2605818&use=l&cat=p&typeid=i","cat":284917},{"id":6145,"n":"Biscuits Goûters REM Chocolat - 3x125g","p":2.29,"u":"6,11 €/KG","img":"https://fd5-photos.leclercdrive.fr/image.ashx?id=2841193&use=l&cat=p&typeid=i","cat":284488},{"id":6147,"n":"Biscuits barres Pockitos Pépito Chocolat au lait - 162g","p":1.86,"u":"11,48 €/KG","img":"https://fd5-photos.leclercdrive.fr/image.ashx?id=3001964&use=l&cat=p&typeid=i","cat":284488},{"id":6151,"n":"Pâtes Coudes rayés Panzani 500g","p":1.06,"u":"2,12 €/KG","img":"https://fd5-photos.leclercdrive.fr/image.ashx?id=2876008&use=l&cat=p&typeid=i","cat":284427},{"id":6152,"n":"Pâtes gansettes Panzani 500g","p":1.09,"u":"2,18 €/KG","img":"https://fd5-photos.leclercdrive.fr/image.ashx?id=2876017&use=l&cat=p&typeid=i","cat":284427},{"id":6153,"n":"Pâtes Macaroni Panzani 1kg","p":1.73,"u":"1,73 €/KG","img":"https://fd5-photos.leclercdrive.fr/image.ashx?id=2876026&use=l&cat=p&typeid=i","cat":284427},{"id":6154,"n":"Pâtes farfalle Panzani 500g","p":0.98,"u":"1,96 €/KG","img":"https://fd5-photos.leclercdrive.fr/image.ashx?id=2884300&use=l&cat=p&typeid=i","cat":284427},{"id":6155,"n":"Pâtes Torti Panzani 3 Minutes - 500G","p":1.11,"u":"2,22 €/KG","img":"https://fd5-photos.leclercdrive.fr/image.ashx?id=2896084&use=l&cat=p&typeid=i","cat":284427},{"id":6168,"n":"Viande Bovine Rumsteack Socopa  Mariné à l'échalote - x2 - 240g","p":4.67,"u":"19,46 €/KG","img":"https://fd5-photos.leclercdrive.fr/image.ashx?id=2414612&use=l&cat=p&typeid=i","cat":284328},{"id":6169,"n":"Fromage apéritif Apéricube Nature 24 cubes","p":2.05,"u":"16,40 €/KG","img":"https://fd5-photos.leclercdrive.fr/image.ashx?id=2883447&use=l&cat=p&typeid=i","cat":314027},{"id":6175,"n":"Rasoirs jetables Bic Sensitive 2 lames - x10","p":2.49,"u":"0,25 €/P","img":"https://fd5-photos.leclercdrive.fr/image.ashx?id=2481553&use=l&cat=p&typeid=i","cat":284616},{"id":6185,"n":"Sucre glace Béghin Say 500g","p":1.9,"u":"3,80 €/KG","img":"https://fd5-photos.leclercdrive.fr/image.ashx?id=2593608&use=l&cat=p&typeid=i","cat":284502},{"id":6188,"n":"Boisson lactée Candy'UP Fraise - 6x20cl","p":2.72,"u":"2,27 €/L","img":"https://fd5-photos.leclercdrive.fr/image.ashx?id=2485629&use=l&cat=p&typeid=i","cat":295246},{"id":6196,"n":"AOP Côtes du Rhône rouge Prestige Cellier Dauphins 75cl","p":3.12,"u":"4,16 €/L","img":"https://fd5-photos.leclercdrive.fr/image.ashx?id=2490533&use=l&cat=p&typeid=i","cat":289556},{"id":6218,"n":"Fromage blanc Déli'light aux Fruits - 0% mg - 8x100g","p":2.89,"u":"3,61 €/KG","img":"https://fd5-photos.leclercdrive.fr/image.ashx?id=2967552&use=l&cat=p&typeid=i","cat":315000},{"id":6222,"n":"Fromage à tartiner Les Croisés Noix - 25%mg - 125g","p":1.4,"u":"11,20 €/KG","img":"https://fd5-photos.leclercdrive.fr/image.ashx?id=2482621&use=l&cat=p&typeid=i","cat":314029},{"id":6223,"n":"Fromage Maroilles AOP  Nos Régions ont du Talent 200g","p":2.69,"u":"13,45 €/KG","img":"https://fd5-photos.leclercdrive.fr/image.ashx?id=2411892&use=l&cat=p&typeid=i","cat":329558},{"id":6239,"n":"Nuggets de dinde Le Gaulois  x50 - 1kg","p":6.3,"u":"6,30 €/KG","img":"https://fd5-photos.leclercdrive.fr/image.ashx?id=2921274&use=l&cat=p&typeid=i","cat":333684},{"id":6240,"n":"Cordons bleu Le Gaulois Dinde x10 - 1kg","p":7.5,"u":"7,50 €/KG","img":"https://fd5-photos.leclercdrive.fr/image.ashx?id=2485913&use=l&cat=p&typeid=i","cat":333683},{"id":6243,"n":"AOC Muscadet vin blanc Les Caractères - BIB 3L","p":13.99,"u":"4,66 €/L","img":"https://fd5-photos.leclercdrive.fr/image.ashx?id=2923396&use=l&cat=p&typeid=i","cat":289560},{"id":6249,"n":"Céleri Menu Fraîcheur  Rémoulade - 500g","p":1.58,"u":"3,16 €/KG","img":"https://fd5-photos.leclercdrive.fr/image.ashx?id=2820107&use=l&cat=p&typeid=i","cat":333657},{"id":6254,"n":"Salade Coleslaw Menu Fraîcheur  300g","p":1.19,"u":"3,97 €/KG","img":"https://fd5-photos.leclercdrive.fr/image.ashx?id=2645891&use=l&cat=p&typeid=i","cat":333657},{"id":6256,"n":"Pizza Turini Jambon champignons - 450g","p":2.73,"u":"6,07 €/KG","img":"https://fd5-photos.leclercdrive.fr/image.ashx?id=2709734&use=l&cat=p&typeid=i","cat":333679},{"id":6291,"n":"Semoule fine Panzani 500g","p":1.02,"u":"2,04 €/KG","img":"https://fd5-photos.leclercdrive.fr/image.ashx?id=2745559&use=l&cat=p&typeid=i","cat":284429},{"id":6314,"n":"Pansements Primoplast Peaux sensibles x30","p":0.88,"img":"https://fd5-photos.leclercdrive.fr/image.ashx?id=2832918&use=l&cat=p&typeid=i","cat":284630},{"id":6316,"n":"Escalope de poulet Côté Croc À la Bolognaise x2 - 200g","p":2.13,"u":"10,65 €/KG","img":"https://fd5-photos.leclercdrive.fr/image.ashx?id=2814420&use=l&cat=p&typeid=i","cat":333683},{"id":6346,"n":"Madeleines longues P'tit Déli  Pur beurre 250g","p":1.57,"u":"6,28 €/KG","img":"https://fd5-photos.leclercdrive.fr/image.ashx?id=2999487&use=l&cat=p&typeid=i","cat":284492},{"id":6350,"n":"Eponges Mamison couleur Super absorbantes x3","p":1.22,"u":"0,41 €/P","img":"https://fd5-photos.leclercdrive.fr/image.ashx?id=2458049&use=l&cat=p&typeid=i","cat":284667},{"id":6353,"n":"Pancetta italienne Saint Azay 10 tranches - 100g","p":2.89,"u":"28,90 €/KG","img":"https://fd5-photos.leclercdrive.fr/image.ashx?id=2665847&use=l&cat=p&typeid=i","cat":316007},{"id":6355,"n":"AOC Clairette de Die doux Rives et Terrasses - 75cl","p":5.29,"u":"7,05 €/L","img":"https://fd5-photos.leclercdrive.fr/image.ashx?id=2753369&use=l&cat=p&typeid=i","cat":284544},{"id":6357,"n":"Chorizo doux Saint Azay 30 tranches - 150g","p":2.09,"u":"13,93 €/KG","img":"https://fd5-photos.leclercdrive.fr/image.ashx?id=1873710&use=l&cat=p&typeid=i","cat":316007},{"id":6358,"n":"Gel nettoyant wc javel Syphon Agrumes 750ml","p":0.89,"u":"1,19 €/L","img":"https://fd5-photos.leclercdrive.fr/image.ashx?id=2669696&use=l&cat=p&typeid=i","cat":284662},{"id":6359,"n":"Croûtons Epi d'Or Fromage - 90g","p":0.99,"u":"11,00 €/KG","img":"https://fd5-photos.leclercdrive.fr/image.ashx?id=2651783&use=l&cat=p&typeid=i","cat":284464},{"id":6362,"n":"Mélange Gourmand Tokapi  Graines et raisins - 120g","p":1.29,"u":"10,75 €/KG","img":"https://fd5-photos.leclercdrive.fr/image.ashx?id=2795547&use=l&cat=p&typeid=i","cat":284448},{"id":6364,"n":"Fromage Reblochon de Savoie NRT AOP - 450g","p":6.25,"u":"13,89 €/KG","img":"https://fd5-photos.leclercdrive.fr/image.ashx?id=2663809&use=l&cat=p&typeid=i","cat":314037},{"id":6365,"n":"Galettes sarrasin NRT de Bretagne 230g","p":1.79,"u":"7,78 €/KG","img":"https://fd5-photos.leclercdrive.fr/image.ashx?id=2770259&use=l&cat=p&typeid=i","cat":333672},{"id":6366,"n":"Crêpes de froment NRT de Bretagne 180g","p":1.99,"u":"11,06 €/KG","img":"https://fd5-photos.leclercdrive.fr/image.ashx?id=2771058&use=l&cat=p&typeid=i","cat":333672},{"id":6388,"n":"Confiture Bonne Maman Mirabelle 370g","p":1.89,"u":"5,11 €/KG","img":"https://fd5-photos.leclercdrive.fr/image.ashx?id=2991891&use=l&cat=p&typeid=i","cat":284480},{"id":6391,"n":"Compotes Andros Pomme poire 750g","p":1.76,"u":"2,35 €/KG","img":"https://fd5-photos.leclercdrive.fr/image.ashx?id=2396117&use=l&cat=p&typeid=i","cat":284508},{"id":6392,"n":"Compotes Andros Pomme vanille 750g","p":1.76,"u":"2,35 €/KG","img":"https://fd5-photos.leclercdrive.fr/image.ashx?id=2396120&use=l&cat=p&typeid=i","cat":284508},{"id":6397,"n":"Fruits au sirop St Mamet Cocktail avec son jus - 250g","p":2.19,"u":"8,76 €/KG","img":"https://fd5-photos.leclercdrive.fr/image.ashx?id=2412432&use=l&cat=p&typeid=i","cat":284507},{"id":6434,"n":"Eau gazeuse Cristaline 6x1,5L","p":1.67,"u":"0,19 €/L","img":"https://fd5-photos.leclercdrive.fr/image.ashx?id=2694602&use=l&cat=p&typeid=i","cat":284536},{"id":6437,"n":"Fromage P'tit Louis  Filet 8 Portions - 160g","p":2.89,"u":"18,06 €/KG","img":"https://fd5-photos.leclercdrive.fr/image.ashx?id=2845994&use=l&cat=p&typeid=i","cat":314030},{"id":6452,"n":"Flan Délisse Vanille Caramel - 12x100g","p":1.89,"u":"1,58 €/KG","img":"https://fd5-photos.leclercdrive.fr/image.ashx?id=2851637&use=l&cat=p&typeid=i","cat":284420},{"id":6455,"n":"Soufflés Snacks Tokapi Bacon - 60g","p":0.48,"u":"8,00 €/KG","img":"https://fd5-photos.leclercdrive.fr/image.ashx?id=2625062&use=l&cat=p&typeid=i","cat":284449},{"id":6456,"n":"Haricots beurre d'aucy Extra-fins - 220g","p":1.24,"u":"5,64 €/KG","img":"https://fd5-photos.leclercdrive.fr/image.ashx?id=2438123&use=l&cat=p&typeid=i","cat":312606},{"id":6461,"n":"Crème dessert Mont Blanc Riz au lait Vanille - 4x125g","p":3.27,"u":"6,54 €/KG","img":"https://fd5-photos.leclercdrive.fr/image.ashx?id=2979614&use=l&cat=p&typeid=i","cat":284506},{"id":6467,"n":"Pâtes Macaroni Turini 1kg","p":1.35,"u":"1,35 €/KG","img":"https://fd5-photos.leclercdrive.fr/image.ashx?id=2980435&use=l&cat=p&typeid=i","cat":284427},{"id":6471,"n":"Lingettes Individuelles Hygiène Intime Hamamélis Intima x16","p":2.0,"u":"0,13 €/P","img":"https://fd5-photos.leclercdrive.fr/image.ashx?id=2959859&use=l&cat=p&typeid=i","cat":284627},{"id":6484,"n":"Alcool modifié Mercurochrome 70° - 200ml","p":1.95,"u":"9,75 €/L","img":"https://fd5-photos.leclercdrive.fr/image.ashx?id=2663974&use=l&cat=p&typeid=i","cat":284630},{"id":6488,"n":"Sucre cristal Béghin Say 5kg","p":8.91,"u":"1,78 €/KG","img":"https://fd5-photos.leclercdrive.fr/image.ashx?id=2866340&use=l&cat=p&typeid=i","cat":284502},{"id":6496,"n":"Sauce au Beurre Blan KNORR Échalote - Brique 30cl","p":1.26,"u":"4,20 €/L","img":"https://fd5-photos.leclercdrive.fr/image.ashx?id=2915991&use=l&cat=p&typeid=i","cat":288381},{"id":6500,"n":"Huile d'olive Lesieur Vierge extra - 1L","p":12.87,"u":"12,87 €/L","img":"https://fd5-photos.leclercdrive.fr/image.ashx?id=2190993&use=l&cat=p&typeid=i","cat":284453},{"id":6512,"n":"Riz long Comptoir du Grain Sachet cuisson rapide x4 - 500g","p":1.25,"u":"2,50 €/KG","img":"https://fd5-photos.leclercdrive.fr/image.ashx?id=2118454&use=l&cat=p&typeid=i","cat":284428},{"id":6513,"n":"Vinaigre de vin Rustica Aromatisé à l'échalote - 75cl","p":1.35,"u":"1,80 €/L","img":"https://fd5-photos.leclercdrive.fr/image.ashx?id=1659936&use=l&cat=p&typeid=i","cat":298543},{"id":6514,"n":"Margarine Nat & vie Idéal cuisson - 500g","p":1.29,"u":"2,58 €/KG","img":"https://fd5-photos.leclercdrive.fr/image.ashx?id=2903932&use=l&cat=p&typeid=i","cat":315229},{"id":6524,"n":"Dessert fruitier pomme Douceur du Verger 8x100g","p":1.69,"u":"2,11 €/KG","img":"https://fd5-photos.leclercdrive.fr/image.ashx?id=798035&use=l&cat=p&typeid=i","cat":284416},{"id":6579,"n":"Vinaigre d'alcool coloré Eco+ 1L","p":0.35,"u":"0,35 €/L","img":"https://fd5-photos.leclercdrive.fr/image.ashx?id=2831553&use=l&cat=p&typeid=i","cat":298543},{"id":6580,"n":"Fromage de chévre Les Croisés 150g","p":1.42,"u":"9,47 €/KG","img":"https://fd5-photos.leclercdrive.fr/image.ashx?id=2684823&use=l&cat=p&typeid=i","cat":314031},{"id":6581,"n":"Fromage : Le carrou Les croisés Authentique - 27% mg - 220g","p":2.43,"u":"11,05 €/KG","img":"https://fd5-photos.leclercdrive.fr/image.ashx?id=2084934&use=l&cat=p&typeid=i","cat":314033},{"id":6589,"n":"Fromage Chaource NRT AOP  250g","p":3.55,"u":"14,20 €/KG","img":"https://fd5-photos.leclercdrive.fr/image.ashx?id=2874768&use=l&cat=p&typeid=i","cat":329558},{"id":6630,"n":"Pâtes torsettes Turini Les 3 min - 500g","p":0.82,"u":"1,64 €/KG","img":"https://fd5-photos.leclercdrive.fr/image.ashx?id=2607467&use=l&cat=p&typeid=i","cat":284427},{"id":6782,"n":"Cannelle en bâton Ducros 10g","p":2.15,"u":"215,00 €/KG","img":"https://fd5-photos.leclercdrive.fr/image.ashx?id=1748573&use=l&cat=p&typeid=i","cat":298297},{"id":6788,"n":"Herbes de provence Ducros 18g","p":0.89,"u":"49,44 €/KG","img":"https://fd5-photos.leclercdrive.fr/image.ashx?id=2486533&use=l&cat=p&typeid=i","cat":298297},{"id":6791,"n":"Piment de cayenne moulu Ducros Extra fort - 38g","p":1.65,"u":"43,42 €/KG","img":"https://fd5-photos.leclercdrive.fr/image.ashx?id=2559433&use=l&cat=p&typeid=i","cat":298297},{"id":6797,"n":"Herbes de Provence Ducros 120g","p":3.07,"u":"25,58 €/KG","img":"https://fd5-photos.leclercdrive.fr/image.ashx?id=2383571&use=l&cat=p&typeid=i","cat":298297},{"id":6798,"n":"Safran en poudre Ducros 3 doses de 0.1g","p":4.24,"img":"https://fd5-photos.leclercdrive.fr/image.ashx?id=2490488&use=l&cat=p&typeid=i","cat":298297},{"id":6799,"n":"Poivre gris moulu et sel Ducros 2x34g","p":2.03,"u":"29,85 €/KG","img":"https://fd5-photos.leclercdrive.fr/image.ashx?id=2759457&use=l&cat=p&typeid=i","cat":284457},{"id":6800,"n":"Baies roses entières Ducros 20g","p":3.05,"u":"152,50 €/KG","img":"https://fd5-photos.leclercdrive.fr/image.ashx?id=2486575&use=l&cat=p&typeid=i","cat":284457},{"id":6803,"n":"Pralin Vahiné 100g","p":2.06,"u":"20,60 €/KG","img":"https://fd5-photos.leclercdrive.fr/image.ashx?id=2559775&use=l&cat=p&typeid=i","cat":284504},{"id":6809,"n":"Arôme naturel de vanille Vahiné Liquide 50ml","p":3.96,"u":"79,20 €/L","img":"https://fd5-photos.leclercdrive.fr/image.ashx?id=2541193&use=l&cat=p&typeid=i","cat":284504},{"id":6810,"n":"Nappage chocolat Vahiné 350g","p":2.74,"u":"7,83 €/KG","img":"https://fd5-photos.leclercdrive.fr/image.ashx?id=2938656&use=l&cat=p&typeid=i","cat":284504},{"id":6829,"n":"Sucre Daddy n°4 Morceaux - 1kg","p":1.79,"u":"1,79 €/KG","img":"https://fd5-photos.leclercdrive.fr/image.ashx?id=2936056&use=l&cat=p&typeid=i","cat":284502},{"id":6830,"n":"Sucre Cristal Daddy 1kg","p":1.61,"u":"1,61 €/KG","img":"https://fd5-photos.leclercdrive.fr/image.ashx?id=2975855&use=l&cat=p&typeid=i","cat":284502},{"id":6831,"n":"Sucre en poudre Daddy 1kg","p":1.61,"u":"1,61 €/KG","img":"https://fd5-photos.leclercdrive.fr/image.ashx?id=2936062&use=l&cat=p&typeid=i","cat":284502},{"id":6834,"n":"Soufflés l'Original Curly Cacahuète - 60g","p":0.52,"u":"8,67 €/KG","img":"https://fd5-photos.leclercdrive.fr/image.ashx?id=2971035&use=l&cat=p&typeid=i","cat":284449},{"id":6837,"n":"Madeleines longues P'tit Déli 440g","p":2.55,"u":"5,80 €/KG","img":"https://fd5-photos.leclercdrive.fr/image.ashx?id=2540310&use=l&cat=p&typeid=i","cat":284492},{"id":6847,"n":"Canapés toasts Epi d'Or Briochés - 250g","p":1.12,"u":"4,48 €/KG","img":"https://fd5-photos.leclercdrive.fr/image.ashx?id=2610190&use=l&cat=p&typeid=i","cat":285454},{"id":6873,"n":"Saucisson cuit à l'ail Herta 300g","p":2.92,"u":"9,73 €/KG","img":"https://fd5-photos.leclercdrive.fr/image.ashx?id=2731342&use=l&cat=p&typeid=i","cat":316006},{"id":6879,"n":"Fromage Gouda Les Croisés En tranche - 200g","p":1.97,"u":"9,85 €/KG","img":"https://fd5-photos.leclercdrive.fr/image.ashx?id=2028173&use=l&cat=p&typeid=i","cat":314028},{"id":6880,"n":"Fromage Mimolette Les Croisés En tranche x8 - 200g","p":1.85,"u":"9,25 €/KG","img":"https://fd5-photos.leclercdrive.fr/image.ashx?id=2028176&use=l&cat=p&typeid=i","cat":314028},{"id":6881,"n":"Fromage Maasdam Les Croisés En tranche x8 - 200g","p":1.91,"u":"9,55 €/KG","img":"https://fd5-photos.leclercdrive.fr/image.ashx?id=1990673&use=l&cat=p&typeid=i","cat":314028},{"id":6928,"n":"Préparation pour fondue Les Croisés 18%mg 400g","p":3.42,"u":"8,55 €/KG","img":"https://fd5-photos.leclercdrive.fr/image.ashx?id=2791761&use=l&cat=p&typeid=i","cat":314037},{"id":6979,"n":"AOC Crémant Gratien & Meyer Blanc - Brut - 75cl","p":6.65,"u":"8,87 €/L","img":"https://fd5-photos.leclercdrive.fr/image.ashx?id=2104357&use=l&cat=p&typeid=i","cat":284545},{"id":7000,"n":"Céréales Babybio Bio 6 mois Vanille - 220g","p":4.22,"u":"19,18 €/KG","img":"https://fd5-photos.leclercdrive.fr/image.ashx?id=2733250&use=l&cat=p&typeid=i","cat":312225},{"id":7017,"n":"Compote bébé Babybio Bio 4 mois Pomme / Banane - 2x130g","p":1.85,"u":"7,12 €/KG","img":"https://fd5-photos.leclercdrive.fr/image.ashx?id=2832011&use=l&cat=p&typeid=i","cat":312387},{"id":7018,"n":"Dessert bébé BabyBio - 6 mois Délice de Fruits Bio - 2x130g","p":1.63,"u":"6,27 €/KG","img":"https://fd5-photos.leclercdrive.fr/image.ashx?id=2838329&use=l&cat=p&typeid=i","cat":312388},{"id":7029,"n":"Velouté de carotte Régal A la Crème fraîche - 1L","p":1.41,"u":"1,41 €/L","img":"https://fd5-photos.leclercdrive.fr/image.ashx?id=2905889&use=l&cat=p&typeid=i","cat":284462},{"id":7056,"n":"Soupe de poissons MSC Pêche Océan - 1kg","p":2.99,"u":"2,99 €/KG","img":"https://fd5-photos.leclercdrive.fr/image.ashx?id=2480060&use=l&cat=p&typeid=i","cat":287366},{"id":7057,"n":"Rouille méditerranéenne NRT 90g","p":2.05,"u":"22,78 €/KG","img":"https://fd5-photos.leclercdrive.fr/image.ashx?id=2991157&use=l&cat=p&typeid=i","cat":285192},{"id":7071,"n":"Petits Boudoirs Babybio Bio - Orange Douce - 120g","p":2.55,"u":"21,25 €/KG","img":"https://fd5-photos.leclercdrive.fr/image.ashx?id=2733262&use=l&cat=p&typeid=i","cat":312227},{"id":7085,"n":"Vin mousseux d'Union Européenne  Demi-sec -75cl","p":2.89,"u":"3,85 €/L","img":"https://fd5-photos.leclercdrive.fr/image.ashx?id=1951019&use=l&cat=p&typeid=i","cat":284544},{"id":7126,"n":"Riz cantonais  Traditions d'Asie - 400g","p":3.33,"u":"8,33 €/KG","img":"https://fd5-photos.leclercdrive.fr/image.ashx?id=2505043&use=l&cat=p&typeid=i","cat":333673},{"id":7199,"n":"Crème noix coco Kara - brique de 200ml","p":1.56,"u":"7,80 €/KG","img":"https://fd5-photos.leclercdrive.fr/image.ashx?id=2906892&use=l&cat=p&typeid=i","cat":288992},{"id":7216,"n":"Talc bébé Mots d'Enfants 250g","p":1.89,"u":"7,56 €/KG","img":"https://fd5-photos.leclercdrive.fr/image.ashx?id=3015033&use=l&cat=p&typeid=i","cat":284741},{"id":7282,"n":"Compote Douceur du Verger  Pomme Poire - 4x100g","p":1.09,"u":"2,73 €/KG","img":"https://fd5-photos.leclercdrive.fr/image.ashx?id=2956903&use=l&cat=p&typeid=i","cat":284416},{"id":7283,"n":"Compote Douceur du Verger Pomme banane - 4x100g","p":1.25,"u":"3,13 €/KG","img":"https://fd5-photos.leclercdrive.fr/image.ashx?id=2956906&use=l&cat=p&typeid=i","cat":284416},{"id":7284,"n":"Compote Douceur du Verger Pomme Fraise - 4x100g","p":1.09,"u":"2,73 €/KG","img":"https://fd5-photos.leclercdrive.fr/image.ashx?id=3009779&use=l&cat=p&typeid=i","cat":284416},{"id":7289,"n":"Crème Dépilatoire Siliss Peaux sensibles - 200ml","p":1.79,"u":"8,95 €/L","img":"https://fd5-photos.leclercdrive.fr/image.ashx?id=2699675&use=l&cat=p&typeid=i","cat":325351},{"id":7291,"n":"Jus d'orange sanguine Jafaden 1L","p":3.25,"u":"3,25 €/L","img":"https://fd5-photos.leclercdrive.fr/image.ashx?id=2916671&use=l&cat=p&typeid=i","cat":285435},{"id":7293,"n":"Râpé 3 fromages Les Croisés 200g","p":1.79,"u":"8,95 €/KG","img":"https://fd5-photos.leclercdrive.fr/image.ashx?id=2860067&use=l&cat=p&typeid=i","cat":314035},{"id":7294,"n":"Huile de tournesol Bio Village Bio - 75cl","p":3.59,"u":"4,79 €/L","img":"https://fd5-photos.leclercdrive.fr/image.ashx?id=2894746&use=l&cat=p&typeid=i","cat":284453},{"id":7345,"n":"Pâtes serpentini Panzani 500g","p":0.97,"u":"1,94 €/KG","img":"https://fd5-photos.leclercdrive.fr/image.ashx?id=2876044&use=l&cat=p&typeid=i","cat":284427},{"id":7359,"n":"Gorgonzola AOP Les Croisés -150g","p":2.47,"u":"16,47 €/KG","img":"https://fd5-photos.leclercdrive.fr/image.ashx?id=2796037&use=l&cat=p&typeid=i","cat":314032},{"id":7360,"n":"Mortadelle Italienne Saint Azay 12 tranches 150g","p":2.14,"u":"14,27 €/KG","img":"https://fd5-photos.leclercdrive.fr/image.ashx?id=2704481&use=l&cat=p&typeid=i","cat":316009},{"id":7361,"n":"Fromage Edam Les Croisés En tranche x8 - 200g","p":1.97,"u":"9,85 €/KG","img":"https://fd5-photos.leclercdrive.fr/image.ashx?id=2041351&use=l&cat=p&typeid=i","cat":314028},{"id":7362,"n":"Riz Basmati Comptoir du Grain Express 2 min - 250g","p":0.99,"u":"3,96 €/KG","img":"https://fd5-photos.leclercdrive.fr/image.ashx?id=2441192&use=l&cat=p&typeid=i","cat":287600},{"id":7363,"n":"Riz Express Comptoir du Grain A la méditerranéenne - 250g","p":1.2,"u":"4,80 €/KG","img":"https://fd5-photos.leclercdrive.fr/image.ashx?id=2856474&use=l&cat=p&typeid=i","cat":287600},{"id":7368,"n":"Chiffonnade de jambon sec Saint Azay affiné 7 mois - 100g","p":2.99,"u":"29,90 €/KG","img":"https://fd5-photos.leclercdrive.fr/image.ashx?id=2462254&use=l&cat=p&typeid=i","cat":316007},{"id":7369,"n":"Chiffonades de rosette Saint Azay - 100g","p":2.0,"u":"20,00 €/KG","img":"https://fd5-photos.leclercdrive.fr/image.ashx?id=2401891&use=l&cat=p&typeid=i","cat":316007},{"id":7375,"n":"Lunettes de Romans NRT Fraise - 350g","p":2.75,"u":"7,86 €/KG","img":"https://fd5-photos.leclercdrive.fr/image.ashx?id=2791920&use=l&cat=p&typeid=i","cat":284489},{"id":7378,"n":"Jambon d'Auvergne IGP NRT x4 - 100g","p":3.4,"u":"34,00 €/KG","img":"https://fd5-photos.leclercdrive.fr/image.ashx?id=2670419&use=l&cat=p&typeid=i","cat":316007},{"id":7424,"n":"Bouillon Cubes bouquet garni Knorr - thym persil laurier -x9","p":1.24,"u":"12,53 €/KG","img":"https://fd5-photos.leclercdrive.fr/image.ashx?id=2915667&use=l&cat=p&typeid=i","cat":288379},{"id":7432,"n":"Huile de friture Frial Lesieur 2L","p":6.16,"u":"3,08 €/L","img":"https://fd5-photos.leclercdrive.fr/image.ashx?id=2916857&use=l&cat=p&typeid=i","cat":284453},{"id":7433,"n":"Vinaigrette Rustica Fines herbes - 50cl","p":1.19,"u":"2,38 €/L","img":"https://fd5-photos.leclercdrive.fr/image.ashx?id=1964912&use=l&cat=p&typeid=i","cat":284456},{"id":7436,"n":"Assortiment biscuits P'tit Déli Biscuits fins - 750g","p":7.8,"u":"10,40 €/KG","img":"https://fd5-photos.leclercdrive.fr/image.ashx?id=1078372&use=l&cat=p&typeid=i","cat":284490},{"id":7437,"n":"Pâte brisée Tablier Blanc Au beurre - 230g","p":1.19,"u":"5,17 €/KG","img":"https://fd5-photos.leclercdrive.fr/image.ashx?id=2635892&use=l&cat=p&typeid=i","cat":333681},{"id":7439,"n":"Vinaigrette Rustica Nature - 1L","p":1.76,"u":"1,76 €/L","img":"https://fd5-photos.leclercdrive.fr/image.ashx?id=1972904&use=l&cat=p&typeid=i","cat":284456},{"id":7441,"n":"Huile de friture Rustica 1L","p":2.75,"u":"2,75 €/L","img":"https://fd5-photos.leclercdrive.fr/image.ashx?id=2900331&use=l&cat=p&typeid=i","cat":284453},{"id":7443,"n":"Dessert fruitier pomme poire Douceur du Verger s/sucre 4x97g","p":1.25,"u":"3,22 €/KG","img":"https://fd5-photos.leclercdrive.fr/image.ashx?id=1957066&use=l&cat=p&typeid=i","cat":284416},{"id":7444,"n":"Dessert fruitier pomme Douceur du Verger s/sucre 4x97g","p":1.05,"u":"2,71 €/KG","img":"https://fd5-photos.leclercdrive.fr/image.ashx?id=2979340&use=l&cat=p&typeid=i","cat":284416},{"id":7448,"n":"Compote Douceur du Verger Coupelle pomme pruneau - 4x100g","p":1.36,"u":"3,40 €/KG","img":"https://fd5-photos.leclercdrive.fr/image.ashx?id=2220527&use=l&cat=p&typeid=i","cat":284508},{"id":7452,"n":"Tubes Fromage blanc Délisse 3 parfums - 12 x40g","p":2.38,"u":"4,96 €/KG","img":"https://fd5-photos.leclercdrive.fr/image.ashx?id=2884231&use=l&cat=p&typeid=i","cat":284415},{"id":7455,"n":"Fromage Bleu des Causses NRT  AOP - 125g","p":1.99,"u":"15,92 €/KG","img":"https://fd5-photos.leclercdrive.fr/image.ashx?id=2771043&use=l&cat=p&typeid=i","cat":314032},{"id":7465,"n":"Actifidus Délisse Citron - 4x125g","p":1.36,"u":"2,72 €/KG","img":"https://fd5-photos.leclercdrive.fr/image.ashx?id=2501673&use=l&cat=p&typeid=i","cat":315000},{"id":7466,"n":"Pain grillé Epi d'or Brioché x26 - 300g","p":2.15,"u":"7,17 €/KG","img":"https://fd5-photos.leclercdrive.fr/image.ashx?id=2532835&use=l&cat=p&typeid=i","cat":284479},{"id":7508,"n":"Glace Tyrolia Eskiss Cappuccino - 340g","p":2.69,"u":"7,91 €/KG","img":"https://fd5-photos.leclercdrive.fr/image.ashx?id=2085218&use=l&cat=p&typeid=i","cat":284266},{"id":7529,"n":"Fromage Comté Entremont 200g","p":3.05,"u":"15,25 €/KG","img":"https://fd5-photos.leclercdrive.fr/image.ashx?id=2983144&use=l&cat=p&typeid=i","cat":314034},{"id":7530,"n":"Crème fraîche épaisse Bridélice 15%mg 20cl","p":0.76,"u":"3,80 €/L","img":"https://fd5-photos.leclercdrive.fr/image.ashx?id=2970873&use=l&cat=p&typeid=i","cat":284381},{"id":7541,"n":"Barquette chiens Lydog Au Boeuf et Coeur - 300g","p":1.63,"u":"5,43 €/KG","img":"https://fd5-photos.leclercdrive.fr/image.ashx?id=2042430&use=l&cat=p&typeid=i","cat":284673},{"id":7542,"n":"Barquette chien Lydog au Foie et Volailles - 300g","p":1.45,"u":"4,83 €/KG","img":"https://fd5-photos.leclercdrive.fr/image.ashx?id=2042436&use=l&cat=p&typeid=i","cat":284673},{"id":7556,"n":"Olives fromage Pause Fraîcheur 150g","p":1.99,"u":"13,27 €/KG","img":"https://fd5-photos.leclercdrive.fr/image.ashx?id=2601286&use=l&cat=p&typeid=i","cat":316002},{"id":7557,"n":"Olives à l'ail Couleurs Vives 150g","p":1.99,"u":"13,27 €/KG","img":"https://fd5-photos.leclercdrive.fr/image.ashx?id=2518508&use=l&cat=p&typeid=i","cat":316002},{"id":7585,"n":"Echalote Rustica 100g","p":1.69,"u":"16,90 €/KG","img":"https://fd5-photos.leclercdrive.fr/image.ashx?id=2365457&use=l&cat=p&typeid=i","cat":319804},{"id":7589,"n":"Biscuits Mikado LU Chocolat au lait - 3x39g","p":2.06,"u":"17,61 €/KG","img":"https://fd5-photos.leclercdrive.fr/image.ashx?id=3001970&use=l&cat=p&typeid=i","cat":284488},{"id":7652,"n":"Compotes Pomme Pruneau Andros 4x100g","p":1.19,"u":"2,98 €/KG","img":"https://fd5-photos.leclercdrive.fr/image.ashx?id=2935789&use=l&cat=p&typeid=i","cat":284416},{"id":7654,"n":"Compote Andros Pomme rhubarbe 4x100g","p":1.41,"u":"14,10 €/KG","img":"https://fd5-photos.leclercdrive.fr/image.ashx?id=2883934&use=l&cat=p&typeid=i","cat":284416},{"id":7655,"n":"Compote Andros Pomme framboise - 4x100g","p":1.67,"u":"4,18 €/KG","img":"https://fd5-photos.leclercdrive.fr/image.ashx?id=2907875&use=l&cat=p&typeid=i","cat":284416},{"id":7656,"n":"Compotes Andros Pomme - 4x100g","p":1.62,"u":"4,05 €/KG","img":"https://fd5-photos.leclercdrive.fr/image.ashx?id=2875337&use=l&cat=p&typeid=i","cat":284416},{"id":7666,"n":"Camembert Lepetit  250g","p":2.41,"u":"9,64 €/KG","img":"https://fd5-photos.leclercdrive.fr/image.ashx?id=2504350&use=l&cat=p&typeid=i","cat":314033},{"id":7676,"n":"Boudins Blancs Le Gaulois Volaille Nature 300g","p":2.85,"u":"9,50 €/KG","img":"https://fd5-photos.leclercdrive.fr/image.ashx?id=2236851&use=l&cat=p&typeid=i","cat":316012},{"id":7694,"n":"Magret de canard Sud Ouest NRT Fumé - 90g","p":3.79,"u":"42,11 €/KG","img":"https://fd5-photos.leclercdrive.fr/image.ashx?id=2958380&use=l&cat=p&typeid=i","cat":316007},{"id":7716,"n":"Papier toilette Mimosa Décoré - Ultra Confort - x6","p":3.06,"u":"0,51 €/P","img":"https://fd5-photos.leclercdrive.fr/image.ashx?id=1520616&use=l&cat=p&typeid=i","cat":284634},{"id":7761,"n":"Galette Croq'Soja Céréal Bio  Bio provençale x2 200g","p":2.16,"u":"10,80 €/KG","img":"https://fd5-photos.leclercdrive.fr/image.ashx?id=2574296&use=l&cat=p&typeid=i","cat":284953},{"id":7772,"n":"Galette bio Céréal Bio  Millet champignons x2 - 200g","p":2.0,"u":"10,00 €/KG","img":"https://fd5-photos.leclercdrive.fr/image.ashx?id=2573543&use=l&cat=p&typeid=i","cat":284953},{"id":7857,"n":"Croquettes chiens Fido Au boeuf 1kg","p":2.85,"u":"2,85 €/KG","img":"https://fd5-photos.leclercdrive.fr/image.ashx?id=2972964&use=l&cat=p&typeid=i","cat":294526},{"id":7862,"n":"Petit pot de crème Délisse Café - 4x100g","p":1.8,"u":"4,50 €/KG","img":"https://fd5-photos.leclercdrive.fr/image.ashx?id=2550372&use=l&cat=p&typeid=i","cat":285041},{"id":7866,"n":"Beurre Tendre Les Croisés Demi-sel - 80% MG - 250g","p":2.51,"u":"10,04 €/KG","img":"https://fd5-photos.leclercdrive.fr/image.ashx?id=2956221&use=l&cat=p&typeid=i","cat":284379},{"id":7869,"n":"Yaourts aromatisés Délisse Citron - 4x125g","p":1.45,"u":"2,90 €/KG","img":"https://fd5-photos.leclercdrive.fr/image.ashx?id=2134515&use=l&cat=p&typeid=i","cat":286006},{"id":7881,"n":"Camembert Les Croisés 8 portions - 22% mg - 8x30g","p":2.19,"u":"9,13 €/KG","img":"https://fd5-photos.leclercdrive.fr/image.ashx?id=2974798&use=l&cat=p&typeid=i","cat":314033},{"id":7882,"n":"Actifidus Délisse Coco Citron Vanille - 12x125g","p":3.5,"u":"2,33 €/KG","img":"https://fd5-photos.leclercdrive.fr/image.ashx?id=2441842&use=l&cat=p&typeid=i","cat":315000},{"id":7889,"n":"Fromage Reblochon NRT AOP 240g","p":3.7,"u":"15,42 €/KG","img":"https://fd5-photos.leclercdrive.fr/image.ashx?id=2933337&use=l&cat=p&typeid=i","cat":314037},{"id":7895,"n":"Gâteau de riz La Laitiere 500g","p":2.2,"u":"4,40 €/KG","img":"https://fd5-photos.leclercdrive.fr/image.ashx?id=3010972&use=l&cat=p&typeid=i","cat":284418},{"id":7965,"n":"Matière grasse Bridelight à tartiner 15% MG - 250g","p":2.09,"u":"8,36 €/KG","img":"https://fd5-photos.leclercdrive.fr/image.ashx?id=2643884&use=l&cat=p&typeid=i","cat":284379},{"id":7972,"n":"Beurre Moulé Paysan Breton Doux - 82%MG - 250g","p":3.24,"u":"12,96 €/KG","img":"https://fd5-photos.leclercdrive.fr/image.ashx?id=2946943&use=l&cat=p&typeid=i","cat":284379},{"id":7993,"n":"Beurre d'escargot Rustica Ail et persil - 250g","p":3.49,"u":"13,96 €/KG","img":"https://fd5-photos.leclercdrive.fr/image.ashx?id=1915569&use=l&cat=p&typeid=i","cat":319775},{"id":8000,"n":"Cordon Bleu Poulet Père Dodu  Bacon de Dinde x2 - 200g","p":2.12,"u":"10,60 €/KG","img":"https://fd5-photos.leclercdrive.fr/image.ashx?id=2956987&use=l&cat=p&typeid=i","cat":333683},{"id":8003,"n":"Fromage Enfant Kiri Goûter 5 portions barquettes - 175g","p":2.09,"u":"11,94 €/KG","img":"https://fd5-photos.leclercdrive.fr/image.ashx?id=2972883&use=l&cat=p&typeid=i","cat":314030},{"id":8011,"n":"Crème glacée Menthe Eskiss Copeaux de Chocolat - 494g","p":2.79,"u":"5,65 €/KG","img":"https://fd5-photos.leclercdrive.fr/image.ashx?id=2982583&use=l&cat=p&typeid=i","cat":284263},{"id":8012,"n":"Friandises pour chien Lydog Biscuits fourrés Viande - 500g","p":1.29,"u":"2,58 €/KG","img":"https://fd5-photos.leclercdrive.fr/image.ashx?id=2191114&use=l&cat=p&typeid=i","cat":294527},{"id":8013,"n":"Friandises pour chien Lydog Biscuits croquants - 500g","p":1.29,"u":"2,58 €/KG","img":"https://fd5-photos.leclercdrive.fr/image.ashx?id=1954353&use=l&cat=p&typeid=i","cat":294527},{"id":8017,"n":"Pâtes Penne Regate Turini 500g","p":0.6,"u":"1,20 €/KG","img":"https://fd5-photos.leclercdrive.fr/image.ashx?id=2980776&use=l&cat=p&typeid=i","cat":284427},{"id":8025,"n":"Barquette chiens Lydog 3 saveurs - 3x300g","p":3.79,"u":"4,21 €/KG","img":"https://fd5-photos.leclercdrive.fr/image.ashx?id=2050642&use=l&cat=p&typeid=i","cat":284673},{"id":8032,"n":"Nougat tendre de Montélimar NRT Barre 200g","p":3.99,"u":"19,95 €/KG","img":"https://fd5-photos.leclercdrive.fr/image.ashx?id=790530&use=l&cat=p&typeid=i","cat":304249},{"id":8033,"n":"Broyés du Poitou NRT Pur beurre - 280g","p":3.17,"u":"11,32 €/KG","img":"https://fd5-photos.leclercdrive.fr/image.ashx?id=2622284&use=l&cat=p&typeid=i","cat":284487},{"id":8125,"n":"Spaghetti Frais Turini 350g","p":1.49,"u":"4,26 €/KG","img":"https://fd5-photos.leclercdrive.fr/image.ashx?id=2840470&use=l&cat=p&typeid=i","cat":333682},{"id":8136,"n":"Biscuits raisin GERBLE  - 4x5, 360g","p":1.56,"u":"4,33 €/KG","img":"https://fd5-photos.leclercdrive.fr/image.ashx?id=2578726&use=l&cat=p&typeid=i","cat":318651},{"id":8178,"n":"Infusion Tisea Douce soirée 25 sachets","p":0.99,"u":"28,29 €/KG","img":"https://fd5-photos.leclercdrive.fr/image.ashx?id=2553902&use=l&cat=p&typeid=i","cat":293234},{"id":8181,"n":"Mini Paniers Côté Table x20 - 280g","p":5.29,"u":"18,89 €/KG","img":"https://fd5-photos.leclercdrive.fr/image.ashx?id=2228280&use=l&cat=p&typeid=i","cat":319774},{"id":8182,"n":"Mini Feuilletés Côté Table Saucisse x20 - 350g","p":4.19,"u":"11,97 €/KG","img":"https://fd5-photos.leclercdrive.fr/image.ashx?id=2622016&use=l&cat=p&typeid=i","cat":319774},{"id":8381,"n":"Soupe instantanée Royco  Bouillon à la Chinoise 3x200ml","p":1.49,"u":"31,70 €/KG","img":"https://fd5-photos.leclercdrive.fr/image.ashx?id=2650976&use=l&cat=p&typeid=i","cat":288992},{"id":8382,"n":"Pâtes spaghetti plat Panzani 500g","p":0.88,"u":"1,76 €/KG","img":"https://fd5-photos.leclercdrive.fr/image.ashx?id=2876041&use=l&cat=p&typeid=i","cat":284427},{"id":8383,"n":"Pâtes Coquillettes Panzani 3 Minutes - 500G","p":1.1,"u":"2,20 €/KG","img":"https://fd5-photos.leclercdrive.fr/image.ashx?id=2867945&use=l&cat=p&typeid=i","cat":284427},{"id":8392,"n":"Torti Weight Watchers St Jacques - 300g","p":3.63,"u":"12,10 €/KG","img":"https://fd5-photos.leclercdrive.fr/image.ashx?id=2610861&use=l&cat=p&typeid=i","cat":333665},{"id":8394,"n":"Saucisse de Toulouse Marie Purée a l'Ancienne - 290g","p":3.24,"u":"11,17 €/KG","img":"https://fd5-photos.leclercdrive.fr/image.ashx?id=2317414&use=l&cat=p&typeid=i","cat":333665},{"id":8397,"n":"Madeleine Bonne Maman Pur beurre tradition 300g","p":2.58,"u":"8,60 €/KG","img":"https://fd5-photos.leclercdrive.fr/image.ashx?id=2936137&use=l&cat=p&typeid=i","cat":284492},{"id":8405,"n":"Apéritif Suze L'Originale 15% vol - 1,5L","p":14.51,"u":"9,67 €/L","img":"https://fd5-photos.leclercdrive.fr/image.ashx?id=2431674&use=l&cat=p&typeid=i","cat":284913},{"id":8413,"n":"Biscuits Crackers Tokapi  Nature - 3x100g","p":1.38,"u":"4,60 €/KG","img":"https://fd5-photos.leclercdrive.fr/image.ashx?id=2660550&use=l&cat=p&typeid=i","cat":297000},{"id":8414,"n":"Chocolat au lait Equador Doux et fondant - 100g","p":1.65,"u":"16,50 €/KG","img":"https://fd5-photos.leclercdrive.fr/image.ashx?id=2758344&use=l&cat=p&typeid=i","cat":284497},{"id":8415,"n":"Pâtes coquillettes Turini Les 3 min - 500g","p":0.72,"u":"1,44 €/KG","img":"https://fd5-photos.leclercdrive.fr/image.ashx?id=2607461&use=l&cat=p&typeid=i","cat":284427},{"id":8416,"n":"Parmentier poisson Côté Table 300g","p":2.35,"u":"7,83 €/KG","img":"https://fd5-photos.leclercdrive.fr/image.ashx?id=2970729&use=l&cat=p&typeid=i","cat":333665},{"id":8432,"n":"Biscuit Roudor St Michel 2x150g","p":2.53,"u":"8,43 €/KG","img":"https://fd5-photos.leclercdrive.fr/image.ashx?id=2935690&use=l&cat=p&typeid=i","cat":284487},{"id":8433,"n":"Pâtes Coquillettes Panzani Prêt en 3 min - 1kg","p":2.12,"u":"2,12 €/KG","img":"https://fd5-photos.leclercdrive.fr/image.ashx?id=2896093&use=l&cat=p&typeid=i","cat":284427},{"id":8464,"n":"Serviettes Vania Maxi Confort Super - Fresh - x14","p":1.73,"u":"0,12 €/P","img":"https://fd5-photos.leclercdrive.fr/image.ashx?id=2907611&use=l&cat=p&typeid=i","cat":284624},{"id":8474,"n":"Terrines Tous Mes Amis Les délices de la mer - 3x400g","p":3.69,"u":"3,08 €/KG","img":"https://fd5-photos.leclercdrive.fr/image.ashx?id=1671547&use=l&cat=p&typeid=i","cat":285601},{"id":8494,"n":"Biscuits déli matin P'tit Déli Chocolat/pépites - 600g","p":3.18,"u":"5,30 €/KG","img":"https://fd5-photos.leclercdrive.fr/image.ashx?id=2999496&use=l&cat=p&typeid=i","cat":284491},{"id":8528,"n":"Sel fin La Baleine Iodé et fluoré - 750g","p":0.75,"u":"1,00 €/KG","img":"https://fd5-photos.leclercdrive.fr/image.ashx?id=2790612&use=l&cat=p&typeid=i","cat":284457},{"id":8535,"n":"Olives noires Rustica Entières - 225g","p":0.99,"u":"4,40 €/KG","img":"https://fd5-photos.leclercdrive.fr/image.ashx?id=2499076&use=l&cat=p&typeid=i","cat":284458},{"id":8536,"n":"Savon mains en crème Manava Perles d'oranger - 300ml","p":1.25,"u":"4,17 €/L","img":"https://fd5-photos.leclercdrive.fr/image.ashx?id=2935480&use=l&cat=p&typeid=i","cat":284597},{"id":8538,"n":"100% Pur jus d'orange Jafaden  Avec pulpe - 1L","p":1.99,"u":"1,99 €/L","img":"https://fd5-photos.leclercdrive.fr/image.ashx?id=2796043&use=l&cat=p&typeid=i","cat":284521},{"id":8539,"n":"Nectar Jafaden Pêche - 1L","p":1.99,"u":"1,99 €/L","img":"https://fd5-photos.leclercdrive.fr/image.ashx?id=2919607&use=l&cat=p&typeid=i","cat":284915},{"id":8540,"n":"Nectar Jafaden Fraise - 1L","p":2.63,"u":"2,63 €/L","img":"https://fd5-photos.leclercdrive.fr/image.ashx?id=2955704&use=l&cat=p&typeid=i","cat":284915},{"id":8541,"n":"Nectar Jafaden Mangue - 1L","p":2.15,"u":"2,15 €/L","img":"https://fd5-photos.leclercdrive.fr/image.ashx?id=2955710&use=l&cat=p&typeid=i","cat":284916},{"id":8544,"n":"Spray Cheveux L'Oréal Paris Fixation Ultra Forte - 300ml","p":4.01,"u":"13,37 €/L","img":"https://fd5-photos.leclercdrive.fr/image.ashx?id=2445331&use=l&cat=p&typeid=i","cat":284609},{"id":8559,"n":"Biscuits Bjorg Fourrés Chocolat noir bio 225g","p":2.78,"u":"12,36 €/KG","img":"https://fd5-photos.leclercdrive.fr/image.ashx?id=2970912&use=l&cat=p&typeid=i","cat":284488},{"id":8576,"n":"Pâtes Barilla Torsades - 500g","p":0.88,"u":"1,76 €/KG","img":"https://fd5-photos.leclercdrive.fr/image.ashx?id=2392224&use=l&cat=p&typeid=i","cat":284427},{"id":8603,"n":"Cocktail Punch Old Nick Planteur 16%vol - 70cl","p":5.54,"u":"7,91 €/L","img":"https://fd5-photos.leclercdrive.fr/image.ashx?id=2999207&use=l&cat=p&typeid=i","cat":284551},{"id":8605,"n":"Liqueur Cointreau 40%vol. - 70cl","p":18.72,"u":"26,74 €/L","img":"https://fd5-photos.leclercdrive.fr/image.ashx?id=2998904&use=l&cat=p&typeid=i","cat":286032},{"id":8634,"n":"Cognac Courcel 40%vol - 20cl","p":6.2,"u":"31,00 €/L","img":"https://fd5-photos.leclercdrive.fr/image.ashx?id=2484035&use=l&cat=p&typeid=i","cat":286032},{"id":8640,"n":"Croque Baby Fromage Cité Marine MSC - 200g","p":2.5,"u":"12,50 €/KG","img":"https://fd5-photos.leclercdrive.fr/image.ashx?id=2844145&use=l&cat=p&typeid=i","cat":284344},{"id":8642,"n":"Dentifrice Dentamyl Anti-tartre 75ml","p":0.74,"u":"9,87 €/L","img":"https://fd5-photos.leclercdrive.fr/image.ashx?id=2489098&use=l&cat=p&typeid=i","cat":284612},{"id":8643,"n":"Amandes en poudre Tablier Blanc 125g","p":1.6,"u":"12,80 €/KG","img":"https://fd5-photos.leclercdrive.fr/image.ashx?id=2460577&use=l&cat=p&typeid=i","cat":284504},{"id":8646,"n":"Noix de Coco Râpée  Tablier Blanc - 125g","p":1.41,"u":"11,28 €/KG","img":"https://fd5-photos.leclercdrive.fr/image.ashx?id=2460583&use=l&cat=p&typeid=i","cat":284504},{"id":8648,"n":"Amandes effilées Tablier Blanc 125g","p":1.9,"u":"15,20 €/KG","img":"https://fd5-photos.leclercdrive.fr/image.ashx?id=2460586&use=l&cat=p&typeid=i","cat":284504},{"id":8649,"n":"Raisins Secs Tablier Blanc 250g","p":1.98,"u":"7,92 €/KG","img":"https://fd5-photos.leclercdrive.fr/image.ashx?id=2460589&use=l&cat=p&typeid=i","cat":284504},{"id":8650,"n":"Arôme fleur d'Oranger Tablier Blanc - 200ml","p":1.24,"u":"6,20 €/L","img":"https://fd5-photos.leclercdrive.fr/image.ashx?id=2487449&use=l&cat=p&typeid=i","cat":284504},{"id":8651,"n":"Arôme naturel de vanille Tablier Blanc 20ml","p":1.15,"u":"57,50 €/L","img":"https://fd5-photos.leclercdrive.fr/image.ashx?id=2487452&use=l&cat=p&typeid=i","cat":284504},{"id":8672,"n":"Nappage Tablier Blanc Caramel - 210g","p":1.25,"u":"5,95 €/KG","img":"https://fd5-photos.leclercdrive.fr/image.ashx?id=2487455&use=l&cat=p&typeid=i","cat":284504},{"id":8673,"n":"Fromage Le Pavé Les Croisés Lait pasteurisé 22% MG - 220g","p":2.36,"u":"10,73 €/KG","img":"https://fd5-photos.leclercdrive.fr/image.ashx?id=2775887&use=l&cat=p&typeid=i","cat":314033},{"id":8674,"n":"Sucre Tablier Blanc Spécial confiture - 1kg","p":1.92,"u":"1,92 €/KG","img":"https://fd5-photos.leclercdrive.fr/image.ashx?id=3010416&use=l&cat=p&typeid=i","cat":284502},{"id":8675,"n":"Sucre Tablier Blanc 100 dosettes - 500g","p":2.31,"u":"4,62 €/KG","img":"https://fd5-photos.leclercdrive.fr/image.ashx?id=3010419&use=l&cat=p&typeid=i","cat":284502},{"id":8678,"n":"Muscat NRT Baume De Venise-15,5%vol - 75cl","p":9.99,"u":"13,32 €/L","img":"https://fd5-photos.leclercdrive.fr/image.ashx?id=2920942&use=l&cat=p&typeid=i","cat":284913},{"id":8683,"n":"Saucisson sec d'Ardèche IGP NRT - 280g","p":5.0,"u":"17,86 €/KG","img":"https://fd5-photos.leclercdrive.fr/image.ashx?id=2753502&use=l&cat=p&typeid=i","cat":316006},{"id":8684,"n":"Saucisse sèche d'Ardèche IGP Nos Régions ont du Talent 250g","p":5.19,"u":"20,76 €/KG","img":"https://fd5-photos.leclercdrive.fr/image.ashx?id=2753505&use=l&cat=p&typeid=i","cat":316006},{"id":8746,"n":"Sauce Beurre blanc Gastromer 200g","p":1.29,"u":"6,45 €/KG","img":"https://fd5-photos.leclercdrive.fr/image.ashx?id=2504653&use=l&cat=p&typeid=i","cat":284382},{"id":8749,"n":"Flask Whisky Label 5 40%vol - 20cl","p":4.19,"u":"20,95 €/L","img":"https://fd5-photos.leclercdrive.fr/image.ashx?id=2519720&use=l&cat=p&typeid=i","cat":284547},{"id":8784,"n":"Plat bébé Blédina 8 mois  Riz carotte jambon - 2x200g","p":2.57,"u":"6,43 €/KG","img":"https://fd5-photos.leclercdrive.fr/image.ashx?id=2975065&use=l&cat=p&typeid=i","cat":312236},{"id":8795,"n":"Eau minérale Wattwiller 6x1.5L","p":3.45,"u":"0,38 €/L","img":"https://fd5-photos.leclercdrive.fr/image.ashx?id=2582846&use=l&cat=p&typeid=i","cat":284535},{"id":8796,"n":"Saucisse fine de Lyon NRT 120g","p":1.85,"u":"15,42 €/KG","img":"https://fd5-photos.leclercdrive.fr/image.ashx?id=2743870&use=l&cat=p&typeid=i","cat":316012},{"id":8831,"n":"Nouille Alsacienne Lustucru 250g","p":0.87,"u":"3,48 €/KG","img":"https://fd5-photos.leclercdrive.fr/image.ashx?id=2503942&use=l&cat=p&typeid=i","cat":284427},{"id":8832,"n":"Pâtes Lustucru collerettes 250g","p":0.88,"u":"3,52 €/KG","img":"https://fd5-photos.leclercdrive.fr/image.ashx?id=1943562&use=l&cat=p&typeid=i","cat":284427},{"id":8857,"n":"Café soluble Plantation Qualité filtre - x25 - 50g","p":2.09,"u":"41,80 €/KG","img":"https://fd5-photos.leclercdrive.fr/image.ashx?id=2834278&use=l&cat=p&typeid=i","cat":284843},{"id":8859,"n":"Café soluble Plantation Chicorée - 100g","p":2.35,"u":"23,50 €/KG","img":"https://fd5-photos.leclercdrive.fr/image.ashx?id=2856468&use=l&cat=p&typeid=i","cat":284843},{"id":8864,"n":"Pain de Mie Epi d'or - Nature Longue Conservation - 280g","p":0.74,"u":"2,64 €/KG","img":"https://fd5-photos.leclercdrive.fr/image.ashx?id=1913643&use=l&cat=p&typeid=i","cat":284477},{"id":8865,"n":"Toasts Brioches Epi D'Or x13 - 125g","p":0.94,"u":"7,52 €/KG","img":"https://fd5-photos.leclercdrive.fr/image.ashx?id=2896018&use=l&cat=p&typeid=i","cat":284479},{"id":8870,"n":"Dés fromage Herbes de Provence Poivrons Les Croisés - 300g","p":2.11,"u":"7,03 €/KG","img":"https://fd5-photos.leclercdrive.fr/image.ashx?id=776166&use=l&cat=p&typeid=i","cat":314027},{"id":8879,"n":"Coq au Vin de Bergerac NRT 750g","p":4.99,"u":"6,65 €/KG","img":"https://fd5-photos.leclercdrive.fr/image.ashx?id=2723219&use=l&cat=p&typeid=i","cat":284441},{"id":8891,"n":"Soda Jean's Cola Bouteille - 6x1,5L","p":6.54,"u":"0,73 €/L","img":"https://fd5-photos.leclercdrive.fr/image.ashx?id=2637862&use=l&cat=p&typeid=i","cat":284530},{"id":8908,"n":"Crépes Fourrées P'tit Déli Céréales et chocolat x8 - 256g","p":1.81,"u":"7,07 €/KG","img":"https://fd5-photos.leclercdrive.fr/image.ashx?id=2656338&use=l&cat=p&typeid=i","cat":284494},{"id":8910,"n":"Jus 3 agrumes Jafaden Pur jus - 1L","p":2.42,"u":"2,42 €/L","img":"https://fd5-photos.leclercdrive.fr/image.ashx?id=2956047&use=l&cat=p&typeid=i","cat":284917},{"id":8912,"n":"Préparation fraises NRT Sud-Ouest - 315g","p":2.64,"u":"8,38 €/KG","img":"https://fd5-photos.leclercdrive.fr/image.ashx?id=2590472&use=l&cat=p&typeid=i","cat":284480},{"id":8932,"n":"Gin Gibson's 37.5%vol - 1L","p":16.48,"u":"16,48 €/L","img":"https://fd5-photos.leclercdrive.fr/image.ashx?id=2766244&use=l&cat=p&typeid=i","cat":284550},{"id":8951,"n":"Eau minérale Source Amanda Naturelle 6x1,5L","p":2.46,"u":"0,27 €/L","img":"https://fd5-photos.leclercdrive.fr/image.ashx?id=2727629&use=l&cat=p&typeid=i","cat":284535},{"id":8966,"n":"Biscuits chien Pedigree Biscrok - 500g","p":1.51,"u":"3,02 €/KG","img":"https://fd5-photos.leclercdrive.fr/image.ashx?id=2983456&use=l&cat=p&typeid=i","cat":294527},{"id":8970,"n":"Riz long blanc de Camargue NRT 500g","p":1.59,"u":"3,18 €/KG","img":"https://fd5-photos.leclercdrive.fr/image.ashx?id=2663803&use=l&cat=p&typeid=i","cat":284428},{"id":8987,"n":"Pâté Hénaff 156g","p":3.92,"u":"25,13 €/KG","img":"https://fd5-photos.leclercdrive.fr/image.ashx?id=2298361&use=l&cat=p&typeid=i","cat":305149},{"id":9009,"n":"Pain aux noix 300g","p":1.75,"u":"5,83 €/KG","img":"https://fd5-photos.leclercdrive.fr/image.ashx?id=2062444&use=l&cat=p&typeid=i","cat":284359},{"id":9033,"n":"Fromage Entremont Dégustation 45%mg - 250g","p":2.68,"u":"10,72 €/KG","img":"https://fd5-photos.leclercdrive.fr/image.ashx?id=2983168&use=l&cat=p&typeid=i","cat":314034},{"id":9055,"n":"Fondue 3 fromages Président  450g","p":5.23,"u":"11,62 €/KG","img":"https://fd5-photos.leclercdrive.fr/image.ashx?id=2632990&use=l&cat=p&typeid=i","cat":314037},{"id":9065,"n":"Fromage tartiflette Ermitage 27%mg - 500g","p":6.09,"u":"12,18 €/KG","img":"https://fd5-photos.leclercdrive.fr/image.ashx?id=2966011&use=l&cat=p&typeid=i","cat":314037},{"id":9080,"n":"Fromage à Tartiner St Môret  Nature 9 Portions - 180g","p":2.09,"u":"11,61 €/KG","img":"https://fd5-photos.leclercdrive.fr/image.ashx?id=2763319&use=l&cat=p&typeid=i","cat":314029},{"id":9091,"n":"Sandwich XXL Daunat Poulet rôti - 230g","p":1.96,"u":"8,52 €/KG","img":"https://fd5-photos.leclercdrive.fr/image.ashx?id=2894260&use=l&cat=p&typeid=i","cat":333658},{"id":9098,"n":"Filet de poulet  Volailles Champenoises - 720g","p":7.99,"u":"11,10 €/KG","img":"https://fd5-photos.leclercdrive.fr/image.ashx?id=2758975&use=l&cat=p&typeid=i","cat":284336},{"id":9105,"n":"Pate Brisée Eco+ A dérouler - 230g","p":0.53,"u":"2,30 €/KG","img":"https://fd5-photos.leclercdrive.fr/image.ashx?id=2744347&use=l&cat=p&typeid=i","cat":333681},{"id":9110,"n":"Bûche de chèvre allégée Soignon Lait pasteurisé 29%mg - 180g","p":2.16,"u":"12,00 €/KG","img":"https://fd5-photos.leclercdrive.fr/image.ashx?id=2886987&use=l&cat=p&typeid=i","cat":314031},{"id":9124,"n":"Croquettes chiens Lydog Senior - 3kg","p":5.18,"u":"1,73 €/KG","img":"https://fd5-photos.leclercdrive.fr/image.ashx?id=2047025&use=l&cat=p&typeid=i","cat":284672},{"id":9130,"n":"Mouchoirs blancs 2 plis Caresse Boîte mouchoirs en papier -x110","p":1.33,"u":"0,01 €/P","img":"https://fd5-photos.leclercdrive.fr/image.ashx?id=2390416&use=l&cat=p&typeid=i","cat":284638},{"id":9144,"n":"Vinaigre de Vin blanc Rustica Aromatisé à la noix - 50cl","p":1.64,"u":"3,28 €/L","img":"https://fd5-photos.leclercdrive.fr/image.ashx?id=1670491&use=l&cat=p&typeid=i","cat":298543},{"id":9158,"n":"Saucisses volaille le Gaulois Aux herbes x6 - 300g","p":3.23,"u":"10,77 €/KG","img":"https://fd5-photos.leclercdrive.fr/image.ashx?id=2286759&use=l&cat=p&typeid=i","cat":284716},{"id":9161,"n":"Tarte aux poireaux Côté Table 2x130g","p":2.54,"u":"9,77 €/KG","img":"https://fd5-photos.leclercdrive.fr/image.ashx?id=2354707&use=l&cat=p&typeid=i","cat":333680},{"id":9162,"n":"Croquettes chat Plénima Premium Chatons - 450g","p":2.24,"u":"4,98 €/KG","img":"https://fd5-photos.leclercdrive.fr/image.ashx?id=1943364&use=l&cat=p&typeid=i","cat":284680},{"id":9164,"n":"Crevettes natures Pêche Océan 125g","p":3.99,"u":"31,92 €/KG","img":"https://fd5-photos.leclercdrive.fr/image.ashx?id=3015242&use=l&cat=p&typeid=i","cat":284343},{"id":9170,"n":"Spaetzles d'Alsace NRT 250g","p":1.39,"u":"5,56 €/KG","img":"https://fd5-photos.leclercdrive.fr/image.ashx?id=2839962&use=l&cat=p&typeid=i","cat":284427},{"id":9171,"n":"Sablés aux Pommes NRT - 150g","p":1.99,"u":"13,27 €/KG","img":"https://fd5-photos.leclercdrive.fr/image.ashx?id=2856615&use=l&cat=p&typeid=i","cat":284487},{"id":9172,"n":"Cassoulet de Castelnaudary Nos Régions ont du Talent 1680g","p":9.96,"u":"5,93 €/KG","img":"https://fd5-photos.leclercdrive.fr/image.ashx?id=2791401&use=l&cat=p&typeid=i","cat":284440},{"id":9173,"n":"Ravioles Label Rouge NRT Dauphiné - 240g","p":2.99,"u":"12,46 €/KG","img":"https://fd5-photos.leclercdrive.fr/image.ashx?id=2704894&use=l&cat=p&typeid=i","cat":333682},{"id":9181,"n":"Chinois La Fournée Dorée Crème pâtissière - 600g","p":2.73,"u":"4,55 €/KG","img":"https://fd5-photos.leclercdrive.fr/image.ashx?id=2342090&use=l&cat=p&typeid=i","cat":293600},{"id":9262,"n":"Matière grasse Rustica Tournesol -60%MG -Doux -500G","p":1.53,"u":"3,06 €/KG","img":"https://fd5-photos.leclercdrive.fr/image.ashx?id=2904553&use=l&cat=p&typeid=i","cat":315229},{"id":9265,"n":"Pêche poire ananas  Douceur du verger - 4x70g","p":2.59,"u":"9,25 €/KG","img":"https://fd5-photos.leclercdrive.fr/image.ashx?id=2349100&use=l&cat=p&typeid=i","cat":284507},{"id":9266,"n":"Ananas papaye mangue DDV Sirop léger - 4x70g","p":2.75,"u":"9,82 €/KG","img":"https://fd5-photos.leclercdrive.fr/image.ashx?id=2100775&use=l&cat=p&typeid=i","cat":284507},{"id":9276,"n":"Biscuits Sprits P'tit Déli Chocolat au lait - 150g","p":1.09,"u":"7,27 €/KG","img":"https://fd5-photos.leclercdrive.fr/image.ashx?id=2081053&use=l&cat=p&typeid=i","cat":284488},{"id":9322,"n":"Tartelette Choco Caramel St Michel Bonne Maman 135g","p":1.36,"u":"10,07 €/KG","img":"https://fd5-photos.leclercdrive.fr/image.ashx?id=2949931&use=l&cat=p&typeid=i","cat":284488},{"id":9574,"n":"Feutres de coloriage Bic Kids x24","p":5.12,"img":"https://fd5-photos.leclercdrive.fr/image.ashx?id=2623196&use=l&cat=p&typeid=i","cat":284696},{"id":9593,"n":"AOP Côtes du Rhône vin rouge Combes Saint Sauveur 75cl","p":4.06,"u":"5,41 €/L","img":"https://fd5-photos.leclercdrive.fr/image.ashx?id=2755414&use=l&cat=p&typeid=i","cat":289556},{"id":9598,"n":"Nuggets Le Gaulois Extra croustillant x10 - 200g","p":1.92,"u":"9,60 €/KG","img":"https://fd5-photos.leclercdrive.fr/image.ashx?id=2645531&use=l&cat=p&typeid=i","cat":333684},{"id":9602,"n":"Copies doubles Esquisse - x300 21x29.7cm","p":2.49,"img":"https://fd5-photos.leclercdrive.fr/image.ashx?id=1698667&use=l&cat=p&typeid=i","cat":284697},{"id":9632,"n":"IGP Pays d'Oc rouge Les Ormes De Cambras 12.5% vol - 75cl","p":2.78,"u":"3,71 €/L","img":"https://fd5-photos.leclercdrive.fr/image.ashx?id=2445121&use=l&cat=p&typeid=i","cat":289556},{"id":9634,"n":"Scotch Whisky Baird's 40%vol - 1L","p":15.49,"u":"15,49 €/L","img":"https://fd5-photos.leclercdrive.fr/image.ashx?id=2907168&use=l&cat=p&typeid=i","cat":284547},{"id":9635,"n":"Rhum blanc Charrette 49%vol - 1L","p":16.03,"u":"16,03 €/L","img":"https://fd5-photos.leclercdrive.fr/image.ashx?id=1946417&use=l&cat=p&typeid=i","cat":284550},{"id":9636,"n":"Apéritif sans alcool Palermo Amarino - 1L","p":3.38,"u":"3,38 €/L","img":"https://fd5-photos.leclercdrive.fr/image.ashx?id=1866955&use=l&cat=p&typeid=i","cat":284549},{"id":9638,"n":"AOC Rhum agricole blanc Dillon Martinique 55%vol - 1L","p":18.84,"u":"18,84 €/L","img":"https://fd5-photos.leclercdrive.fr/image.ashx?id=2650946&use=l&cat=p&typeid=i","cat":284550},{"id":9641,"n":"Whisky Ballantine's Finest Blended Scotch 40% vol - 1L","p":20.95,"pp":19.45,"u":"19,45 €/L","img":"https://fd5-photos.leclercdrive.fr/image.ashx?id=2816964&use=l&cat=p&typeid=i","cat":284547},{"id":9689,"n":"Muffin complet Epi d'Or x4 - 250g","p":1.7,"u":"6,80 €/KG","img":"https://fd5-photos.leclercdrive.fr/image.ashx?id=2939058&use=l&cat=p&typeid=i","cat":284985},{"id":9708,"n":"Crème aux oeufs Délisse Vanille - 4x100g","p":1.49,"u":"3,73 €/KG","img":"https://fd5-photos.leclercdrive.fr/image.ashx?id=1956631&use=l&cat=p&typeid=i","cat":284419},{"id":9899,"n":"Culotte absorbante Chorys Taille M - Plus - x12","p":7.99,"u":"0,67 €/P","img":"https://fd5-photos.leclercdrive.fr/image.ashx?id=2623001&use=l&cat=p&typeid=i","cat":284628},{"id":9915,"n":"Oignons émincés Notre Jardin 1kg","p":1.75,"u":"1,75 €/KG","img":"https://fd5-photos.leclercdrive.fr/image.ashx?id=2873117&use=l&cat=p&typeid=i","cat":319805},{"id":9917,"n":"Whisky J&B Rare 40%vol - 1L","p":20.22,"u":"20,22 €/L","img":"https://fd5-photos.leclercdrive.fr/image.ashx?id=2497638&use=l&cat=p&typeid=i","cat":284547},{"id":9933,"n":"Mouchoirs blancs 4 plis Caresse Mouchoirs papier - 24 étuis","p":2.51,"u":"0,10 €/P","img":"https://fd5-photos.leclercdrive.fr/image.ashx?id=2870017&use=l&cat=p&typeid=i","cat":284638},{"id":9937,"n":"Eau de source de Montagne Bouchon sport - 12x33cl","p":2.89,"u":"0,73 €/L","img":"https://fd5-photos.leclercdrive.fr/image.ashx?id=2909879&use=l&cat=p&typeid=i","cat":284535},{"id":10063,"n":"Whisky Bourbon Four Roses 40%vol - 1L","p":26.5,"u":"26,50 €/L","img":"https://fd5-photos.leclercdrive.fr/image.ashx?id=2929476&use=l&cat=p&typeid=i","cat":284547},{"id":10069,"n":"Gâteaux moelleux Pépito  Pépites de chocolat - 150g","p":1.2,"u":"8,00 €/KG","img":"https://fd5-photos.leclercdrive.fr/image.ashx?id=2374396&use=l&cat=p&typeid=i","cat":284495},{"id":10072,"n":"Navettes NRT Fleur d'oranger - 400g","p":2.89,"u":"7,23 €/KG","img":"https://fd5-photos.leclercdrive.fr/image.ashx?id=2679792&use=l&cat=p&typeid=i","cat":284487},{"id":10073,"n":"Tablette chocolat Bio Village Bio Chocolat au lait - 100g","p":1.89,"u":"18,90 €/KG","img":"https://fd5-photos.leclercdrive.fr/image.ashx?id=2861899&use=l&cat=p&typeid=i","cat":284497},{"id":10074,"n":"Tablette de chocolat Equador Noir et menthe 100g","p":1.19,"u":"11,90 €/KG","img":"https://fd5-photos.leclercdrive.fr/image.ashx?id=2834296&use=l&cat=p&typeid=i","cat":284956},{"id":10092,"n":"Palets de légumes Notre Jardin Courgettes Carottes - x8 300g","p":1.74,"u":"5,80 €/KG","img":"https://fd5-photos.leclercdrive.fr/image.ashx?id=2878711&use=l&cat=p&typeid=i","cat":319802},{"id":10108,"n":"Croquants aux amandes NRT 300g","p":2.74,"u":"9,13 €/KG","img":"https://fd5-photos.leclercdrive.fr/image.ashx?id=2679795&use=l&cat=p&typeid=i","cat":284487},{"id":10114,"n":"Essuie-tout Uni Vert Compact Ecologique - x2","p":2.7,"u":"1,35 €/P","img":"https://fd5-photos.leclercdrive.fr/image.ashx?id=2571929&use=l&cat=p&typeid=i","cat":284635},{"id":10122,"n":"Mini gratins Côté Table Aux 3 légumes - x4 480g","p":3.12,"u":"6,50 €/KG","img":"https://fd5-photos.leclercdrive.fr/image.ashx?id=2074419&use=l&cat=p&typeid=i","cat":319802},{"id":10211,"n":"Pâtes Nouilles Turini 1kg","p":1.35,"u":"1,35 €/KG","img":"https://fd5-photos.leclercdrive.fr/image.ashx?id=2980761&use=l&cat=p&typeid=i","cat":284427},{"id":10212,"n":"Rubans anti-mouches Insectivor x4","p":0.85,"u":"0,21 €/P","img":"https://fd5-photos.leclercdrive.fr/image.ashx?id=2555077&use=l&cat=p&typeid=i","cat":298368},{"id":10220,"n":"Tampons Doulys Compact Normal - x20","p":2.24,"u":"0,11 €/P","img":"https://fd5-photos.leclercdrive.fr/image.ashx?id=2965464&use=l&cat=p&typeid=i","cat":284626},{"id":10227,"n":"Mini gratins Côté Table Dauphinois - x4 480g","p":2.99,"u":"6,23 €/KG","img":"https://fd5-photos.leclercdrive.fr/image.ashx?id=2627640&use=l&cat=p&typeid=i","cat":319802},{"id":10305,"n":"Bière blonde Amsterdam Navigator 8.4%vol. - 4x50cl","p":7.15,"u":"3,58 €/L","img":"https://fd5-photos.leclercdrive.fr/image.ashx?id=1865205&use=l&cat=p&typeid=i","cat":334853},{"id":10344,"n":"Petit Beurre Pocket P'ti Déli 3x12 sachets 300g","p":1.68,"u":"5,60 €/KG","img":"https://fd5-photos.leclercdrive.fr/image.ashx?id=1965518&use=l&cat=p&typeid=i","cat":284487},{"id":10346,"n":"Vinaigrette allégée Rustica Balsamique huile d'olive - 50cl","p":2.49,"u":"4,98 €/L","img":"https://fd5-photos.leclercdrive.fr/image.ashx?id=1972913&use=l&cat=p&typeid=i","cat":284456},{"id":10348,"n":"Huile de noix Rustica 50cl","p":4.68,"u":"9,36 €/L","img":"https://fd5-photos.leclercdrive.fr/image.ashx?id=2523703&use=l&cat=p&typeid=i","cat":284453},{"id":10351,"n":"Sacs à couche Mots d'Enfant Parfumés - x50","p":1.6,"u":"0,03 €/P","img":"https://fd5-photos.leclercdrive.fr/image.ashx?id=1886564&use=l&cat=p&typeid=i","cat":284737},{"id":10398,"n":"Biscuit apéritif ancel Bretzels Maxi - 200g","p":0.78,"u":"3,90 €/KG","img":"https://fd5-photos.leclercdrive.fr/image.ashx?id=2991813&use=l&cat=p&typeid=i","cat":297000},{"id":10417,"n":"AOP Fitou rouge Réserve Saint Esteve - 75cl","p":3.99,"pp":2.79,"u":"3,72 €/L","img":"https://fd5-photos.leclercdrive.fr/image.ashx?id=2407295&use=l&cat=p&typeid=i","cat":289556},{"id":10526,"n":"Pommes Noisettes McCain 1kg","p":2.34,"u":"2,34 €/KG","img":"https://fd5-photos.leclercdrive.fr/image.ashx?id=2911312&use=l&cat=p&typeid=i","cat":319792},{"id":10591,"n":"Spray vitrocéramique Clair 500ml","p":3.42,"u":"6,84 €/L","img":"https://fd5-photos.leclercdrive.fr/image.ashx?id=2860073&use=l&cat=p&typeid=i","cat":325363},{"id":10630,"n":"Saucisse Isla Délice Halal -  Goût veau - 500g","p":1.93,"u":"3,86 €/KG","img":"https://fd5-photos.leclercdrive.fr/image.ashx?id=2349230&use=l&cat=p&typeid=i","cat":316013},{"id":10637,"n":"Crème entière Délisse Fluide - 30% MG - 2x25cl","p":2.72,"u":"5,44 €/L","img":"https://fd5-photos.leclercdrive.fr/image.ashx?id=3002560&use=l&cat=p&typeid=i","cat":284381},{"id":10638,"n":"Crème légère fluide UHT Délisse 12%mg - 2x25cl","p":2.36,"u":"4,72 €/L","img":"https://fd5-photos.leclercdrive.fr/image.ashx?id=3002563&use=l&cat=p&typeid=i","cat":284381},{"id":10655,"n":"IGP Pays d'Oc rouge Cabernet Sauvignon 12.5% vol - 75cl","p":2.78,"u":"3,71 €/L","img":"https://fd5-photos.leclercdrive.fr/image.ashx?id=2189904&use=l&cat=p&typeid=i","cat":289556},{"id":10674,"n":"Soda Coca-Cola Bouteille - 6x50cl","p":6.33,"u":"2,11 €/L","img":"https://fd5-photos.leclercdrive.fr/image.ashx?id=2885414&use=l&cat=p&typeid=i","cat":284530},{"id":10679,"n":"Pommes Golden du Limousin AOP Nos Régions ont du Talent - x4","p":2.49,"u":"0,62 €/P","img":"https://fd5-photos.leclercdrive.fr/image.ashx?id=2934814&use=l&cat=p&typeid=i","cat":284356},{"id":10690,"n":"Poêlée côté sud Paysan Breton 750g","p":3.66,"u":"4,88 €/KG","img":"https://fd5-photos.leclercdrive.fr/image.ashx?id=2882397&use=l&cat=p&typeid=i","cat":319823},{"id":10697,"n":"Sardines huile olive Connétable Sans arrêtes 115g","p":2.95,"u":"25,65 €/KG","img":"https://fd5-photos.leclercdrive.fr/image.ashx?id=2139046&use=l&cat=p&typeid=i","cat":305146},{"id":10712,"n":"Rillette de sardine à la tomate Les Mouettes d'Arvor - 125g","p":3.0,"u":"24,00 €/KG","img":"https://fd5-photos.leclercdrive.fr/image.ashx?id=1891144&use=l&cat=p&typeid=i","cat":305149},{"id":10718,"n":"AOC Côtes du Marmandais rouge La Vieille Eglise - 75cl","p":3.5,"u":"4,67 €/L","img":"https://fd5-photos.leclercdrive.fr/image.ashx?id=2734801&use=l&cat=p&typeid=i","cat":289556},{"id":10720,"n":"Vin mousseux Charles Volner Demi-sec - 11%vol. - 75cl","p":3.01,"u":"4,01 €/L","img":"https://fd5-photos.leclercdrive.fr/image.ashx?id=1592055&use=l&cat=p&typeid=i","cat":284544},{"id":10767,"n":"Riz cantonais Comptoir du Grain Express 2 min - 250g","p":1.19,"u":"4,76 €/KG","img":"https://fd5-photos.leclercdrive.fr/image.ashx?id=2441198&use=l&cat=p&typeid=i","cat":287600},{"id":10785,"n":"Mogette cuisinée NRT De Vendée - 820g","p":3.01,"u":"3,67 €/KG","img":"https://fd5-photos.leclercdrive.fr/image.ashx?id=2771384&use=l&cat=p&typeid=i","cat":312606},{"id":10787,"n":"Huile de colza Bio Village Bio - 75cl","p":3.79,"u":"5,05 €/L","img":"https://fd5-photos.leclercdrive.fr/image.ashx?id=2989715&use=l&cat=p&typeid=i","cat":284453},{"id":10928,"n":"Mélange Eco+ Graines et raisin - 200g","p":1.45,"u":"7,25 €/KG","img":"https://fd5-photos.leclercdrive.fr/image.ashx?id=2780713&use=l&cat=p&typeid=i","cat":284448},{"id":10945,"n":"Boules de graisse Eco+ x6 - 540g","p":0.75,"u":"1,39 €/KG","img":"https://fd5-photos.leclercdrive.fr/image.ashx?id=2220275&use=l&cat=p&typeid=i","cat":284678},{"id":10971,"n":"Jus de pommes pressées Andros 1L","p":2.42,"u":"2,42 €/L","img":"https://fd5-photos.leclercdrive.fr/image.ashx?id=2882644&use=l&cat=p&typeid=i","cat":285435},{"id":11002,"n":"AOC Champagne brut blanc  Grande cuvée Pol Carson - 75cl","p":22.49,"u":"29,99 €/L","img":"https://fd5-photos.leclercdrive.fr/image.ashx?id=2909885&use=l&cat=p&typeid=i","cat":284542},{"id":11034,"n":"Terrine de campagne Côté Table Porc confit - 2x180g","p":2.79,"u":"7,75 €/KG","img":"https://fd5-photos.leclercdrive.fr/image.ashx?id=2519426&use=l&cat=p&typeid=i","cat":305149},{"id":11046,"n":"Duo de riz Camargue Bio village Bio  - 500g","p":3.9,"u":"7,80 €/KG","img":"https://fd5-photos.leclercdrive.fr/image.ashx?id=2477008&use=l&cat=p&typeid=i","cat":284428},{"id":11079,"n":"Brioches fourrées Epi d'Or Chocolat x8 - 310g","p":1.64,"u":"5,29 €/KG","img":"https://fd5-photos.leclercdrive.fr/image.ashx?id=2860730&use=l&cat=p&typeid=i","cat":293505},{"id":11089,"n":"Lingettes Demak'up Peaux sensibles 2x25","p":5.65,"img":"https://fd5-photos.leclercdrive.fr/image.ashx?id=2999883&use=l&cat=p&typeid=i","cat":285593},{"id":11093,"n":"Céréales Spécial K Kellogg's Chocolat noir - 300g","p":2.91,"u":"9,70 €/KG","img":"https://fd5-photos.leclercdrive.fr/image.ashx?id=2583912&use=l&cat=p&typeid=i","cat":309512},{"id":11146,"n":"Lait demi-écrémé Brique - 6x1L","p":5.02,"u":"0,84 €/L","img":"https://fd5-photos.leclercdrive.fr/image.ashx?id=1682829&use=l&cat=p&typeid=i","cat":284377},{"id":11152,"n":"Pomme de terre Ratte du Touquet Nos Régions ont du Talent 1kg","p":2.03,"u":"2,03 €/KG","img":"https://fd5-photos.leclercdrive.fr/image.ashx?id=2581857&use=l&cat=p&typeid=i","cat":284352},{"id":11153,"n":"Truite fumée Ovive Pyrénées 4 tranches - 120g","p":5.72,"u":"47,67 €/KG","img":"https://fd5-photos.leclercdrive.fr/image.ashx?id=2887848&use=l&cat=p&typeid=i","cat":285188},{"id":11175,"n":"Plat bébé soir Blédiner 8 mois Risotto courgette - 2x200g","p":2.07,"u":"5,18 €/KG","img":"https://fd5-photos.leclercdrive.fr/image.ashx?id=2921043&use=l&cat=p&typeid=i","cat":312239},{"id":11176,"n":"Lait céréales bébé Blédiner 6m Courgette soir - 2x250ml","p":1.87,"u":"3,74 €/L","img":"https://fd5-photos.leclercdrive.fr/image.ashx?id=2960147&use=l&cat=p&typeid=i","cat":312239},{"id":11178,"n":"Plat bébé soir Blédiner 12 mois Pâtes tomate courgette - 2x200g","p":2.17,"u":"5,43 €/KG","img":"https://fd5-photos.leclercdrive.fr/image.ashx?id=2902966&use=l&cat=p&typeid=i","cat":312239},{"id":11225,"n":"AOP Blaye Côtes de Bordeaux vin rouge Chantet Blanet - BIB 3L","p":11.99,"u":"4,00 €/L","img":"https://fd5-photos.leclercdrive.fr/image.ashx?id=2780719&use=l&cat=p&typeid=i","cat":289560},{"id":11292,"n":"AOC Clairette de Die Jaillance Esprit de terroirTradition 75cl","p":5.95,"u":"7,93 €/L","img":"https://fd5-photos.leclercdrive.fr/image.ashx?id=2453499&use=l&cat=p&typeid=i","cat":284545},{"id":11367,"n":"Yaourt à la grecque YAOS Nature - 4x150g","p":2.01,"u":"3,35 €/KG","img":"https://fd5-photos.leclercdrive.fr/image.ashx?id=2365006&use=l&cat=p&typeid=i","cat":314999},{"id":11386,"n":"Saucisse de Toulouse Socopa x4 400g","p":3.19,"u":"7,98 €/KG","img":"https://fd5-photos.leclercdrive.fr/image.ashx?id=2264689&use=l&cat=p&typeid=i","cat":284334},{"id":11455,"n":"Pasta Box Sodebo Tortellini Ricotta Épinards - 280g","p":2.56,"u":"9,14 €/KG","img":"https://fd5-photos.leclercdrive.fr/image.ashx?id=2919778&use=l&cat=p&typeid=i","cat":334983},{"id":11464,"n":"Pointe de brie Président Crémeux - 200g","p":1.97,"u":"9,85 €/KG","img":"https://fd5-photos.leclercdrive.fr/image.ashx?id=2029841&use=l&cat=p&typeid=i","cat":314033},{"id":11465,"n":"Beurre La Motte Président Demi-sel - 80%MG - 250g","p":3.19,"u":"12,76 €/KG","img":"https://fd5-photos.leclercdrive.fr/image.ashx?id=2896970&use=l&cat=p&typeid=i","cat":284379},{"id":11498,"n":"Lait Bio écrémé Lactel UHT Bouteille - 6x1l","p":10.08,"u":"1,68 €/L","img":"https://fd5-photos.leclercdrive.fr/image.ashx?id=2890986&use=l&cat=p&typeid=i","cat":284949},{"id":11499,"n":"Lait Bio entier Lactel UHT Bouteille - 6x1l","p":12.0,"u":"2,00 €/L","img":"https://fd5-photos.leclercdrive.fr/image.ashx?id=2892775&use=l&cat=p&typeid=i","cat":285610},{"id":11501,"n":"Yaourts Mamie Nova Cerise griotte - 2x150g","p":1.17,"u":"3,90 €/KG","img":"https://fd5-photos.leclercdrive.fr/image.ashx?id=2912245&use=l&cat=p&typeid=i","cat":284410},{"id":11503,"n":"Crème gourmande Mamie Nova Vanille bourbon 2x150g","p":1.39,"u":"4,63 €/KG","img":"https://fd5-photos.leclercdrive.fr/image.ashx?id=2909017&use=l&cat=p&typeid=i","cat":285041},{"id":11508,"n":"Lait céréales Blédidej 6 mois Biscuit  - 4x250ml","p":3.48,"u":"3,48 €/L","img":"https://fd5-photos.leclercdrive.fr/image.ashx?id=2921040&use=l&cat=p&typeid=i","cat":312226},{"id":11509,"n":"Feuille de brick Tablier Blanc 8 feuilles - 136g","p":0.77,"u":"5,66 €/KG","img":"https://fd5-photos.leclercdrive.fr/image.ashx?id=1938558&use=l&cat=p&typeid=i","cat":333681},{"id":11527,"n":"Essuie-tout blanc Mimosa Super absorbant - x6","p":3.74,"u":"0,62 €/P","img":"https://fd5-photos.leclercdrive.fr/image.ashx?id=2713262&use=l&cat=p&typeid=i","cat":284635},{"id":11530,"n":"Crème gourmande Mamie Nova Cappucino 2x150g","p":1.36,"u":"4,53 €/KG","img":"https://fd5-photos.leclercdrive.fr/image.ashx?id=2909023&use=l&cat=p&typeid=i","cat":285041},{"id":11561,"n":"Boisson sans alcool D'Artigny Classic - 75cl","p":3.23,"u":"4,31 €/L","img":"https://fd5-photos.leclercdrive.fr/image.ashx?id=2804430&use=l&cat=p&typeid=i","cat":289460},{"id":11562,"n":"Boisson sans alcool D'Artigny Pêche - 75cl","p":3.31,"u":"4,41 €/L","img":"https://fd5-photos.leclercdrive.fr/image.ashx?id=2854393&use=l&cat=p&typeid=i","cat":289460},{"id":11587,"n":"Papier toilette Mimosa Rose - Ultra doux - x12","p":2.82,"u":"0,24 €/P","img":"https://fd5-photos.leclercdrive.fr/image.ashx?id=2790919&use=l&cat=p&typeid=i","cat":284634},{"id":11646,"n":"Mi-bas Well Actiwell Circulation noir T36/38 x1","p":3.7,"img":"https://fd5-photos.leclercdrive.fr/image.ashx?id=2587542&use=l&cat=p&typeid=i","cat":334130},{"id":11695,"n":"Collant mousse Tissaia Elasthanne Gris moyen T2 - x2","p":2.6,"u":"1,30 €/P","img":"https://fd5-photos.leclercdrive.fr/image.ashx?id=2193108&use=l&cat=p&typeid=i","cat":334130},{"id":11705,"n":"Bas clip Tissaia voile Brillant noir T1/2","p":4.2,"img":"https://fd5-photos.leclercdrive.fr/image.ashx?id=2193296&use=l&cat=p&typeid=i","cat":334130},{"id":11731,"n":"Legging opaque Tissaia Noir 50D - T2","p":6.4,"img":"https://fd5-photos.leclercdrive.fr/image.ashx?id=2193311&use=l&cat=p&typeid=i","cat":334130},{"id":11822,"n":"Bonbons Werther's Original Caramel - 300g","p":3.33,"u":"11,10 €/KG","img":"https://fd5-photos.leclercdrive.fr/image.ashx?id=2659798&use=l&cat=p&typeid=i","cat":304252},{"id":11878,"n":"AOC Bordeaux vin rouge Chantet Blanet - BIB 3L","p":9.99,"u":"3,33 €/L","img":"https://fd5-photos.leclercdrive.fr/image.ashx?id=2708456&use=l&cat=p&typeid=i","cat":289560},{"id":11880,"n":"AOC Vouvray brut Les Caractères - 75cl","p":5.99,"u":"7,99 €/L","img":"https://fd5-photos.leclercdrive.fr/image.ashx?id=2801043&use=l&cat=p&typeid=i","cat":284544},{"id":11881,"n":"AOP Vouvray demi-sec Les Caractères - 75cl","p":5.99,"u":"7,99 €/L","img":"https://fd5-photos.leclercdrive.fr/image.ashx?id=2800264&use=l&cat=p&typeid=i","cat":284544},{"id":11885,"n":"Fruits au sirop St Mamet Cocktail avec son jus - 3x125g","p":3.82,"u":"10,19 €/KG","img":"https://fd5-photos.leclercdrive.fr/image.ashx?id=2628440&use=l&cat=p&typeid=i","cat":284507},{"id":11886,"n":"IGP Pays d'Oc Gris vin rosé Rives & Terrasses 12.5% BIB 3L","p":8.49,"u":"2,83 €/L","img":"https://fd5-photos.leclercdrive.fr/image.ashx?id=2909383&use=l&cat=p&typeid=i","cat":289560},{"id":11895,"n":"AOC Côtes du Rhône vin rouge Grégoire XI - BIB 5L","p":16.49,"u":"3,30 €/L","img":"https://fd5-photos.leclercdrive.fr/image.ashx?id=2710774&use=l&cat=p&typeid=i","cat":289560},{"id":11900,"n":"Arôme naturel de vanille Vahiné 20ml","p":2.46,"u":"123,00 €/L","img":"https://fd5-photos.leclercdrive.fr/image.ashx?id=2559766&use=l&cat=p&typeid=i","cat":284504},{"id":11902,"n":"Arôme amande amère Vahiné 20ml","p":1.15,"u":"57,50 €/L","img":"https://fd5-photos.leclercdrive.fr/image.ashx?id=2559769&use=l&cat=p&typeid=i","cat":284504},{"id":11903,"n":"Arôme naturel de citron Vahiné 20ml","p":1.15,"u":"57,50 €/L","img":"https://fd5-photos.leclercdrive.fr/image.ashx?id=2559772&use=l&cat=p&typeid=i","cat":284504},{"id":11906,"n":"Nappage caramel Vahiné 700g","p":3.47,"u":"4,96 €/KG","img":"https://fd5-photos.leclercdrive.fr/image.ashx?id=2983234&use=l&cat=p&typeid=i","cat":284504},{"id":11908,"n":"Perles multicolores Vahiné 80g","p":1.61,"u":"20,13 €/KG","img":"https://fd5-photos.leclercdrive.fr/image.ashx?id=2524308&use=l&cat=p&typeid=i","cat":284504},{"id":11910,"n":"Colorant alimentaire Vahiné Assortiment x3","p":1.47,"u":"0,49 €/P","img":"https://fd5-photos.leclercdrive.fr/image.ashx?id=2939352&use=l&cat=p&typeid=i","cat":284504},{"id":11917,"n":"Crayon pâtissier Vahiné x1","p":1.69,"img":"https://fd5-photos.leclercdrive.fr/image.ashx?id=2983240&use=l&cat=p&typeid=i","cat":284504},{"id":12000,"n":"Couscous Comptoir du Grain Grain moyen - 5x100g","p":0.84,"u":"1,68 €/KG","img":"https://fd5-photos.leclercdrive.fr/image.ashx?id=3012815&use=l&cat=p&typeid=i","cat":284429},{"id":12012,"n":"Riz Vivien Paille superfino Spécial risotto - 1kg","p":2.94,"u":"2,94 €/KG","img":"https://fd5-photos.leclercdrive.fr/image.ashx?id=2280296&use=l&cat=p&typeid=i","cat":284428},{"id":12013,"n":"Riz Thaï Vivien Paille 1kg","p":3.13,"u":"3,13 €/KG","img":"https://fd5-photos.leclercdrive.fr/image.ashx?id=2421733&use=l&cat=p&typeid=i","cat":284428},{"id":12014,"n":"Riz Basmati Vivien Paille 1kg","p":3.9,"u":"3,90 €/KG","img":"https://fd5-photos.leclercdrive.fr/image.ashx?id=2326361&use=l&cat=p&typeid=i","cat":284428},{"id":12015,"n":"Riz long Vivien Paille Bomba perliz cello 1kg","p":2.7,"u":"2,70 €/KG","img":"https://fd5-photos.leclercdrive.fr/image.ashx?id=2284085&use=l&cat=p&typeid=i","cat":284428},{"id":12017,"n":"Riz rond Vivien Paille dessert Perliz cello - 1kg","p":2.15,"u":"2,15 €/KG","img":"https://fd5-photos.leclercdrive.fr/image.ashx?id=2284082&use=l&cat=p&typeid=i","cat":284428},{"id":12109,"n":"Purée de piments Suzi Wan 100g","p":1.55,"u":"15,50 €/KG","img":"https://fd5-photos.leclercdrive.fr/image.ashx?id=2892565&use=l&cat=p&typeid=i","cat":288992},{"id":12122,"n":"Vermicelles de riz Suzi Wan 250g","p":1.89,"u":"7,56 €/KG","img":"https://fd5-photos.leclercdrive.fr/image.ashx?id=3002183&use=l&cat=p&typeid=i","cat":288992},{"id":12170,"n":"AOP Bordeaux rosé Baron de Lestac - 75cl","p":4.11,"u":"5,48 €/L","img":"https://fd5-photos.leclercdrive.fr/image.ashx?id=2179368&use=l&cat=p&typeid=i","cat":289558},{"id":12236,"n":"Spaghetti d'Alsace NRT 250g","p":1.39,"u":"5,56 €/KG","img":"https://fd5-photos.leclercdrive.fr/image.ashx?id=2839983&use=l&cat=p&typeid=i","cat":284427},{"id":12242,"n":"Rillettes de saumon MSC Ronde des mers - 150g","p":1.99,"u":"13,27 €/KG","img":"https://fd5-photos.leclercdrive.fr/image.ashx?id=2822729&use=l&cat=p&typeid=i","cat":285191},{"id":12245,"n":"Galettes Bretonnes P'tit Déli Pépites chocolat 130g","p":1.34,"u":"10,31 €/KG","img":"https://fd5-photos.leclercdrive.fr/image.ashx?id=2387973&use=l&cat=p&typeid=i","cat":284487},{"id":12249,"n":"Torsades d'Alsace NRT 250g","p":1.39,"u":"5,56 €/KG","img":"https://fd5-photos.leclercdrive.fr/image.ashx?id=2839980&use=l&cat=p&typeid=i","cat":284427},{"id":12331,"n":"Bonbons Fisherman's Friend Eucalyptus - 3x25g","p":1.99,"u":"26,53 €/KG","img":"https://fd5-photos.leclercdrive.fr/image.ashx?id=2654026&use=l&cat=p&typeid=i","cat":304256},{"id":12333,"n":"Frisk Menthe Forte  sans sucres - 5,7g","p":1.01,"u":"168,33 €/KG","img":"https://fd5-photos.leclercdrive.fr/image.ashx?id=2660206&use=l&cat=p&typeid=i","cat":304256},{"id":12342,"n":"Sucettes Chupa Chups Fresh cola - 192g","p":2.14,"u":"11,15 €/KG","img":"https://fd5-photos.leclercdrive.fr/image.ashx?id=2149489&use=l&cat=p&typeid=i","cat":304252},{"id":12362,"n":"Thon entier Pêche Océan Naturel - 2x140g","p":3.75,"u":"13,39 €/KG","img":"https://fd5-photos.leclercdrive.fr/image.ashx?id=2941420&use=l&cat=p&typeid=i","cat":303867},{"id":12376,"n":"Pâtes Alphabet Turini 500g","p":0.99,"u":"1,98 €/KG","img":"https://fd5-photos.leclercdrive.fr/image.ashx?id=2980800&use=l&cat=p&typeid=i","cat":284427},{"id":12380,"n":"Infusion Tiséa Digestion facilitée x25","p":0.99,"u":"24,75 €/KG","img":"https://fd5-photos.leclercdrive.fr/image.ashx?id=2696253&use=l&cat=p&typeid=i","cat":293234},{"id":12391,"n":"Sirop Frucci Fraise - 1L","p":3.5,"u":"3,50 €/L","img":"https://fd5-photos.leclercdrive.fr/image.ashx?id=2954076&use=l&cat=p&typeid=i","cat":295020},{"id":12394,"n":"Nectar Jafaden Abricot - 4x20cl","p":2.68,"u":"3,35 €/L","img":"https://fd5-photos.leclercdrive.fr/image.ashx?id=2955674&use=l&cat=p&typeid=i","cat":284524},{"id":12397,"n":"Vin mousseux d'Union Européenne Brut Blazer - 75 cl","p":3.15,"u":"4,20 €/L","img":"https://fd5-photos.leclercdrive.fr/image.ashx?id=2623950&use=l&cat=p&typeid=i","cat":284544},{"id":12398,"n":"Vin mousseux d'Union Européenne  Demi-sec Blazer - 75cl","p":3.19,"u":"4,25 €/L","img":"https://fd5-photos.leclercdrive.fr/image.ashx?id=2623953&use=l&cat=p&typeid=i","cat":284544},{"id":12399,"n":"Apéritif anisé Cantanis Sans alcool - 1L","p":2.25,"u":"2,25 €/L","img":"https://fd5-photos.leclercdrive.fr/image.ashx?id=2520011&use=l&cat=p&typeid=i","cat":284549},{"id":12421,"n":"Vinaigre de vin Rustica Aromatisé Framboise - 50cl","p":1.99,"u":"3,98 €/L","img":"https://fd5-photos.leclercdrive.fr/image.ashx?id=2142181&use=l&cat=p&typeid=i","cat":298543},{"id":12437,"n":"Sel fin de l'île de Ré NRT 250g","p":1.35,"u":"5,40 €/KG","img":"https://fd5-photos.leclercdrive.fr/image.ashx?id=2802876&use=l&cat=p&typeid=i","cat":284457},{"id":12453,"n":"Soda Jean's Cola sans Caféine Zéro - Bouteille - 1,5L","p":0.96,"u":"0,64 €/L","img":"https://fd5-photos.leclercdrive.fr/image.ashx?id=2637865&use=l&cat=p&typeid=i","cat":284530},{"id":12464,"n":"Soda Jean's Cola Zéro Bouteille - 1,5L","p":0.45,"u":"0,30 €/L","img":"https://fd5-photos.leclercdrive.fr/image.ashx?id=2637883&use=l&cat=p&typeid=i","cat":284530},{"id":12467,"n":"Jus multifruits Jafaden Pur jus - 1L","p":1.99,"u":"1,99 €/L","img":"https://fd5-photos.leclercdrive.fr/image.ashx?id=2958705&use=l&cat=p&typeid=i","cat":284917},{"id":12469,"n":"100% Pur jus d'orange Jafaden  Sans pulpe - 1L","p":1.99,"u":"1,99 €/L","img":"https://fd5-photos.leclercdrive.fr/image.ashx?id=2842477&use=l&cat=p&typeid=i","cat":284521},{"id":12470,"n":"Pur Jus de raisin Bio Village Bio - 1L","p":2.29,"u":"2,29 €/L","img":"https://fd5-photos.leclercdrive.fr/image.ashx?id=2901518&use=l&cat=p&typeid=i","cat":284915},{"id":12471,"n":"Thon entier Pêche Océan Huile de tournesol - 160g","p":1.63,"u":"10,19 €/KG","img":"https://fd5-photos.leclercdrive.fr/image.ashx?id=2941396&use=l&cat=p&typeid=i","cat":303867},{"id":12501,"n":"Café soluble Plantation Sélection - 200g","p":4.53,"u":"22,65 €/KG","img":"https://fd5-photos.leclercdrive.fr/image.ashx?id=2834266&use=l&cat=p&typeid=i","cat":284843},{"id":12513,"n":"Cornichons Maille Malossol A la russe 440g","p":4.19,"u":"9,52 €/KG","img":"https://fd5-photos.leclercdrive.fr/image.ashx?id=2076023&use=l&cat=p&typeid=i","cat":284458},{"id":12534,"n":"Café moulu Plantation  Fruité & délicat déca - 250g","p":3.69,"u":"14,76 €/KG","img":"https://fd5-photos.leclercdrive.fr/image.ashx?id=2856402&use=l&cat=p&typeid=i","cat":284750},{"id":12551,"n":"Raviolis légumes Bio Village Bio - 700g","p":2.53,"u":"3,61 €/KG","img":"https://fd5-photos.leclercdrive.fr/image.ashx?id=2717252&use=l&cat=p&typeid=i","cat":284442},{"id":12555,"n":"Mogette cuite au naturel NRT De Vendée - 530g","p":3.19,"u":"6,02 €/KG","img":"https://fd5-photos.leclercdrive.fr/image.ashx?id=2771025&use=l&cat=p&typeid=i","cat":312606},{"id":12564,"n":"Châtaignes Notre Jardin Entières - 420g","p":5.09,"u":"12,12 €/KG","img":"https://fd5-photos.leclercdrive.fr/image.ashx?id=2263146&use=l&cat=p&typeid=i","cat":312612},{"id":12581,"n":"Soupe Déshydratée Thaï KNORR Nouilles & Champignons - 70cl","p":1.21,"u":"1,73 €/L","img":"https://fd5-photos.leclercdrive.fr/image.ashx?id=2772554&use=l&cat=p&typeid=i","cat":284463},{"id":12588,"n":"Sel régénérant Visior Lave-vaisselle - 4x1kg","p":2.69,"u":"0,67 €/KG","img":"https://fd5-photos.leclercdrive.fr/image.ashx?id=2463401&use=l&cat=p&typeid=i","cat":284657},{"id":12591,"n":"Soupe déshydratée Knorr 9 légumes - 75cl","p":0.88,"u":"1,17 €/L","img":"https://fd5-photos.leclercdrive.fr/image.ashx?id=2790585&use=l&cat=p&typeid=i","cat":284463},{"id":12593,"n":"Soupe déshydratée Knorr 9 légumes - 105g","p":0.93,"u":"8,86 €/KG","img":"https://fd5-photos.leclercdrive.fr/image.ashx?id=2875930&use=l&cat=p&typeid=i","cat":284463},{"id":12601,"n":"Oignon Rustica Coupés - 100g","p":2.14,"u":"21,40 €/KG","img":"https://fd5-photos.leclercdrive.fr/image.ashx?id=2365466&use=l&cat=p&typeid=i","cat":319804},{"id":12605,"n":"Cornichons Maille Le Mini 210g","p":2.82,"u":"13,43 €/KG","img":"https://fd5-photos.leclercdrive.fr/image.ashx?id=2877310&use=l&cat=p&typeid=i","cat":284458},{"id":12606,"n":"Marmite bouillon Knorr Poule - 224g","p":1.79,"u":"7,99 €/KG","img":"https://fd5-photos.leclercdrive.fr/image.ashx?id=2960288&use=l&cat=p&typeid=i","cat":288379},{"id":12611,"n":"Crozets au Sarrasin NRT 400g","p":2.3,"u":"5,75 €/KG","img":"https://fd5-photos.leclercdrive.fr/image.ashx?id=2856220&use=l&cat=p&typeid=i","cat":284427},{"id":12634,"n":"Olives de Nyons AOP NRT Noires - 230g","p":3.48,"u":"15,13 €/KG","img":"https://fd5-photos.leclercdrive.fr/image.ashx?id=2704888&use=l&cat=p&typeid=i","cat":284458},{"id":12674,"n":"Nids d'Alsace NRT 250g","p":1.39,"u":"5,56 €/KG","img":"https://fd5-photos.leclercdrive.fr/image.ashx?id=2839968&use=l&cat=p&typeid=i","cat":284427},{"id":12706,"n":"Dentifrice Dentamyl Soin complet 75ml","p":0.76,"u":"10,13 €/L","img":"https://fd5-photos.leclercdrive.fr/image.ashx?id=2276480&use=l&cat=p&typeid=i","cat":284612},{"id":12712,"n":"Sauce Poivrons Aubergine Turini 190g","p":1.79,"u":"9,42 €/KG","img":"https://fd5-photos.leclercdrive.fr/image.ashx?id=2478474&use=l&cat=p&typeid=i","cat":287599},{"id":12729,"n":"Pânés poulet Le Gaulois x2 -  200g","p":1.81,"u":"9,05 €/KG","img":"https://fd5-photos.leclercdrive.fr/image.ashx?id=2261660&use=l&cat=p&typeid=i","cat":333684},{"id":12733,"n":"Bacon Herta superposé x15 150g","p":2.04,"u":"13,60 €/KG","img":"https://fd5-photos.leclercdrive.fr/image.ashx?id=2889325&use=l&cat=p&typeid=i","cat":316007},{"id":12739,"n":"Friand viande Côté Table 2x110g","p":1.65,"u":"7,50 €/KG","img":"https://fd5-photos.leclercdrive.fr/image.ashx?id=2820436&use=l&cat=p&typeid=i","cat":333671},{"id":12816,"n":"Dentifrice blancheur Dentamyl Soin complet 75ml","p":0.98,"u":"13,07 €/L","img":"https://fd5-photos.leclercdrive.fr/image.ashx?id=2489110&use=l&cat=p&typeid=i","cat":284612},{"id":12838,"n":"Foie de volaille Le Gaulois Confit - 300g","p":3.19,"u":"10,63 €/KG","img":"https://fd5-photos.leclercdrive.fr/image.ashx?id=2732719&use=l&cat=p&typeid=i","cat":284715},{"id":12914,"n":"Fromage persillé 125g","p":1.94,"u":"15,52 €/KG","img":"https://fd5-photos.leclercdrive.fr/image.ashx?id=1064090&use=l&cat=p&typeid=i","cat":314032},{"id":12917,"n":"Infusion bio Bio Village Pour le soir x20 - 30g","p":1.75,"u":"58,33 €/KG","img":"https://fd5-photos.leclercdrive.fr/image.ashx?id=2854261&use=l&cat=p&typeid=i","cat":293234},{"id":12925,"n":"Délice de tomates séchées NRT à la provençale - 90g","p":2.2,"u":"24,44 €/KG","img":"https://fd5-photos.leclercdrive.fr/image.ashx?id=2991163&use=l&cat=p&typeid=i","cat":315999},{"id":12926,"n":"Caviar d'aubergines NRT à la provençale - 90g","p":2.09,"u":"23,22 €/KG","img":"https://fd5-photos.leclercdrive.fr/image.ashx?id=2991160&use=l&cat=p&typeid=i","cat":315999},{"id":12927,"n":"Tapenade verte NRT à la provençale - 90g","p":2.5,"u":"27,78 €/KG","img":"https://fd5-photos.leclercdrive.fr/image.ashx?id=2991154&use=l&cat=p&typeid=i","cat":315999},{"id":12928,"n":"Tapenade noire NRT à la provençale - 90g","p":2.5,"u":"27,78 €/KG","img":"https://fd5-photos.leclercdrive.fr/image.ashx?id=2991085&use=l&cat=p&typeid=i","cat":315999},{"id":12965,"n":"Crêpes dentelles chocolat NRT 100g","p":1.82,"u":"18,20 €/KG","img":"https://fd5-photos.leclercdrive.fr/image.ashx?id=2770265&use=l&cat=p&typeid=i","cat":284490},{"id":13253,"n":"Crayons de couleur Esquisse x18","p":1.45,"u":"0,08 €/P","img":"https://fd5-photos.leclercdrive.fr/image.ashx?id=2943169&use=l&cat=p&typeid=i","cat":284696},{"id":13300,"n":"Tube de colle liquide Esquisse Transparente gel - 30ml","p":1.1,"u":"36,67 €/L","img":"https://fd5-photos.leclercdrive.fr/image.ashx?id=1928779&use=l&cat=p&typeid=i","cat":334133},{"id":13308,"n":"Chemises Esquisse 24x32cm x15","p":3.3,"img":"https://fd5-photos.leclercdrive.fr/image.ashx?id=1678706&use=l&cat=p&typeid=i","cat":284745},{"id":13321,"n":"Stylo bille Bic 4 couleurs - x1","p":1.29,"img":"https://fd5-photos.leclercdrive.fr/image.ashx?id=2730874&use=l&cat=p&typeid=i","cat":284696},{"id":13342,"n":"Thon entier Le Savoureux Huile d'olive - 160g","p":3.24,"u":"20,25 €/KG","img":"https://fd5-photos.leclercdrive.fr/image.ashx?id=2960159&use=l&cat=p&typeid=i","cat":303867},{"id":13345,"n":"Thon blanc entier Connétable MSC - Naturel - 112g","p":3.1,"u":"27,68 €/KG","img":"https://fd5-photos.leclercdrive.fr/image.ashx?id=2943990&use=l&cat=p&typeid=i","cat":303867},{"id":13350,"n":"Pâté Hénaff 260g","p":3.14,"u":"12,08 €/KG","img":"https://fd5-photos.leclercdrive.fr/image.ashx?id=2662178&use=l&cat=p&typeid=i","cat":305149},{"id":13356,"n":"IGP Fleur de sel Le Guérandais Tradition -  125g","p":2.75,"u":"22,00 €/KG","img":"https://fd5-photos.leclercdrive.fr/image.ashx?id=2457881&use=l&cat=p&typeid=i","cat":284457},{"id":13425,"n":"Beurre Moulé Paysan Breton Demi-sel - 80% MG - 500g","p":6.23,"u":"12,46 €/KG","img":"https://fd5-photos.leclercdrive.fr/image.ashx?id=2774499&use=l&cat=p&typeid=i","cat":284379},{"id":13428,"n":"Beurre Moulé Paysan Breton Demi-sel - 80% MG - 125g","p":1.59,"u":"12,72 €/KG","img":"https://fd5-photos.leclercdrive.fr/image.ashx?id=2939766&use=l&cat=p&typeid=i","cat":284379},{"id":13429,"n":"Mini-beurre Paysan Breton Demi-sel x20 - 82%MG - 200g","p":2.91,"u":"14,55 €/KG","img":"https://fd5-photos.leclercdrive.fr/image.ashx?id=2774571&use=l&cat=p&typeid=i","cat":284379},{"id":13434,"n":"Dessert Empresure Malo Chocolat - 4x125g","p":1.79,"u":"3,58 €/KG","img":"https://fd5-photos.leclercdrive.fr/image.ashx?id=2842684&use=l&cat=p&typeid=i","cat":285041},{"id":13440,"n":"Purée de fruit NATURNES Fruits du verger 6M+ - 4x130g","p":2.25,"u":"4,33 €/KG","img":"https://fd5-photos.leclercdrive.fr/image.ashx?id=2478387&use=l&cat=p&typeid=i","cat":312388},{"id":13445,"n":"Trio de poivrons Paysan Breton 600g","p":1.95,"u":"3,25 €/KG","img":"https://fd5-photos.leclercdrive.fr/image.ashx?id=2882388&use=l&cat=p&typeid=i","cat":319805},{"id":13446,"n":"La Poêlée Celtique  Paysan Breton - 1kg","p":3.18,"u":"3,18 €/KG","img":"https://fd5-photos.leclercdrive.fr/image.ashx?id=2882394&use=l&cat=p&typeid=i","cat":319823},{"id":13464,"n":"Tripoux aveyronnais NRT 400g","p":5.46,"u":"13,65 €/KG","img":"https://fd5-photos.leclercdrive.fr/image.ashx?id=2723225&use=l&cat=p&typeid=i","cat":284441},{"id":13503,"n":"Biscottes bio Bio Village Au germe de blé x36 - 300g","p":1.99,"u":"6,63 €/KG","img":"https://fd5-photos.leclercdrive.fr/image.ashx?id=2634881&use=l&cat=p&typeid=i","cat":284479},{"id":13506,"n":"Gâteau Creusois NRT Noisettes - 350g","p":4.49,"u":"12,83 €/KG","img":"https://fd5-photos.leclercdrive.fr/image.ashx?id=2622302&use=l&cat=p&typeid=i","cat":293600},{"id":13559,"n":"Thé breakfast Britley 50 sachets - 100g","p":1.22,"u":"12,20 €/KG","img":"https://fd5-photos.leclercdrive.fr/image.ashx?id=2854225&use=l&cat=p&typeid=i","cat":293233},{"id":13583,"n":"Fromage L'Ortolan Léger Fromagerie Milleret -  250g","p":3.04,"u":"12,16 €/KG","img":"https://fd5-photos.leclercdrive.fr/image.ashx?id=2450916&use=l&cat=p&typeid=i","cat":314036},{"id":13585,"n":"Fleur de sel de l'Ile de Ré NRT 125g","p":2.49,"u":"19,92 €/KG","img":"https://fd5-photos.leclercdrive.fr/image.ashx?id=2802882&use=l&cat=p&typeid=i","cat":284457},{"id":13589,"n":"Fromage Brillat Savarin NRT  IGP - 200g","p":3.39,"u":"16,95 €/KG","img":"https://fd5-photos.leclercdrive.fr/image.ashx?id=2771064&use=l&cat=p&typeid=i","cat":329558},{"id":13604,"n":"Poissons panés au fromage Pêche Océan MSC - 180g","p":1.89,"u":"10,50 €/KG","img":"https://fd5-photos.leclercdrive.fr/image.ashx?id=2953608&use=l&cat=p&typeid=i","cat":284344},{"id":13605,"n":"Panés de colin Pêche Océan Colin d'Alaska - 200g","p":1.99,"u":"9,95 €/KG","img":"https://fd5-photos.leclercdrive.fr/image.ashx?id=2953605&use=l&cat=p&typeid=i","cat":284344},{"id":13609,"n":"Bière du Nord NRT Ambrée - 7° - 6x25cl","p":4.84,"u":"3,23 €/L","img":"https://fd5-photos.leclercdrive.fr/image.ashx?id=2663842&use=l&cat=p&typeid=i","cat":334872},{"id":13637,"n":"Aiguillette poulet Le Gaulois Blanc - 210g","p":3.73,"u":"17,76 €/KG","img":"https://fd5-photos.leclercdrive.fr/image.ashx?id=2239564&use=l&cat=p&typeid=i","cat":284336},{"id":13639,"n":"Nougat tendre de Montélimar NRT  sachet 200g","p":3.49,"u":"17,45 €/KG","img":"https://fd5-photos.leclercdrive.fr/image.ashx?id=2791069&use=l&cat=p&typeid=i","cat":304249},{"id":13643,"n":"Biscuits nappés Bio Village Bio Chocolat au lait 200g","p":2.43,"u":"12,15 €/KG","img":"https://fd5-photos.leclercdrive.fr/image.ashx?id=1937516&use=l&cat=p&typeid=i","cat":284488},{"id":13646,"n":"Rochers Equador Chocolat noir x7 245g","p":2.49,"u":"10,16 €/KG","img":"https://fd5-photos.leclercdrive.fr/image.ashx?id=2425458&use=l&cat=p&typeid=i","cat":327600},{"id":13649,"n":"Pansement Primoplast Cicatrisant hydrocolloïde x8","p":5.95,"img":"https://fd5-photos.leclercdrive.fr/image.ashx?id=2856480&use=l&cat=p&typeid=i","cat":284630},{"id":13663,"n":"Mini-crêpes fourrées Tokapi  Comté - 65g","p":1.96,"u":"30,15 €/KG","img":"https://fd5-photos.leclercdrive.fr/image.ashx?id=2853892&use=l&cat=p&typeid=i","cat":297000},{"id":13679,"n":"Croûtons salade Epi d'Or Nature - 60g","p":0.6,"u":"10,00 €/KG","img":"https://fd5-photos.leclercdrive.fr/image.ashx?id=2607909&use=l&cat=p&typeid=i","cat":284464},{"id":13681,"n":"Pâté pur porc Côtés Table 2 Foie 1 campagne - 3x78g","p":1.9,"u":"8,12 €/KG","img":"https://fd5-photos.leclercdrive.fr/image.ashx?id=2518505&use=l&cat=p&typeid=i","cat":305149},{"id":13682,"n":"Pâté de campagne Côté Table Pur porc - 3x78g","p":1.85,"u":"7,91 €/KG","img":"https://fd5-photos.leclercdrive.fr/image.ashx?id=2478763&use=l&cat=p&typeid=i","cat":305149},{"id":13683,"n":"Pâté de foie Côté Table Pur porc - 3x78g","p":1.99,"u":"8,50 €/KG","img":"https://fd5-photos.leclercdrive.fr/image.ashx?id=2518502&use=l&cat=p&typeid=i","cat":305149},{"id":13684,"n":"Bouillon de légumes Rustica Cubes - 12x10g","p":0.67,"u":"5,58 €/KG","img":"https://fd5-photos.leclercdrive.fr/image.ashx?id=1753198&use=l&cat=p&typeid=i","cat":288379},{"id":13686,"n":"Bouillon Pot au feu Rustica Cubes - 12x10g","p":1.39,"u":"11,58 €/KG","img":"https://fd5-photos.leclercdrive.fr/image.ashx?id=1880024&use=l&cat=p&typeid=i","cat":288379},{"id":13689,"n":"Pop corn caramélisé Tokapi 100g","p":0.71,"u":"7,10 €/KG","img":"https://fd5-photos.leclercdrive.fr/image.ashx?id=2920175&use=l&cat=p&typeid=i","cat":304249},{"id":13692,"n":"Mini-flûtes feuilletéesTokapi Romarin - 100g","p":1.4,"u":"14,00 €/KG","img":"https://fd5-photos.leclercdrive.fr/image.ashx?id=2374052&use=l&cat=p&typeid=i","cat":297000},{"id":13696,"n":"Soufflés Snack's Tokapi Cacahuète - 90g","p":0.47,"u":"5,22 €/KG","img":"https://fd5-photos.leclercdrive.fr/image.ashx?id=2677026&use=l&cat=p&typeid=i","cat":284449},{"id":13699,"n":"Gaufrettes fourrées Tokapi Gouda et noix - 75g","p":1.29,"u":"17,20 €/KG","img":"https://fd5-photos.leclercdrive.fr/image.ashx?id=2063329&use=l&cat=p&typeid=i","cat":297000},{"id":13701,"n":"Riz Thaï Comptoir du Grain Sélection Riz long - 500g","p":1.79,"u":"3,58 €/KG","img":"https://fd5-photos.leclercdrive.fr/image.ashx?id=2565610&use=l&cat=p&typeid=i","cat":284428},{"id":13731,"n":"Barquettes chats Gourmet Gold Les mousselines - 12x85g","p":5.31,"u":"5,21 €/KG","img":"https://fd5-photos.leclercdrive.fr/image.ashx?id=2967046&use=l&cat=p&typeid=i","cat":285286},{"id":13742,"n":"Tablette chocolat Côte d'Or Truffé noir - 190g","p":3.67,"u":"19,32 €/KG","img":"https://fd5-photos.leclercdrive.fr/image.ashx?id=2938932&use=l&cat=p&typeid=i","cat":284956},{"id":13770,"n":"Croissants surgelés Epi d'Or Cuisson four - 6x60g","p":2.58,"u":"7,17 €/KG","img":"https://fd5-photos.leclercdrive.fr/image.ashx?id=2900088&use=l&cat=p&typeid=i","cat":284267},{"id":13776,"n":"Mouchoirs blancs 3 plis Caresse Boîte - x110","p":1.35,"u":"0,01 €/P","img":"https://fd5-photos.leclercdrive.fr/image.ashx?id=2858784&use=l&cat=p&typeid=i","cat":284638},{"id":13777,"n":"Lingettes bébé Eco+ Epaisses - x72","p":0.72,"u":"0,01 €/P","img":"https://fd5-photos.leclercdrive.fr/image.ashx?id=2874672&use=l&cat=p&typeid=i","cat":284738},{"id":13780,"n":"Compotes Andros Pomme nature 12x100g + 4 offertes","p":2.65,"u":"1,66 €/KG","img":"https://fd5-photos.leclercdrive.fr/image.ashx?id=2792207&use=l&cat=p&typeid=i","cat":284416},{"id":13782,"n":"Déodorant Manava anti-traces 200ml","p":1.29,"u":"6,45 €/L","img":"https://fd5-photos.leclercdrive.fr/image.ashx?id=2692952&use=l&cat=p&typeid=i","cat":284595},{"id":13975,"n":"Salade Notre Jardin Mâche - 200g","p":1.52,"u":"7,60 €/KG","img":"https://fd5-photos.leclercdrive.fr/image.ashx?id=2662583&use=l&cat=p&typeid=i","cat":284353},{"id":13977,"n":"Salade Notre Jardin Coeurs de laitue - 320g","p":1.58,"u":"4,94 €/KG","img":"https://fd5-photos.leclercdrive.fr/image.ashx?id=2727365&use=l&cat=p&typeid=i","cat":284353},{"id":13987,"n":"Bande cohésive Primoplast 2.5m x 6cm","p":2.75,"img":"https://fd5-photos.leclercdrive.fr/image.ashx?id=2856438&use=l&cat=p&typeid=i","cat":284630},{"id":13998,"n":"Pâte feuilletée Eco+ A dérouler - 230g","p":0.53,"u":"2,30 €/KG","img":"https://fd5-photos.leclercdrive.fr/image.ashx?id=2744350&use=l&cat=p&typeid=i","cat":333681},{"id":14007,"n":"Jambon de Bayonne IGP NRT 4 Grandes Tranches - 120g","p":3.63,"u":"30,25 €/KG","img":"https://fd5-photos.leclercdrive.fr/image.ashx?id=2049214&use=l&cat=p&typeid=i","cat":316007},{"id":14023,"n":"Rasoir Carré Homme 3 lames - x1","p":3.99,"img":"https://fd5-photos.leclercdrive.fr/image.ashx?id=2704621&use=l&cat=p&typeid=i","cat":284616},{"id":14029,"n":"Fromage Neufchâtel AOP  Nos Régions ont du Talent 200g","p":2.67,"u":"13,35 €/KG","img":"https://fd5-photos.leclercdrive.fr/image.ashx?id=2071227&use=l&cat=p&typeid=i","cat":329558},{"id":14033,"n":"Crochets anti-mites Insectivor Cèdre 2x3ml","p":1.99,"u":"331,67 €/L","img":"https://fd5-photos.leclercdrive.fr/image.ashx?id=2849575&use=l&cat=p&typeid=i","cat":298368},{"id":14038,"n":"Cassoulet au confit canard NRT - 420g","p":2.75,"u":"6,55 €/KG","img":"https://fd5-photos.leclercdrive.fr/image.ashx?id=2791413&use=l&cat=p&typeid=i","cat":284440},{"id":14046,"n":"Calvados pays d'auge NRT  40%vol. - 70cl","p":22.99,"u":"32,84 €/L","img":"https://fd5-photos.leclercdrive.fr/image.ashx?id=1647892&use=l&cat=p&typeid=i","cat":286032},{"id":14050,"n":"Rhum blanc Réunion 49%vol NRT 1L","p":19.6,"u":"19,60 €/L","img":"https://fd5-photos.leclercdrive.fr/image.ashx?id=1208791&use=l&cat=p&typeid=i","cat":284550},{"id":14056,"n":"Confiture extra prunes NRT Du Lot-et-Garonne - 315g","p":2.67,"u":"8,48 €/KG","img":"https://fd5-photos.leclercdrive.fr/image.ashx?id=2699798&use=l&cat=p&typeid=i","cat":284480},{"id":14058,"n":"Confiture rhubarbe NRT Des Hauts-de-France - 315g","p":2.85,"u":"9,05 €/KG","img":"https://fd5-photos.leclercdrive.fr/image.ashx?id=779340&use=l&cat=p&typeid=i","cat":284480},{"id":14061,"n":"Confiture poires williams NRT De la Valée du Rhône - 315g","p":2.83,"u":"8,98 €/KG","img":"https://fd5-photos.leclercdrive.fr/image.ashx?id=2699792&use=l&cat=p&typeid=i","cat":284480},{"id":14062,"n":"Préparation framboises NRT Du Massif Central - 315g","p":4.02,"u":"12,76 €/KG","img":"https://fd5-photos.leclercdrive.fr/image.ashx?id=2518526&use=l&cat=p&typeid=i","cat":284480},{"id":14063,"n":"Préparation NRT Agrumes de Corse - 315g","p":2.82,"u":"8,95 €/KG","img":"https://fd5-photos.leclercdrive.fr/image.ashx?id=2460646&use=l&cat=p&typeid=i","cat":284480},{"id":14064,"n":"Préparation NRT Abricots d'Occitanie - 315g","p":2.87,"u":"9,11 €/KG","img":"https://fd5-photos.leclercdrive.fr/image.ashx?id=2590466&use=l&cat=p&typeid=i","cat":284480},{"id":14084,"n":"Confiture bio Bio Village Oranges - 370g","p":2.26,"u":"6,11 €/KG","img":"https://fd5-photos.leclercdrive.fr/image.ashx?id=2965623&use=l&cat=p&typeid=i","cat":284480},{"id":14099,"n":"Spray nettoyant Eco+ avec Javel 750ml","p":0.87,"u":"1,16 €/L","img":"https://fd5-photos.leclercdrive.fr/image.ashx?id=2837003&use=l&cat=p&typeid=i","cat":325357},{"id":14111,"n":"Houmous Tables du Monde 200g","p":1.55,"u":"7,75 €/KG","img":"https://fd5-photos.leclercdrive.fr/image.ashx?id=2872258&use=l&cat=p&typeid=i","cat":315999},{"id":14113,"n":"Rasoirs jetables Siliss 2 lames - x10","p":1.19,"u":"0,12 €/P","img":"https://fd5-photos.leclercdrive.fr/image.ashx?id=2602763&use=l&cat=p&typeid=i","cat":325352},{"id":14114,"n":"Brosse à dents Dentamyl Médium x4","p":0.99,"u":"0,25 €/P","img":"https://fd5-photos.leclercdrive.fr/image.ashx?id=2790922&use=l&cat=p&typeid=i","cat":284614},{"id":14126,"n":"Lasagnes bolognaise Eco+ 1kg","p":3.31,"u":"3,31 €/KG","img":"https://fd5-photos.leclercdrive.fr/image.ashx?id=2814842&use=l&cat=p&typeid=i","cat":333666},{"id":14131,"n":"Désodorisant Visior Lave-vaisselle Citron - x2","p":1.29,"u":"0,65 €/P","img":"https://fd5-photos.leclercdrive.fr/image.ashx?id=2951119&use=l&cat=p&typeid=i","cat":284657},{"id":14135,"n":"Brosse à dents Eco+ Médium x2","p":0.23,"u":"0,12 €/P","img":"https://fd5-photos.leclercdrive.fr/image.ashx?id=2783783&use=l&cat=p&typeid=i","cat":284614},{"id":14138,"n":"Lingettes dépoussiérantes Eco+ x40","p":1.76,"u":"0,04 €/P","img":"https://fd5-photos.leclercdrive.fr/image.ashx?id=2805972&use=l&cat=p&typeid=i","cat":325364},{"id":14140,"n":"Savon extra-doux Manava Douceur d'amande 6x100g","p":3.16,"u":"5,27 €/KG","img":"https://fd5-photos.leclercdrive.fr/image.ashx?id=2331312&use=l&cat=p&typeid=i","cat":284597},{"id":14155,"n":"Gnocchi Turini à poêler 300g","p":0.89,"u":"2,97 €/KG","img":"https://fd5-photos.leclercdrive.fr/image.ashx?id=3010566&use=l&cat=p&typeid=i","cat":333682},{"id":14158,"n":"Fromage Mystère du Prieuré Lait pasteurisé - 340g","p":2.65,"u":"7,79 €/KG","img":"https://fd5-photos.leclercdrive.fr/image.ashx?id=2900085&use=l&cat=p&typeid=i","cat":329184},{"id":14163,"n":"Crème nettoyante Clair 3en1 - Fraicheur - 750ml","p":1.28,"u":"1,71 €/L","img":"https://fd5-photos.leclercdrive.fr/image.ashx?id=2358324&use=l&cat=p&typeid=i","cat":325357},{"id":14165,"n":"Crème de soin cheveux Vitanove Boucles sans rinçage 200ml","p":1.29,"u":"6,45 €/L","img":"https://fd5-photos.leclercdrive.fr/image.ashx?id=1947997&use=l&cat=p&typeid=i","cat":284608},{"id":14168,"n":"Dentifrice Dentamyl Protection gencives 75ml","p":0.92,"u":"12,27 €/L","img":"https://fd5-photos.leclercdrive.fr/image.ashx?id=2489092&use=l&cat=p&typeid=i","cat":284612},{"id":14170,"n":"Nettoyant lave-vaisselle Visior 250ml","p":2.65,"u":"10,60 €/L","img":"https://fd5-photos.leclercdrive.fr/image.ashx?id=2946451&use=l&cat=p&typeid=i","cat":284657},{"id":14187,"n":"Masque réparateur Vitanove Secs abîmés cassants 300ml","p":2.64,"u":"8,80 €/L","img":"https://fd5-photos.leclercdrive.fr/image.ashx?id=2931769&use=l&cat=p&typeid=i","cat":284608},{"id":14190,"n":"Savon mains en crème Manava nourrissante à l'amande - 300ml","p":0.9,"u":"3,00 €/L","img":"https://fd5-photos.leclercdrive.fr/image.ashx?id=2935471&use=l&cat=p&typeid=i","cat":284597},{"id":14193,"n":"Masque capillaire Vitanove Extra color 300ml","p":2.69,"u":"8,97 €/L","img":"https://fd5-photos.leclercdrive.fr/image.ashx?id=2149095&use=l&cat=p&typeid=i","cat":284608},{"id":14195,"n":"Bande à découper Primoplast Peaux sensibles - 10x6cm","p":0.89,"img":"https://fd5-photos.leclercdrive.fr/image.ashx?id=2856417&use=l&cat=p&typeid=i","cat":284630},{"id":14211,"n":"Lotion après-rasage Carré Homme Boisée tonifiant 100ml","p":2.61,"u":"26,10 €/L","img":"https://fd5-photos.leclercdrive.fr/image.ashx?id=2854222&use=l&cat=p&typeid=i","cat":288147},{"id":14212,"n":"Lotion après-rasage Carré Homme Marine tonifiant 100ml","p":2.61,"u":"26,10 €/L","img":"https://fd5-photos.leclercdrive.fr/image.ashx?id=2854219&use=l&cat=p&typeid=i","cat":288147},{"id":14217,"n":"Crème pieds Primoplast Nutri-réparatrice - 75ml","p":1.49,"u":"19,87 €/L","img":"https://fd5-photos.leclercdrive.fr/image.ashx?id=2832930&use=l&cat=p&typeid=i","cat":325354},{"id":14218,"n":"Dentifrice enfant Dentamyl Bubble gum - 3 à 6 ans - 50ml","p":0.89,"u":"17,80 €/L","img":"https://fd5-photos.leclercdrive.fr/image.ashx?id=2075185&use=l&cat=p&typeid=i","cat":288898},{"id":14219,"n":"Dentifrice enfant Dentamyl Menthe - 7 à 13 ans - 75ml","p":0.74,"u":"9,87 €/L","img":"https://fd5-photos.leclercdrive.fr/image.ashx?id=2489113&use=l&cat=p&typeid=i","cat":288898},{"id":14222,"n":"Lait de toilette Mots d'Enfants Bébé peaux délicates - 250ml","p":1.95,"u":"7,80 €/L","img":"https://fd5-photos.leclercdrive.fr/image.ashx?id=3015024&use=l&cat=p&typeid=i","cat":284741},{"id":14223,"n":"Dépoussiérant meubles Clair Multi-surfaces 300ml","p":1.03,"u":"3,43 €/L","img":"https://fd5-photos.leclercdrive.fr/image.ashx?id=2856681&use=l&cat=p&typeid=i","cat":325364},{"id":14235,"n":"Change complet Chorys Taille M - x20","p":9.94,"u":"0,50 €/P","img":"https://fd5-photos.leclercdrive.fr/image.ashx?id=2905219&use=l&cat=p&typeid=i","cat":284628},{"id":14243,"n":"Pain de mie nature Epi d'Or Grandes tranches - 825g","p":1.59,"u":"1,93 €/KG","img":"https://fd5-photos.leclercdrive.fr/image.ashx?id=2860724&use=l&cat=p&typeid=i","cat":284477},{"id":14260,"n":"Crottin Chavignol NRT AOP  Fromage de chèvre - 2x60g","p":3.75,"u":"31,25 €/KG","img":"https://fd5-photos.leclercdrive.fr/image.ashx?id=2519432&use=l&cat=p&typeid=i","cat":314031},{"id":14262,"n":"Cognac v.s.o.p 40%vol. NRT 50cl","p":21.34,"u":"42,68 €/L","img":"https://fd5-photos.leclercdrive.fr/image.ashx?id=1646501&use=l&cat=p&typeid=i","cat":286032},{"id":14271,"n":"Crème de marrons NRT De l'Ardèche - 325g","p":3.03,"u":"9,32 €/KG","img":"https://fd5-photos.leclercdrive.fr/image.ashx?id=2771061&use=l&cat=p&typeid=i","cat":284481},{"id":14273,"n":"Fromage Pont-l'Evêque AOP  Nos Régions ont du Talent 220g","p":2.65,"u":"12,05 €/KG","img":"https://fd5-photos.leclercdrive.fr/image.ashx?id=2356344&use=l&cat=p&typeid=i","cat":329558},{"id":14282,"n":"Préparation citrons NRT De Corse -  315g","p":2.69,"u":"8,54 €/KG","img":"https://fd5-photos.leclercdrive.fr/image.ashx?id=2699810&use=l&cat=p&typeid=i","cat":284480},{"id":14285,"n":"Fromage Emmental Eco+ Râpé - 200g","p":1.5,"u":"7,50 €/KG","img":"https://fd5-photos.leclercdrive.fr/image.ashx?id=2942166&use=l&cat=p&typeid=i","cat":314035},{"id":14292,"n":"Eau aromatisée Volvic Zest  Citron - 1,5L","p":1.01,"u":"0,67 €/L","img":"https://fd5-photos.leclercdrive.fr/image.ashx?id=2730253&use=l&cat=p&typeid=i","cat":284537},{"id":14293,"n":"Eau aromatisée Volvic Zest Citron - 6x50cl","p":3.33,"u":"1,11 €/L","img":"https://fd5-photos.leclercdrive.fr/image.ashx?id=2730256&use=l&cat=p&typeid=i","cat":284537},{"id":14311,"n":"IGT Lambrusco vin italien Vilaveroni Secco rouge - 75cl","p":3.9,"u":"5,20 €/L","img":"https://fd5-photos.leclercdrive.fr/image.ashx?id=2333018&use=l&cat=p&typeid=i","cat":289556},{"id":14327,"n":"Poêlée Côté Table Franc-Comtoise - 900g","p":4.19,"u":"4,66 €/KG","img":"https://fd5-photos.leclercdrive.fr/image.ashx?id=2048440&use=l&cat=p&typeid=i","cat":319823},{"id":14328,"n":"Hachis parmentier Côté Table 300g","p":2.56,"u":"8,53 €/KG","img":"https://fd5-photos.leclercdrive.fr/image.ashx?id=2071303&use=l&cat=p&typeid=i","cat":284254},{"id":14336,"n":"Pavé saumon Pêche Océan ASC Atlantique -  500g","p":11.19,"u":"22,38 €/KG","img":"https://fd5-photos.leclercdrive.fr/image.ashx?id=2953731&use=l&cat=p&typeid=i","cat":319786},{"id":14344,"n":"Pain de mie Nature Harrys Longue conservation - 550g","p":1.85,"u":"3,36 €/KG","img":"https://fd5-photos.leclercdrive.fr/image.ashx?id=2518109&use=l&cat=p&typeid=i","cat":284477},{"id":14358,"n":"Spécialité au soja Nat & Vie Fruits rouges - 4x100g","p":1.29,"u":"3,23 €/KG","img":"https://fd5-photos.leclercdrive.fr/image.ashx?id=2901440&use=l&cat=p&typeid=i","cat":316071},{"id":14359,"n":"Change complet Chorys Taille L - x20","p":10.7,"u":"0,54 €/P","img":"https://fd5-photos.leclercdrive.fr/image.ashx?id=2946163&use=l&cat=p&typeid=i","cat":284628},{"id":14360,"n":"Yaourts à boire Délisse Petits Délis fruits - 8x100g","p":3.2,"u":"4,00 €/KG","img":"https://fd5-photos.leclercdrive.fr/image.ashx?id=2754886&use=l&cat=p&typeid=i","cat":284415},{"id":14376,"n":"Dés de fromage Les Croisés Ail et fines herbes - 120g","p":1.54,"u":"12,83 €/KG","img":"https://fd5-photos.leclercdrive.fr/image.ashx?id=2741616&use=l&cat=p&typeid=i","cat":314027},{"id":14378,"n":"Dés de fromage Les Croisés Basilic ciboulette - 120g","p":1.69,"u":"14,08 €/KG","img":"https://fd5-photos.leclercdrive.fr/image.ashx?id=2741619&use=l&cat=p&typeid=i","cat":314027},{"id":14381,"n":"Palets bretons NRT 100g","p":1.83,"u":"18,30 €/KG","img":"https://fd5-photos.leclercdrive.fr/image.ashx?id=2622299&use=l&cat=p&typeid=i","cat":284487},{"id":14383,"n":"Blocs WC Syphon Activ' Effect  Lavande - x3","p":1.09,"u":"0,36 €/P","img":"https://fd5-photos.leclercdrive.fr/image.ashx?id=2320710&use=l&cat=p&typeid=i","cat":284662},{"id":14427,"n":"Pastis Ricard Anisé 45% vol - 70cl","p":15.0,"u":"21,43 €/L","img":"https://fd5-photos.leclercdrive.fr/image.ashx?id=2976776&use=l&cat=p&typeid=i","cat":284548},{"id":14428,"n":"Whisky Clan Campbell Blended Scotch 40% vol - 1L","p":19.06,"u":"19,06 €/L","img":"https://fd5-photos.leclercdrive.fr/image.ashx?id=2868921&use=l&cat=p&typeid=i","cat":284547},{"id":14429,"n":"Eau de vie Auguste Mugniot Poire Williams - 40%vol. - 50cl","p":19.99,"u":"39,98 €/L","img":"https://fd5-photos.leclercdrive.fr/image.ashx?id=2448519&use=l&cat=p&typeid=i","cat":286032},{"id":14431,"n":"Rhum Lagoa 40%vol - 1L","p":13.59,"u":"13,59 €/L","img":"https://fd5-photos.leclercdrive.fr/image.ashx?id=2966481&use=l&cat=p&typeid=i","cat":284550},{"id":14440,"n":"Bière blonde Desquiles Canette - 5.9%vol. - 50cl","p":1.35,"u":"2,70 €/L","img":"https://fd5-photos.leclercdrive.fr/image.ashx?id=2646991&use=l&cat=p&typeid=i","cat":334853},{"id":14441,"n":"Eau minérale naturelle Evian  6x1l","p":2.9,"u":"0,48 €/L","img":"https://fd5-photos.leclercdrive.fr/image.ashx?id=2969019&use=l&cat=p&typeid=i","cat":284535},{"id":14447,"n":"Sirop Frucci Thé Pêche - 75cl","p":3.2,"u":"4,27 €/L","img":"https://fd5-photos.leclercdrive.fr/image.ashx?id=764952&use=l&cat=p&typeid=i","cat":295020},{"id":14451,"n":"Sirop Frucci Menthe - 1L","p":2.46,"u":"2,46 €/L","img":"https://fd5-photos.leclercdrive.fr/image.ashx?id=2954067&use=l&cat=p&typeid=i","cat":295020},{"id":14452,"n":"Sirop Sport Citron - 1L","p":2.32,"u":"2,32 €/L","img":"https://fd5-photos.leclercdrive.fr/image.ashx?id=3011182&use=l&cat=p&typeid=i","cat":295020},{"id":14494,"n":"Coquilles Saint-Jacques Tipiak À la bretonne - 4x90g","p":6.37,"u":"17,69 €/KG","img":"https://fd5-photos.leclercdrive.fr/image.ashx?id=2559754&use=l&cat=p&typeid=i","cat":319775},{"id":14512,"n":"Sachets glaçons Elembal x15","p":0.8,"img":"https://fd5-photos.leclercdrive.fr/image.ashx?id=2671810&use=l&cat=p&typeid=i","cat":334134},{"id":14538,"n":"Aiguillettes poulet Le Gaulois Jaune - 210g","p":3.97,"u":"18,90 €/KG","img":"https://fd5-photos.leclercdrive.fr/image.ashx?id=2315107&use=l&cat=p&typeid=i","cat":284336},{"id":14543,"n":"Serviettes papier Homeside Double épaisseur 33x33cm - x100","p":2.29,"img":"https://fd5-photos.leclercdrive.fr/image.ashx?id=1659678&use=l&cat=p&typeid=i","cat":334134},{"id":14544,"n":"Serviettes papier Homeside Triple épaisseur 40x40 x50","p":2.99,"u":"0,06 €/P","img":"https://fd5-photos.leclercdrive.fr/image.ashx?id=1659681&use=l&cat=p&typeid=i","cat":334134},{"id":14574,"n":"Serviette incontinence Chorys Normal - x12","p":1.99,"u":"0,17 €/P","img":"https://fd5-photos.leclercdrive.fr/image.ashx?id=2393848&use=l&cat=p&typeid=i","cat":284628},{"id":14575,"n":"Serviette incontinence Chorys Mini - x20","p":1.99,"u":"0,10 €/P","img":"https://fd5-photos.leclercdrive.fr/image.ashx?id=2448409&use=l&cat=p&typeid=i","cat":284628},{"id":14578,"n":"Papier toilette Mimosa Rose - Ultra doux - x6","p":2.59,"u":"0,43 €/P","img":"https://fd5-photos.leclercdrive.fr/image.ashx?id=2777839&use=l&cat=p&typeid=i","cat":284634},{"id":14579,"n":"Papier toilette Mimosa Blanc - Ultra doux - x6","p":2.65,"u":"0,44 €/P","img":"https://fd5-photos.leclercdrive.fr/image.ashx?id=2777842&use=l&cat=p&typeid=i","cat":284634},{"id":14582,"n":"Bandes de cire froide Siliss Corps - Peaux sensibles - x40","p":2.21,"u":"0,06 €/P","img":"https://fd5-photos.leclercdrive.fr/image.ashx?id=2699426&use=l&cat=p&typeid=i","cat":325351},{"id":14620,"n":"Whisky Sam Barton 5ans 40%vol - 70cl","p":12.33,"u":"17,61 €/L","img":"https://fd5-photos.leclercdrive.fr/image.ashx?id=2999889&use=l&cat=p&typeid=i","cat":284547},{"id":14625,"n":"Boisson énergétique Powerade Ice storm - 50cl","p":1.01,"u":"2,02 €/L","img":"https://fd5-photos.leclercdrive.fr/image.ashx?id=2970756&use=l&cat=p&typeid=i","cat":284533},{"id":14626,"n":"Boisson aux fruits Oasis Saveur Pêche Abricot - 2L","p":2.35,"u":"1,18 €/L","img":"https://fd5-photos.leclercdrive.fr/image.ashx?id=2688635&use=l&cat=p&typeid=i","cat":295018},{"id":14633,"n":"AOP Bordeaux rouge La Croix d'Austéran - 75cl","p":4.55,"u":"6,07 €/L","img":"https://fd5-photos.leclercdrive.fr/image.ashx?id=1672093&use=l&cat=p&typeid=i","cat":289556},{"id":14635,"n":"Soda Jean's Cola Bouteille - 4x50cl","p":2.75,"u":"1,38 €/L","img":"https://fd5-photos.leclercdrive.fr/image.ashx?id=2684811&use=l&cat=p&typeid=i","cat":284530},{"id":14637,"n":"Biscuits P'tit Déli ronds Chocolat noir 200g","p":1.34,"u":"6,70 €/KG","img":"https://fd5-photos.leclercdrive.fr/image.ashx?id=2884207&use=l&cat=p&typeid=i","cat":284488},{"id":14654,"n":"Soupe liquide Liebig  Potiron - Brique 1L","p":2.81,"u":"2,81 €/L","img":"https://fd5-photos.leclercdrive.fr/image.ashx?id=2785355&use=l&cat=p&typeid=i","cat":284462},{"id":14660,"n":"Gel désinfectant mains Sanytol Au thé vert - 75ml","p":1.88,"u":"25,07 €/L","img":"https://fd5-photos.leclercdrive.fr/image.ashx?id=2338730&use=l&cat=p&typeid=i","cat":284630},{"id":14661,"n":"Lingettes Hygiène Intime Usage Quotidien Intima Hamamélis x20","p":1.91,"u":"0,10 €/P","img":"https://fd5-photos.leclercdrive.fr/image.ashx?id=2886675&use=l&cat=p&typeid=i","cat":284627},{"id":14688,"n":"Biscuits Bjorg Fourrés Chocolat lait bio 225g","p":2.83,"u":"12,58 €/KG","img":"https://fd5-photos.leclercdrive.fr/image.ashx?id=2970927&use=l&cat=p&typeid=i","cat":284488},{"id":14713,"n":"Rasoirs jetables Bic Twin Lady x8","p":1.69,"u":"0,21 €/P","img":"https://fd5-photos.leclercdrive.fr/image.ashx?id=2887569&use=l&cat=p&typeid=i","cat":325352},{"id":14749,"n":"Eau nettoyante Mixa Bébé  Hydratante - 250ml","p":2.71,"u":"10,84 €/L","img":"https://fd5-photos.leclercdrive.fr/image.ashx?id=2286603&use=l&cat=p&typeid=i","cat":284741},{"id":14761,"n":"Baume Après-rasage Nivea Men Peaux Sensibles - 100ml","p":4.08,"u":"40,80 €/L","img":"https://fd5-photos.leclercdrive.fr/image.ashx?id=3014590&use=l&cat=p&typeid=i","cat":288147},{"id":14814,"n":"Compotes pommes Andros 4x100g","p":1.33,"u":"3,33 €/KG","img":"https://fd5-photos.leclercdrive.fr/image.ashx?id=2883925&use=l&cat=p&typeid=i","cat":284416},{"id":14867,"n":"Adoucissant Hyperdou Pure Caresse - 750ml","p":1.99,"u":"2,65 €/L","img":"https://fd5-photos.leclercdrive.fr/image.ashx?id=2614446&use=l&cat=p&typeid=i","cat":284650},{"id":14873,"n":"Pastilles javel La Croix x40","p":1.87,"u":"13,96 €/KG","img":"https://fd5-photos.leclercdrive.fr/image.ashx?id=2679693&use=l&cat=p&typeid=i","cat":284661},{"id":14880,"n":"Compote Charles & Alice Pommes Mangues - 4x100g","p":1.32,"u":"3,30 €/KG","img":"https://fd5-photos.leclercdrive.fr/image.ashx?id=2757347&use=l&cat=p&typeid=i","cat":284416},{"id":14887,"n":"Compote Charles & Alice Pommes - 4x100g","p":1.34,"u":"3,35 €/KG","img":"https://fd5-photos.leclercdrive.fr/image.ashx?id=2757677&use=l&cat=p&typeid=i","cat":284416},{"id":14888,"n":"Compote Charles & Alice Pommes Poires - 4x100g","p":1.35,"u":"3,38 €/KG","img":"https://fd5-photos.leclercdrive.fr/image.ashx?id=2936902&use=l&cat=p&typeid=i","cat":284416},{"id":14893,"n":"Yaourts allégés Sveltesse   Fruits Panachés - 12x125g","p":3.44,"u":"2,29 €/KG","img":"https://fd5-photos.leclercdrive.fr/image.ashx?id=2649569&use=l&cat=p&typeid=i","cat":315000},{"id":14901,"n":"Mozzarella di Buffala AOP Les Croisés - 125g","p":1.65,"u":"13,20 €/KG","img":"https://fd5-photos.leclercdrive.fr/image.ashx?id=2146137&use=l&cat=p&typeid=i","cat":314026},{"id":14904,"n":"Fromage frais nature Bio Bio village - 3.5% MG - 500g","p":1.75,"u":"3,50 €/KG","img":"https://fd5-photos.leclercdrive.fr/image.ashx?id=2839944&use=l&cat=p&typeid=i","cat":284409},{"id":14919,"n":"Compote Douceur du Verger Pomme Abricot - 4x97g","p":1.23,"u":"3,17 €/KG","img":"https://fd5-photos.leclercdrive.fr/image.ashx?id=2983793&use=l&cat=p&typeid=i","cat":284416},{"id":14923,"n":"Brocolis fleurettes Bio Village Bio - 600g","p":2.21,"u":"3,68 €/KG","img":"https://fd5-photos.leclercdrive.fr/image.ashx?id=2891788&use=l&cat=p&typeid=i","cat":319805},{"id":14932,"n":"Rhum blanc Saint James 40% vol - 70cl","p":11.3,"u":"16,14 €/L","img":"https://fd5-photos.leclercdrive.fr/image.ashx?id=2970948&use=l&cat=p&typeid=i","cat":284550},{"id":14934,"n":"Gin Gibson 37.5%vol - 70cl","p":11.65,"u":"16,64 €/L","img":"https://fd5-photos.leclercdrive.fr/image.ashx?id=2755396&use=l&cat=p&typeid=i","cat":284550},{"id":14965,"n":"Bas-armagnac AOC 40%vol. - 50cl","p":19.84,"u":"39,68 €/L","img":"https://fd5-photos.leclercdrive.fr/image.ashx?id=2663305&use=l&cat=p&typeid=i","cat":286032},{"id":14974,"n":"Cognac v.s. Duc de Borzac 40%vol. - 70cl","p":18.98,"u":"27,11 €/L","img":"https://fd5-photos.leclercdrive.fr/image.ashx?id=2397138&use=l&cat=p&typeid=i","cat":286032},{"id":14979,"n":"Crème de cassis de dijon NRT 20%vol. - 70cl","p":9.99,"u":"14,27 €/L","img":"https://fd5-photos.leclercdrive.fr/image.ashx?id=2762632&use=l&cat=p&typeid=i","cat":286032},{"id":14982,"n":"Cocktail Punch coco Lagoa 15%vol - 70cl","p":4.99,"u":"7,13 €/L","img":"https://fd5-photos.leclercdrive.fr/image.ashx?id=2958311&use=l&cat=p&typeid=i","cat":284551},{"id":14983,"n":"Pastis de Marseille Vivalis 45%vol - 1,5L","p":25.35,"u":"16,90 €/L","img":"https://fd5-photos.leclercdrive.fr/image.ashx?id=2820418&use=l&cat=p&typeid=i","cat":284548},{"id":14984,"n":"Guignolet Auguste Mugniot Kirsch - 15%vol. - 1L","p":7.12,"u":"7,12 €/L","img":"https://fd5-photos.leclercdrive.fr/image.ashx?id=745118&use=l&cat=p&typeid=i","cat":286032},{"id":14987,"n":"Scotch Whisky Baird's 40%vol - 1,5L","p":22.93,"u":"15,29 €/L","img":"https://fd5-photos.leclercdrive.fr/image.ashx?id=2913660&use=l&cat=p&typeid=i","cat":284547},{"id":14989,"n":"Bière blonde Amsterdam  Navigator 8%vol. - 50cl","p":1.33,"u":"2,66 €/L","img":"https://fd5-photos.leclercdrive.fr/image.ashx?id=2191104&use=l&cat=p&typeid=i","cat":334853},{"id":14993,"n":"Bière blonde Leffe Rituel 9% - 6x25cl","p":5.62,"u":"3,75 €/L","img":"https://fd5-photos.leclercdrive.fr/image.ashx?id=2548285&use=l&cat=p&typeid=i","cat":334852},{"id":14997,"n":"Bière blonde du Nord NRT - 7° - 6x25cl","p":3.72,"u":"2,48 €/L","img":"https://fd5-photos.leclercdrive.fr/image.ashx?id=1928911&use=l&cat=p&typeid=i","cat":334852},{"id":15009,"n":"Champagne Mercier Demi-sec 12%vol - 75cl","p":24.9,"u":"33,20 €/L","img":"https://fd5-photos.leclercdrive.fr/image.ashx?id=1867171&use=l&cat=p&typeid=i","cat":284542},{"id":15010,"n":"Serviette incontinence Chorys Extra - x10","p":1.99,"u":"0,20 €/P","img":"https://fd5-photos.leclercdrive.fr/image.ashx?id=2393851&use=l&cat=p&typeid=i","cat":284628},{"id":15014,"n":"Pétillant Festalie sans alcool Pêche - 75cl","p":2.85,"u":"3,80 €/L","img":"https://fd5-photos.leclercdrive.fr/image.ashx?id=2017256&use=l&cat=p&typeid=i","cat":289460},{"id":15016,"n":"AOP Crémant d'Alsace Wolfberger Brut - 75cl","p":6.95,"u":"9,27 €/L","img":"https://fd5-photos.leclercdrive.fr/image.ashx?id=2323502&use=l&cat=p&typeid=i","cat":284544},{"id":15022,"n":"Jus de pamplemousse rose Bio Bio Village - 1L","p":3.82,"u":"3,82 €/L","img":"https://fd5-photos.leclercdrive.fr/image.ashx?id=2901524&use=l&cat=p&typeid=i","cat":284914},{"id":15025,"n":"Nectar Jafaden Pomme kiwi - 1L","p":2.35,"u":"2,35 €/L","img":"https://fd5-photos.leclercdrive.fr/image.ashx?id=2895771&use=l&cat=p&typeid=i","cat":284915},{"id":15034,"n":"Déodorant bille Bio Naïa 50ml","p":1.35,"u":"27,00 €/L","img":"https://fd5-photos.leclercdrive.fr/image.ashx?id=2481210&use=l&cat=p&typeid=i","cat":284595},{"id":15036,"n":"Huile sèche corps bio Bio Naïa Spray - 100ml","p":4.59,"u":"45,90 €/L","img":"https://fd5-photos.leclercdrive.fr/image.ashx?id=2610196&use=l&cat=p&typeid=i","cat":325349},{"id":15039,"n":"Crème visage bio Bio Naïa Hydratante 50ml","p":1.99,"u":"39,80 €/L","img":"https://fd5-photos.leclercdrive.fr/image.ashx?id=2436651&use=l&cat=p&typeid=i","cat":325345},{"id":15053,"n":"Déodorant Manava Grenade - 200ml","p":1.39,"u":"6,95 €/L","img":"https://fd5-photos.leclercdrive.fr/image.ashx?id=2699276&use=l&cat=p&typeid=i","cat":284595},{"id":15058,"n":"Biscuits tablettes Bio Village Bio Chocolat au lait 150g","p":2.38,"u":"15,87 €/KG","img":"https://fd5-photos.leclercdrive.fr/image.ashx?id=2650819&use=l&cat=p&typeid=i","cat":284488},{"id":15059,"n":"Gaufrettes P'tit Déli Praliné chocolat au lait - 175g","p":1.85,"u":"10,57 €/KG","img":"https://fd5-photos.leclercdrive.fr/image.ashx?id=2817157&use=l&cat=p&typeid=i","cat":284488},{"id":15066,"n":"Savon douceur Manava Bouquet fleurs blanches 4x100g","p":1.45,"u":"3,63 €/KG","img":"https://fd5-photos.leclercdrive.fr/image.ashx?id=2358342&use=l&cat=p&typeid=i","cat":284597},{"id":15130,"n":"Gâteaux fourrés P'tit Déli Abricot x7 - 196g","p":2.69,"u":"13,72 €/KG","img":"https://fd5-photos.leclercdrive.fr/image.ashx?id=2046047&use=l&cat=p&typeid=i","cat":284495},{"id":15131,"n":"Nectar multifruits Jafaden 2L","p":2.49,"u":"1,25 €/L","img":"https://fd5-photos.leclercdrive.fr/image.ashx?id=2956032&use=l&cat=p&typeid=i","cat":284917},{"id":15140,"n":"Biscuits Croustine P'tit Déli Meringue noisette 100g","p":2.29,"u":"22,90 €/KG","img":"https://fd5-photos.leclercdrive.fr/image.ashx?id=2545574&use=l&cat=p&typeid=i","cat":284487},{"id":15146,"n":"Génoises fourrées P'tit Déli Citron - 150g","p":1.98,"u":"13,20 €/KG","img":"https://fd5-photos.leclercdrive.fr/image.ashx?id=1546848&use=l&cat=p&typeid=i","cat":284489},{"id":15149,"n":"Petit Beurre P'tit Déli Pépites chocolat x24 200g","p":1.87,"u":"9,35 €/KG","img":"https://fd5-photos.leclercdrive.fr/image.ashx?id=2694100&use=l&cat=p&typeid=i","cat":284487},{"id":15163,"n":"Sablés fourrés P'tit Déli Noisette 125g","p":1.92,"u":"15,36 €/KG","img":"https://fd5-photos.leclercdrive.fr/image.ashx?id=2791266&use=l&cat=p&typeid=i","cat":284487},{"id":15181,"n":"Boisson aux fruits Oasis Saveur Fraise Framboise - 2L","p":2.45,"u":"1,23 €/L","img":"https://fd5-photos.leclercdrive.fr/image.ashx?id=2677819&use=l&cat=p&typeid=i","cat":295018},{"id":15182,"n":"Filets de maquereaux Saupiquet Tomate basilic - 169g","p":1.91,"u":"11,30 €/KG","img":"https://fd5-photos.leclercdrive.fr/image.ashx?id=2829964&use=l&cat=p&typeid=i","cat":303868},{"id":15183,"n":"Filets de maquereaux Saupiquet Escabèche - 169g","p":2.07,"u":"12,25 €/KG","img":"https://fd5-photos.leclercdrive.fr/image.ashx?id=2829970&use=l&cat=p&typeid=i","cat":303868},{"id":15202,"n":"Pineau des Charentes Reynac Rosé 17%vol 75cl","p":7.95,"u":"10,60 €/L","img":"https://fd5-photos.leclercdrive.fr/image.ashx?id=2985093&use=l&cat=p&typeid=i","cat":284913},{"id":15206,"n":"Pineau des Charentes Reynac Blanc 17%vol 75cl","p":7.95,"u":"10,60 €/L","img":"https://fd5-photos.leclercdrive.fr/image.ashx?id=2105536&use=l&cat=p&typeid=i","cat":284913},{"id":15256,"n":"Barre chocolat au lait Lion x6 barres - 252g","p":2.41,"u":"9,56 €/KG","img":"https://fd5-photos.leclercdrive.fr/image.ashx?id=2736991&use=l&cat=p&typeid=i","cat":284498},{"id":15305,"n":"Eau minérale Saint Antonin 6x1L","p":2.72,"u":"0,45 €/L","img":"https://fd5-photos.leclercdrive.fr/image.ashx?id=2653891&use=l&cat=p&typeid=i","cat":284535},{"id":15306,"n":"Eau minérale naturelle St Amand 6x1.5L","p":2.5,"u":"0,28 €/L","img":"https://fd5-photos.leclercdrive.fr/image.ashx?id=2902678&use=l&cat=p&typeid=i","cat":284535},{"id":15342,"n":"Chocolat Eco+ Noir - 5x100g","p":3.78,"u":"7,56 €/KG","img":"https://fd5-photos.leclercdrive.fr/image.ashx?id=2775460&use=l&cat=p&typeid=i","cat":284956},{"id":15384,"n":"Wings party Mexicain Maître Coq 400g","p":3.97,"u":"9,93 €/KG","img":"https://fd5-photos.leclercdrive.fr/image.ashx?id=2094307&use=l&cat=p&typeid=i","cat":333685},{"id":15432,"n":"Hachés poulet gratin Maître Coq 180g","p":2.12,"u":"11,78 €/KG","img":"https://fd5-photos.leclercdrive.fr/image.ashx?id=1884313&use=l&cat=p&typeid=i","cat":333684},{"id":15435,"n":"Gésier canard confit Maître Coq 300g","p":5.12,"u":"17,07 €/KG","img":"https://fd5-photos.leclercdrive.fr/image.ashx?id=2996641&use=l&cat=p&typeid=i","cat":284715},{"id":15451,"n":"Escalope de dinde Maître Coq Fine x2 - 240g","p":3.55,"u":"14,79 €/KG","img":"https://fd5-photos.leclercdrive.fr/image.ashx?id=2770088&use=l&cat=p&typeid=i","cat":284337},{"id":15452,"n":"Escalope dinde Maître Coq 600g","p":9.29,"u":"15,48 €/KG","img":"https://fd5-photos.leclercdrive.fr/image.ashx?id=2773421&use=l&cat=p&typeid=i","cat":284337},{"id":15476,"n":"Eau nettoyante Mots d'Enfants Hydratante - 250ml","p":1.93,"u":"7,72 €/L","img":"https://fd5-photos.leclercdrive.fr/image.ashx?id=3015048&use=l&cat=p&typeid=i","cat":284741},{"id":15492,"n":"AOC Muscadet blanc Botinière - 75 Cl","p":5.05,"u":"6,73 €/L","img":"https://fd5-photos.leclercdrive.fr/image.ashx?id=2476275&use=l&cat=p&typeid=i","cat":289557},{"id":15513,"n":"Gâteau cacao Oreo Lu Rouleaux Vanille - 154g","p":0.99,"u":"6,43 €/KG","img":"https://fd5-photos.leclercdrive.fr/image.ashx?id=3002282&use=l&cat=p&typeid=i","cat":284488},{"id":15525,"n":"Mini gâches briochettes NRT Chocolat noir x8 - 360g","p":2.79,"u":"7,75 €/KG","img":"https://fd5-photos.leclercdrive.fr/image.ashx?id=2670440&use=l&cat=p&typeid=i","cat":284478},{"id":15544,"n":"Crackers Tokapi  Fromage et graines - 65g","p":1.34,"u":"20,62 €/KG","img":"https://fd5-photos.leclercdrive.fr/image.ashx?id=2075247&use=l&cat=p&typeid=i","cat":297000},{"id":15564,"n":"Chips paysannes Pom'lisse Nature - 150g","p":0.99,"u":"6,60 €/KG","img":"https://fd5-photos.leclercdrive.fr/image.ashx?id=2927854&use=l&cat=p&typeid=i","cat":284447},{"id":15592,"n":"Fromage enfant Ficello Nature à effilocher x8 - 168g","p":3.35,"u":"19,94 €/KG","img":"https://fd5-photos.leclercdrive.fr/image.ashx?id=2375376&use=l&cat=p&typeid=i","cat":314030},{"id":15626,"n":"Salade maxi Florette Laitue iceberg - 450g","p":2.45,"u":"5,44 €/KG","img":"https://fd5-photos.leclercdrive.fr/image.ashx?id=2090039&use=l&cat=p&typeid=i","cat":284353},{"id":15629,"n":"Salade maxi Florette Mâche - 200g","p":1.98,"u":"9,90 €/KG","img":"https://fd5-photos.leclercdrive.fr/image.ashx?id=2228849&use=l&cat=p&typeid=i","cat":284353},{"id":15637,"n":"Ciboulette Florette 11g","p":1.69,"u":"153,64 €/KG","img":"https://fd5-photos.leclercdrive.fr/image.ashx?id=2633017&use=l&cat=p&typeid=i","cat":293607},{"id":15638,"n":"Basilic Florette 11g","p":1.65,"u":"150,00 €/KG","img":"https://fd5-photos.leclercdrive.fr/image.ashx?id=2633014&use=l&cat=p&typeid=i","cat":293607},{"id":15641,"n":"Menthe Florette 11g","p":1.63,"u":"148,18 €/KG","img":"https://fd5-photos.leclercdrive.fr/image.ashx?id=2633023&use=l&cat=p&typeid=i","cat":293607},{"id":15646,"n":"Saumon Atlantique Connétable 112g","p":5.33,"u":"47,59 €/KG","img":"https://fd5-photos.leclercdrive.fr/image.ashx?id=2960162&use=l&cat=p&typeid=i","cat":305147},{"id":15647,"n":"Soupe Paysanne Légumes Knorr Déshydratée - Au lard - 97g","p":1.02,"u":"10,52 €/KG","img":"https://fd5-photos.leclercdrive.fr/image.ashx?id=2768870&use=l&cat=p&typeid=i","cat":284463},{"id":15703,"n":"Jus de citron de Sicile Citros 20cl","p":0.81,"u":"4,05 €/L","img":"https://fd5-photos.leclercdrive.fr/image.ashx?id=2469130&use=l&cat=p&typeid=i","cat":288383},{"id":15741,"n":"Tampons Doulys Compact Super - x20","p":2.35,"u":"0,12 €/P","img":"https://fd5-photos.leclercdrive.fr/image.ashx?id=2965470&use=l&cat=p&typeid=i","cat":284626},{"id":15746,"n":"Soupe Liquide Liebig  Bisque de Homard - 300g","p":2.35,"u":"7,83 €/KG","img":"https://fd5-photos.leclercdrive.fr/image.ashx?id=2651390&use=l&cat=p&typeid=i","cat":287366},{"id":15797,"n":"Brie Ermitage 60%mg - 500g","p":6.47,"u":"12,94 €/KG","img":"https://fd5-photos.leclercdrive.fr/image.ashx?id=2973015&use=l&cat=p&typeid=i","cat":314033},{"id":15801,"n":"IGP Pays d'Oc rosé Cinsault Syrah Ormes de Cambras 12% 75cl","p":2.71,"u":"3,61 €/L","img":"https://fd5-photos.leclercdrive.fr/image.ashx?id=2105158&use=l&cat=p&typeid=i","cat":289558},{"id":15807,"n":"Boisson aux fruits Oasis Goût Pomme Cassis Framboise 2L","p":2.46,"u":"1,23 €/L","img":"https://fd5-photos.leclercdrive.fr/image.ashx?id=3014452&use=l&cat=p&typeid=i","cat":295018},{"id":15808,"n":"AOC Côtes du Rhône rosé Prestige Cellier Dauphins 75cl","p":2.91,"u":"3,88 €/L","img":"https://fd5-photos.leclercdrive.fr/image.ashx?id=2829988&use=l&cat=p&typeid=i","cat":289558},{"id":15875,"n":"Eau de Cologne Bien Etre Naturelle - 250ml","p":4.38,"u":"17,52 €/L","img":"https://fd5-photos.leclercdrive.fr/image.ashx?id=2353665&use=l&cat=p&typeid=i","cat":291525},{"id":15895,"n":"Soin cheveux nutrition Garnier Cheveu bouclé à frisé - 200ml","p":2.37,"u":"11,85 €/L","img":"https://fd5-photos.leclercdrive.fr/image.ashx?id=2985354&use=l&cat=p&typeid=i","cat":284608},{"id":15908,"n":"Shampooing Pétrol Hahn original Cheveux normaux 250ml","p":2.34,"u":"9,36 €/L","img":"https://fd5-photos.leclercdrive.fr/image.ashx?id=2480512&use=l&cat=p&typeid=i","cat":284621},{"id":15909,"n":"Shampooing Pétrol Hahn Anti-chûte 250ml","p":2.32,"u":"9,28 €/L","img":"https://fd5-photos.leclercdrive.fr/image.ashx?id=2450649&use=l&cat=p&typeid=i","cat":284606},{"id":15912,"n":"Mousse à raser Williams Peau sensible 200ml","p":1.54,"u":"7,70 €/L","img":"https://fd5-photos.leclercdrive.fr/image.ashx?id=2785976&use=l&cat=p&typeid=i","cat":284617},{"id":15969,"n":"Gel nettoyant canalisations  Destop Javel Agrumes - 750ml","p":2.57,"u":"3,43 €/L","img":"https://fd5-photos.leclercdrive.fr/image.ashx?id=2885956&use=l&cat=p&typeid=i","cat":284908},{"id":16034,"n":"Petits pois Bio Bio Village Très fins - 600g","p":2.39,"u":"3,98 €/KG","img":"https://fd5-photos.leclercdrive.fr/image.ashx?id=2996021&use=l&cat=p&typeid=i","cat":319805},{"id":16043,"n":"Crevettes cuites Pêche Océan Décortiquées - MSC - 200g","p":3.49,"u":"17,45 €/KG","img":"https://fd5-photos.leclercdrive.fr/image.ashx?id=2478766&use=l&cat=p&typeid=i","cat":319787},{"id":16046,"n":"Fromage de chèvre Les Croisés Frais rond - 200g","p":1.89,"u":"9,45 €/KG","img":"https://fd5-photos.leclercdrive.fr/image.ashx?id=2983796&use=l&cat=p&typeid=i","cat":314031},{"id":16061,"n":"Sauce Tomates Barilla Basilic - 400g","p":1.55,"u":"3,88 €/KG","img":"https://fd5-photos.leclercdrive.fr/image.ashx?id=2832518&use=l&cat=p&typeid=i","cat":287599},{"id":16095,"n":"Spray anti-moustique Marie Rose 8h - 100ml","p":4.64,"u":"46,40 €/L","img":"https://fd5-photos.leclercdrive.fr/image.ashx?id=2666749&use=l&cat=p&typeid=i","cat":299654},{"id":16142,"n":"Eau de source de Montagne 6x1L","p":1.55,"u":"0,26 €/L","img":"https://fd5-photos.leclercdrive.fr/image.ashx?id=2597621&use=l&cat=p&typeid=i","cat":284535},{"id":16153,"n":"Biscuits petit déj Bio Village Bio Chocolat / Noisettes - 200g","p":2.08,"u":"10,40 €/KG","img":"https://fd5-photos.leclercdrive.fr/image.ashx?id=2371560&use=l&cat=p&typeid=i","cat":284491},{"id":16172,"n":"Mini Barres chocolatées Lion x18 barres - 350g","p":3.88,"u":"11,09 €/KG","img":"https://fd5-photos.leclercdrive.fr/image.ashx?id=2925553&use=l&cat=p&typeid=i","cat":284498},{"id":16254,"n":"Câpres surfines Rustica Au vinaigre - 60g","p":1.23,"u":"20,50 €/KG","img":"https://fd5-photos.leclercdrive.fr/image.ashx?id=1677666&use=l&cat=p&typeid=i","cat":284458},{"id":16271,"n":"Maïs Géant Vert extra croquant sans résidu pesticides - 285g","p":1.05,"u":"3,68 €/KG","img":"https://fd5-photos.leclercdrive.fr/image.ashx?id=2754267&use=l&cat=p&typeid=i","cat":312611},{"id":16272,"n":"Maïs Géant Vert extra tendre sans résidu pesticides - 285g","p":0.99,"u":"3,47 €/KG","img":"https://fd5-photos.leclercdrive.fr/image.ashx?id=2462448&use=l&cat=p&typeid=i","cat":312611},{"id":16317,"n":"Estragon Ducros 5g","p":0.77,"u":"154,00 €/KG","img":"https://fd5-photos.leclercdrive.fr/image.ashx?id=2486934&use=l&cat=p&typeid=i","cat":298297},{"id":16432,"n":"Pâte brisée Bio  Bio village - 230g","p":1.99,"u":"8,65 €/KG","img":"https://fd5-photos.leclercdrive.fr/image.ashx?id=2274177&use=l&cat=p&typeid=i","cat":333681},{"id":16434,"n":"Raviolis aux 3 fromages Bio Bio village - 250g","p":2.9,"u":"11,60 €/KG","img":"https://fd5-photos.leclercdrive.fr/image.ashx?id=2843608&use=l&cat=p&typeid=i","cat":333682},{"id":16524,"n":"Pâtes Eco+ Spaghetti - 1kg","p":1.02,"u":"1,02 €/KG","img":"https://fd5-photos.leclercdrive.fr/image.ashx?id=2757494&use=l&cat=p&typeid=i","cat":284427},{"id":16526,"n":"Assortiment biscuits salés Eco+ 350g","p":1.06,"u":"3,03 €/KG","img":"https://fd5-photos.leclercdrive.fr/image.ashx?id=2613255&use=l&cat=p&typeid=i","cat":297000},{"id":16527,"n":"Bouillon déshydraté Eco+ Volaille - 12x10g","p":0.67,"u":"5,58 €/KG","img":"https://fd5-photos.leclercdrive.fr/image.ashx?id=1735897&use=l&cat=p&typeid=i","cat":288379},{"id":16536,"n":"Sucre Eco+ En morceaux - 1kg","p":1.33,"u":"1,33 €/KG","img":"https://fd5-photos.leclercdrive.fr/image.ashx?id=2675676&use=l&cat=p&typeid=i","cat":284502},{"id":16547,"n":"Barquette chiens Eco+ A la Volaille - 300g","p":0.52,"u":"1,73 €/KG","img":"https://fd5-photos.leclercdrive.fr/image.ashx?id=2052727&use=l&cat=p&typeid=i","cat":284673},{"id":16550,"n":"Limonade Eco+ 1,5L","p":0.38,"u":"0,25 €/L","img":"https://fd5-photos.leclercdrive.fr/image.ashx?id=2762937&use=l&cat=p&typeid=i","cat":284531},{"id":16552,"n":"Jus de pomme abc Eco+ 1L","p":0.85,"u":"0,85 €/L","img":"https://fd5-photos.leclercdrive.fr/image.ashx?id=2802269&use=l&cat=p&typeid=i","cat":284522},{"id":16554,"n":"Soda cola light 1,5l","p":0.4,"u":"0,27 €/L","img":"https://fd5-photos.leclercdrive.fr/image.ashx?id=2821792&use=l&cat=p&typeid=i","cat":284530},{"id":16558,"n":"Thé glacé pêche Eco  2L","p":1.34,"u":"0,67 €/L","img":"https://fd5-photos.leclercdrive.fr/image.ashx?id=2764955&use=l&cat=p&typeid=i","cat":295019},{"id":16560,"n":"Lingettes multi-usages Eco+ Citron x50","p":0.62,"img":"https://fd5-photos.leclercdrive.fr/image.ashx?id=2958675&use=l&cat=p&typeid=i","cat":325358},{"id":16570,"n":"Saucisse sèche droite Eco+ 250g","p":1.78,"u":"7,12 €/KG","img":"https://fd5-photos.leclercdrive.fr/image.ashx?id=2845137&use=l&cat=p&typeid=i","cat":316006},{"id":16577,"n":"Crème sous pression Eco+ Crème légère et sucrée - 250g","p":1.69,"u":"6,76 €/KG","img":"https://fd5-photos.leclercdrive.fr/image.ashx?id=2856242&use=l&cat=p&typeid=i","cat":284382},{"id":16676,"n":"Assortiment Bonbons Chocolat Quality Street - 265g","p":5.39,"u":"20,34 €/KG","img":"https://fd5-photos.leclercdrive.fr/image.ashx?id=2837571&use=l&cat=p&typeid=i","cat":284499},{"id":16737,"n":"Viande hachée 15% MG Férial 500g","p":7.29,"u":"14,58 €/KG","img":"https://fd5-photos.leclercdrive.fr/image.ashx?id=2904013&use=l&cat=p&typeid=i","cat":284332},{"id":16741,"n":"Viande hachée 5% MG Férial 350g","p":5.71,"u":"16,31 €/KG","img":"https://fd5-photos.leclercdrive.fr/image.ashx?id=2904010&use=l&cat=p&typeid=i","cat":284332},{"id":16742,"n":"Steak haché Férial 15%mg - 800g","p":11.15,"u":"13,94 €/KG","img":"https://fd5-photos.leclercdrive.fr/image.ashx?id=2904004&use=l&cat=p&typeid=i","cat":284332},{"id":16747,"n":"Viande hachée 15% MG Férial 350g","p":5.59,"u":"15,97 €/KG","img":"https://fd5-photos.leclercdrive.fr/image.ashx?id=2904007&use=l&cat=p&typeid=i","cat":284332},{"id":16766,"n":"Viande hachée 20% MG Férial 700g","p":9.45,"u":"13,50 €/KG","img":"https://fd5-photos.leclercdrive.fr/image.ashx?id=2904016&use=l&cat=p&typeid=i","cat":284332},{"id":16767,"n":"Steak haché Férial  5%mg - 400g","p":7.59,"u":"18,98 €/KG","img":"https://fd5-photos.leclercdrive.fr/image.ashx?id=2598722&use=l&cat=p&typeid=i","cat":284332},{"id":16783,"n":"AOP Saumur brut Les Caractères - 75cl","p":4.49,"u":"5,99 €/L","img":"https://fd5-photos.leclercdrive.fr/image.ashx?id=2895774&use=l&cat=p&typeid=i","cat":284544},{"id":16800,"n":"Eau minérale naturelle Contrex 6x1L","p":2.44,"u":"0,41 €/L","img":"https://fd5-photos.leclercdrive.fr/image.ashx?id=2731720&use=l&cat=p&typeid=i","cat":284535},{"id":16803,"n":"AOC Champagne Président Germain Brut - 75cl","p":24.9,"u":"33,20 €/L","img":"https://fd5-photos.leclercdrive.fr/image.ashx?id=1567645&use=l&cat=p&typeid=i","cat":284542},{"id":16805,"n":"Viande bovine Férial steak ** à griller - 280g","p":5.79,"u":"20,68 €/KG","img":"https://fd5-photos.leclercdrive.fr/image.ashx?id=2483557&use=l&cat=p&typeid=i","cat":284328},{"id":16829,"n":"Fusilli Côté Snack Pâtes 4 fromages - 300g","p":1.89,"u":"6,30 €/KG","img":"https://fd5-photos.leclercdrive.fr/image.ashx?id=2748726&use=l&cat=p&typeid=i","cat":334983},{"id":16916,"n":"Croquette Tous Mes Amis Vitalité - viande de boeuf 10kg","p":12.99,"u":"1,30 €/KG","img":"https://fd5-photos.leclercdrive.fr/image.ashx?id=2078635&use=l&cat=p&typeid=i","cat":284672},{"id":16917,"n":"Steak haché Férial 15%mg - 250g","p":4.85,"u":"19,40 €/KG","img":"https://fd5-photos.leclercdrive.fr/image.ashx?id=2627233&use=l&cat=p&typeid=i","cat":284332},{"id":16920,"n":"Coeurs d'artichaut Notre Jardin 240g","p":2.49,"u":"10,38 €/KG","img":"https://fd5-photos.leclercdrive.fr/image.ashx?id=2501994&use=l&cat=p&typeid=i","cat":312611},{"id":16996,"n":"Liquide de rinçage Visior Lave-vaisselle - 750ml","p":0.89,"u":"1,19 €/L","img":"https://fd5-photos.leclercdrive.fr/image.ashx?id=2874377&use=l&cat=p&typeid=i","cat":284657},{"id":16999,"n":"Confiture Bonne Maman 4 fruits 370g + 20% offert","p":2.3,"u":"5,18 €/KG","img":"https://fd5-photos.leclercdrive.fr/image.ashx?id=2638139&use=l&cat=p&typeid=i","cat":284480},{"id":17014,"n":"Fromage apéritif Apéricube Sélection festive 48 cubes","p":4.17,"u":"16,68 €/KG","img":"https://fd5-photos.leclercdrive.fr/image.ashx?id=2882665&use=l&cat=p&typeid=i","cat":314027},{"id":17036,"n":"Mouchoirs blancs 3 plis Caresse Boîte mouchoirs papier x90","p":1.04,"u":"0,01 €/P","img":"https://fd5-photos.leclercdrive.fr/image.ashx?id=2777915&use=l&cat=p&typeid=i","cat":284638},{"id":17104,"n":"Tuiles Tokapi  Nature - 170g","p":1.35,"u":"7,94 €/KG","img":"https://fd5-photos.leclercdrive.fr/image.ashx?id=2632849&use=l&cat=p&typeid=i","cat":287899},{"id":17105,"n":"Chips Tuiles Tokapi Crème oignon - 170g","p":1.35,"u":"7,94 €/KG","img":"https://fd5-photos.leclercdrive.fr/image.ashx?id=2643375&use=l&cat=p&typeid=i","cat":287899},{"id":17108,"n":"Brume d'eau pure Inell 150ml","p":1.25,"u":"8,33 €/L","img":"https://fd5-photos.leclercdrive.fr/image.ashx?id=2712980&use=l&cat=p&typeid=i","cat":290295},{"id":17112,"n":"Limonade Bio village Bio - 1L","p":0.96,"u":"0,96 €/L","img":"https://fd5-photos.leclercdrive.fr/image.ashx?id=2632900&use=l&cat=p&typeid=i","cat":284531},{"id":17113,"n":"Cidre bouché Bio village Bio 4% vol - 75cl","p":2.29,"u":"3,05 €/L","img":"https://fd5-photos.leclercdrive.fr/image.ashx?id=2907255&use=l&cat=p&typeid=i","cat":334880},{"id":17143,"n":"Croissants pur beurre           4x1p","p":2.0,"u":"0,50 €/P","img":"https://fd5-photos.leclercdrive.fr/image.ashx?id=597456&use=l&cat=p&typeid=i","cat":284984},{"id":17152,"n":"Pains aux céréales  300g","p":1.5,"u":"5,00 €/KG","img":"https://fd5-photos.leclercdrive.fr/image.ashx?id=2657163&use=l&cat=p&typeid=i","cat":284359},{"id":17167,"n":"Paupiettes de dinde Maître Coq Nature x4 - 520g","p":8.14,"u":"15,65 €/KG","img":"https://fd5-photos.leclercdrive.fr/image.ashx?id=2569482&use=l&cat=p&typeid=i","cat":284337},{"id":17189,"n":"Biscuit petit dej P'tit Déli Miel/pépites chocolat - 400g","p":2.15,"u":"5,38 €/KG","img":"https://fd5-photos.leclercdrive.fr/image.ashx?id=2999502&use=l&cat=p&typeid=i","cat":284491},{"id":17223,"n":"Mouchoirs blancs 3 plis Caresse Boîte déco décor aléatoire x70","p":1.52,"u":"0,02 €/P","img":"https://fd5-photos.leclercdrive.fr/image.ashx?id=2812548&use=l&cat=p&typeid=i","cat":284638},{"id":17290,"n":"Pâtes Alpina Avoine - 500g","p":0.98,"u":"1,96 €/KG","img":"https://fd5-photos.leclercdrive.fr/image.ashx?id=2789856&use=l&cat=p&typeid=i","cat":284427},{"id":17292,"n":"Polenta Alpina Semoule de maïs - 500g","p":1.19,"u":"2,38 €/KG","img":"https://fd5-photos.leclercdrive.fr/image.ashx?id=2834485&use=l&cat=p&typeid=i","cat":284431},{"id":17293,"n":"Génoise mix milk Balconi Pâtissier x10 280g","p":1.86,"u":"10,33 €/KG","img":"https://fd5-photos.leclercdrive.fr/image.ashx?id=2878411&use=l&cat=p&typeid=i","cat":284495},{"id":17294,"n":"Pâtes crozets nature Alpina 400g","p":2.45,"u":"6,13 €/KG","img":"https://fd5-photos.leclercdrive.fr/image.ashx?id=2795072&use=l&cat=p&typeid=i","cat":284427},{"id":17295,"n":"Pâtes crozets Alpina Savoie Au sarrasin - 400g","p":2.35,"u":"5,88 €/KG","img":"https://fd5-photos.leclercdrive.fr/image.ashx?id=2795075&use=l&cat=p&typeid=i","cat":284427},{"id":17348,"n":"Lanières poivrons Notre Jardin 600g","p":2.15,"u":"3,58 €/KG","img":"https://fd5-photos.leclercdrive.fr/image.ashx?id=2916680&use=l&cat=p&typeid=i","cat":319805},{"id":17362,"n":"Moules ASC Pêche Océan Décortiquées - 500g","p":3.38,"u":"6,76 €/KG","img":"https://fd5-photos.leclercdrive.fr/image.ashx?id=2835023&use=l&cat=p&typeid=i","cat":319787},{"id":17392,"n":"Mouchoirs blanc 4 plis Univert Etuis x15 - Ecolabel","p":1.95,"u":"0,13 €/P","img":"https://fd5-photos.leclercdrive.fr/image.ashx?id=2549951&use=l&cat=p&typeid=i","cat":284638},{"id":17413,"n":"Sacs congélation zip Elembal Petit modèle x25","p":1.45,"u":"0,06 €/P","img":"https://fd5-photos.leclercdrive.fr/image.ashx?id=2751883&use=l&cat=p&typeid=i","cat":334134},{"id":17414,"n":"Activateur de lavage Textil Spécial blanc 10 tablettes","p":2.1,"u":"9,33 €/KG","img":"https://fd5-photos.leclercdrive.fr/image.ashx?id=2964565&use=l&cat=p&typeid=i","cat":284651},{"id":17422,"n":"IGP Pays d'Oc Syrah vin rouge Vieux Carion -75 cl","p":2.25,"u":"3,00 €/L","img":"https://fd5-photos.leclercdrive.fr/image.ashx?id=2463419&use=l&cat=p&typeid=i","cat":289556},{"id":17423,"n":"IGP Côtes de Gascogne vin blanc Terrasses d'Autan - 75cl","p":2.99,"u":"3,99 €/L","img":"https://fd5-photos.leclercdrive.fr/image.ashx?id=2886448&use=l&cat=p&typeid=i","cat":289557},{"id":17425,"n":"Fromage blanc Délisse Vanille 2,5%MG - 8x100g","p":2.82,"u":"3,53 €/KG","img":"https://fd5-photos.leclercdrive.fr/image.ashx?id=3012827&use=l&cat=p&typeid=i","cat":284409},{"id":17476,"n":"Boudins noirs aux oignons Tradilège x3 - 375g","p":2.65,"u":"7,07 €/KG","img":"https://fd5-photos.leclercdrive.fr/image.ashx?id=2930754&use=l&cat=p&typeid=i","cat":316012},{"id":17584,"n":"Dissolvant Maybelline New York Manucure Express - 125ml","p":2.96,"u":"23,68 €/L","img":"https://fd5-photos.leclercdrive.fr/image.ashx?id=2348367&use=l&cat=p&typeid=i","cat":325347},{"id":17614,"n":"Whisky The Glenlivet french Oak finish 15ans 40%vol 70cl","p":50.5,"u":"72,14 €/L","img":"https://fd5-photos.leclercdrive.fr/image.ashx?id=2866016&use=l&cat=p&typeid=i","cat":284547},{"id":17625,"n":"Bûche glacée Eskiss Fruits rouges et biscuit - 564g","p":3.59,"u":"6,37 €/KG","img":"https://fd5-photos.leclercdrive.fr/image.ashx?id=2459156&use=l&cat=p&typeid=i","cat":284266},{"id":17645,"n":"Whisky Jameson 40%vol - 1L","p":26.79,"u":"26,79 €/L","img":"https://fd5-photos.leclercdrive.fr/image.ashx?id=2880922&use=l&cat=p&typeid=i","cat":284547},{"id":17646,"n":"Whisky Chivas Regal 12ans 40%vol - 1L","p":38.5,"u":"38,50 €/L","img":"https://fd5-photos.leclercdrive.fr/image.ashx?id=2998901&use=l&cat=p&typeid=i","cat":284547},{"id":17653,"n":"Fromage apéritif Apéricube Best of des saveurs 48 cubes","p":4.17,"u":"16,68 €/KG","img":"https://fd5-photos.leclercdrive.fr/image.ashx?id=2882662&use=l&cat=p&typeid=i","cat":314027},{"id":17694,"n":"Couches bébé Mots d'Enfants T4+ Ultra confort - 9/20kg - x144","p":20.5,"u":"0,14 €/P","img":"https://fd5-photos.leclercdrive.fr/image.ashx?id=2689426&use=l&cat=p&typeid=i","cat":284737},{"id":17709,"n":"Sauce au poivre Knorr A la crème fraiche - 30cl","p":1.26,"u":"4,20 €/L","img":"https://fd5-photos.leclercdrive.fr/image.ashx?id=2985096&use=l&cat=p&typeid=i","cat":288381},{"id":17710,"n":"Sauce Hollandaise Knorr Au jus de citron - 30cl","p":1.45,"u":"4,83 €/L","img":"https://fd5-photos.leclercdrive.fr/image.ashx?id=2985099&use=l&cat=p&typeid=i","cat":288381},{"id":17717,"n":"Blanc de poulet Tradilège x4 160g","p":1.36,"u":"8,50 €/KG","img":"https://fd5-photos.leclercdrive.fr/image.ashx?id=2925738&use=l&cat=p&typeid=i","cat":316010},{"id":17718,"n":"Blanc de dinde Tradilège 4 tranches 160g","p":1.65,"u":"10,31 €/KG","img":"https://fd5-photos.leclercdrive.fr/image.ashx?id=2989787&use=l&cat=p&typeid=i","cat":316010},{"id":17768,"n":"Boudins blancs au porto Tradilège x3 - 375g","p":3.9,"u":"10,40 €/KG","img":"https://fd5-photos.leclercdrive.fr/image.ashx?id=2252040&use=l&cat=p&typeid=i","cat":316012},{"id":17813,"n":"Détachant Texil avant lavage 500ml","p":1.75,"u":"3,50 €/L","img":"https://fd5-photos.leclercdrive.fr/image.ashx?id=2958708&use=l&cat=p&typeid=i","cat":284651},{"id":17899,"n":"Knacks pur porc Tradilège Fumées au bois x10 - 350g","p":1.52,"u":"4,34 €/KG","img":"https://fd5-photos.leclercdrive.fr/image.ashx?id=2448321&use=l&cat=p&typeid=i","cat":316012},{"id":17901,"n":"Macaroni d'Alsace NRT 250g","p":1.39,"u":"5,56 €/KG","img":"https://fd5-photos.leclercdrive.fr/image.ashx?id=2839989&use=l&cat=p&typeid=i","cat":284427},{"id":17917,"n":"Nettoyant canalisations Ouragan Fraîcheur mentholée - 1L","p":4.34,"u":"4,34 €/L","img":"https://fd5-photos.leclercdrive.fr/image.ashx?id=2367544&use=l&cat=p&typeid=i","cat":284662},{"id":17937,"n":"IGP Pruneaux d'agen Bio Village Bio - 250g","p":2.96,"u":"11,84 €/KG","img":"https://fd5-photos.leclercdrive.fr/image.ashx?id=2049211&use=l&cat=p&typeid=i","cat":284357},{"id":17938,"n":"Flan nappé caramel Bio Bio Village - 4x125g","p":1.99,"u":"3,98 €/KG","img":"https://fd5-photos.leclercdrive.fr/image.ashx?id=1079077&use=l&cat=p&typeid=i","cat":284420},{"id":17969,"n":"Purée de fruit NATURNES Pomme pêche 4M+ - 4x130g","p":2.17,"u":"4,17 €/KG","img":"https://fd5-photos.leclercdrive.fr/image.ashx?id=2629644&use=l&cat=p&typeid=i","cat":312387},{"id":18002,"n":"Lait céréales Blédidej 12 mois Biscuité vanille - 4x250ml","p":3.32,"u":"3,32 €/L","img":"https://fd5-photos.leclercdrive.fr/image.ashx?id=2921034&use=l&cat=p&typeid=i","cat":312226},{"id":18003,"n":"Lait céréales Blédidej 12 mois Vanille chocolat - 4x250ml","p":3.5,"u":"3,50 €/L","img":"https://fd5-photos.leclercdrive.fr/image.ashx?id=2921031&use=l&cat=p&typeid=i","cat":312226},{"id":18066,"n":"Nouilles chinoises Suzi Wan En nid - 250g","p":1.5,"u":"6,00 €/KG","img":"https://fd5-photos.leclercdrive.fr/image.ashx?id=2886253&use=l&cat=p&typeid=i","cat":288992},{"id":18070,"n":"Fromage frais bio Bio Village Fruits panachés - 12x50g","p":2.76,"u":"4,60 €/KG","img":"https://fd5-photos.leclercdrive.fr/image.ashx?id=2992630&use=l&cat=p&typeid=i","cat":284409},{"id":18098,"n":"Lait céréales bébé Blédiner 6m Carotte soir - 4x250ml","p":3.83,"u":"3,83 €/L","img":"https://fd5-photos.leclercdrive.fr/image.ashx?id=2478556&use=l&cat=p&typeid=i","cat":312239},{"id":18102,"n":"Lait céréales bébé Blédiner 6m Légume soir - 4x250ml","p":3.84,"u":"3,84 €/L","img":"https://fd5-photos.leclercdrive.fr/image.ashx?id=2730061&use=l&cat=p&typeid=i","cat":312239},{"id":18124,"n":"Pêche poire cerise  Douceur du Verger - 4x70g","p":2.79,"u":"9,96 €/KG","img":"https://fd5-photos.leclercdrive.fr/image.ashx?id=2149378&use=l&cat=p&typeid=i","cat":284507},{"id":18207,"n":"Lingettes démaquillantes Inell x25","p":1.34,"u":"0,05 €/P","img":"https://fd5-photos.leclercdrive.fr/image.ashx?id=2769579&use=l&cat=p&typeid=i","cat":284603},{"id":18208,"n":"Lingettes démaquillantes Inell x25","p":1.34,"u":"0,05 €/P","img":"https://fd5-photos.leclercdrive.fr/image.ashx?id=2752622&use=l&cat=p&typeid=i","cat":284603},{"id":18221,"n":"Lardons supérieurs Tradilège Nature - 2x100g","p":1.85,"u":"9,25 €/KG","img":"https://fd5-photos.leclercdrive.fr/image.ashx?id=2933340&use=l&cat=p&typeid=i","cat":316011},{"id":18223,"n":"Lardons supérieurs Tradilège Fumés - 2x100g","p":1.85,"u":"9,25 €/KG","img":"https://fd5-photos.leclercdrive.fr/image.ashx?id=2933343&use=l&cat=p&typeid=i","cat":316011},{"id":18224,"n":"Allumettes Tradilège Nature - 2x100g","p":1.75,"u":"8,75 €/KG","img":"https://fd5-photos.leclercdrive.fr/image.ashx?id=2933349&use=l&cat=p&typeid=i","cat":316011},{"id":18225,"n":"Allumettes Tradilège Fumées - 2x100g","p":1.75,"u":"8,75 €/KG","img":"https://fd5-photos.leclercdrive.fr/image.ashx?id=2933346&use=l&cat=p&typeid=i","cat":316011},{"id":18227,"n":"Lardons supérieurs Tradilège Nature - 160g","p":1.5,"u":"9,38 €/KG","img":"https://fd5-photos.leclercdrive.fr/image.ashx?id=2751949&use=l&cat=p&typeid=i","cat":316011},{"id":18230,"n":"Lardons supérieurs Tradilège Fumés - 160g","p":1.5,"u":"9,38 €/KG","img":"https://fd5-photos.leclercdrive.fr/image.ashx?id=2816636&use=l&cat=p&typeid=i","cat":316011},{"id":18233,"n":"Poitrine Fumée Tradilège Tranches fines - 2x7T - 200g","p":2.48,"u":"12,40 €/KG","img":"https://fd5-photos.leclercdrive.fr/image.ashx?id=2852267&use=l&cat=p&typeid=i","cat":316011},{"id":18235,"n":"Mousse de foie Tradilège Supérieure 180g","p":1.24,"u":"6,89 €/KG","img":"https://fd5-photos.leclercdrive.fr/image.ashx?id=2693147&use=l&cat=p&typeid=i","cat":316008},{"id":18236,"n":"Mousse de foie Tradilège 2x50g","p":0.99,"u":"9,90 €/KG","img":"https://fd5-photos.leclercdrive.fr/image.ashx?id=2999625&use=l&cat=p&typeid=i","cat":316008},{"id":18238,"n":"Mousse de canard Tradilège 180g","p":1.16,"u":"6,44 €/KG","img":"https://fd5-photos.leclercdrive.fr/image.ashx?id=2994360&use=l&cat=p&typeid=i","cat":316008},{"id":18240,"n":"Mousse de canard Tradilège 2x50g","p":1.09,"u":"10,90 €/KG","img":"https://fd5-photos.leclercdrive.fr/image.ashx?id=2840404&use=l&cat=p&typeid=i","cat":316008},{"id":18241,"n":"Pâté de campagne Tradilège Supérieur 180g","p":1.25,"u":"6,94 €/KG","img":"https://fd5-photos.leclercdrive.fr/image.ashx?id=2844848&use=l&cat=p&typeid=i","cat":316008},{"id":18245,"n":"Rillettes du Mans Tradilège 220g","p":1.45,"u":"6,59 €/KG","img":"https://fd5-photos.leclercdrive.fr/image.ashx?id=2548124&use=l&cat=p&typeid=i","cat":316008},{"id":18246,"n":"Rillettes du Mans Tradilège 400g","p":2.32,"u":"5,80 €/KG","img":"https://fd5-photos.leclercdrive.fr/image.ashx?id=2580385&use=l&cat=p&typeid=i","cat":316008},{"id":18250,"n":"Saucisses Francfort Tradilège x4 240g","p":2.07,"u":"8,63 €/KG","img":"https://fd5-photos.leclercdrive.fr/image.ashx?id=2905955&use=l&cat=p&typeid=i","cat":316012},{"id":18251,"n":"Knacks Tradilège Fumées au bois - x4 - 140g","p":1.05,"u":"7,50 €/KG","img":"https://fd5-photos.leclercdrive.fr/image.ashx?id=2930739&use=l&cat=p&typeid=i","cat":316012},{"id":18252,"n":"Knacks Tradilège Fumées au bois - x6 - 210g","p":1.38,"u":"6,57 €/KG","img":"https://fd5-photos.leclercdrive.fr/image.ashx?id=2448318&use=l&cat=p&typeid=i","cat":316012},{"id":18257,"n":"Saucisses Cocktail Tradilège 400g","p":2.82,"u":"7,05 €/KG","img":"https://fd5-photos.leclercdrive.fr/image.ashx?id=2659082&use=l&cat=p&typeid=i","cat":316012},{"id":18259,"n":"Saucisson à l'ail Tradilège Fumé - 300g","p":2.08,"u":"6,93 €/KG","img":"https://fd5-photos.leclercdrive.fr/image.ashx?id=2930742&use=l&cat=p&typeid=i","cat":316006},{"id":18262,"n":"Cervelas supérieur Tradilège 300g","p":2.1,"u":"7,00 €/KG","img":"https://fd5-photos.leclercdrive.fr/image.ashx?id=2421636&use=l&cat=p&typeid=i","cat":316012},{"id":18266,"n":"Dés de jambon Tradilège 2x75g","p":1.49,"u":"9,93 €/KG","img":"https://fd5-photos.leclercdrive.fr/image.ashx?id=2925732&use=l&cat=p&typeid=i","cat":316011},{"id":18267,"n":"Allumettes de jambon Tradilège 2x75g","p":1.05,"u":"7,00 €/KG","img":"https://fd5-photos.leclercdrive.fr/image.ashx?id=2925716&use=l&cat=p&typeid=i","cat":316011},{"id":18268,"n":"Rôti de porc Tradilège 4 tranches 160g","p":2.14,"u":"13,38 €/KG","img":"https://fd5-photos.leclercdrive.fr/image.ashx?id=2984173&use=l&cat=p&typeid=i","cat":316009},{"id":18275,"n":"Blanc de poulet Tradilège x2 tranches - 80g","p":0.99,"u":"12,38 €/KG","img":"https://fd5-photos.leclercdrive.fr/image.ashx?id=2930751&use=l&cat=p&typeid=i","cat":316010},{"id":18277,"n":"Blanc de poulet Tradilège Aux fines herbes x4 120g","p":1.49,"u":"12,42 €/KG","img":"https://fd5-photos.leclercdrive.fr/image.ashx?id=2984188&use=l&cat=p&typeid=i","cat":316010},{"id":18279,"n":"Dés de poulet Tradilège 2x75g","p":2.82,"u":"18,80 €/KG","img":"https://fd5-photos.leclercdrive.fr/image.ashx?id=2984185&use=l&cat=p&typeid=i","cat":316011},{"id":18362,"n":"Biscuit bébé Blédina 10 mois Boudoir - 120g","p":1.83,"u":"15,25 €/KG","img":"https://fd5-photos.leclercdrive.fr/image.ashx?id=2801114&use=l&cat=p&typeid=i","cat":312227},{"id":18364,"n":"Haricots rouges D'aucy  250g","p":1.05,"u":"4,20 €/KG","img":"https://fd5-photos.leclercdrive.fr/image.ashx?id=2538434&use=l&cat=p&typeid=i","cat":312606},{"id":18374,"n":"Petits pois d'aucy  Extra-fins - 280g","p":1.1,"u":"3,93 €/KG","img":"https://fd5-photos.leclercdrive.fr/image.ashx?id=2503434&use=l&cat=p&typeid=i","cat":312607},{"id":18375,"n":"Petits pois carottes d''Aucy Extra fins - 265g","p":1.08,"u":"4,08 €/KG","img":"https://fd5-photos.leclercdrive.fr/image.ashx?id=2475324&use=l&cat=p&typeid=i","cat":312607},{"id":18381,"n":"Cannelle moulue Ducros 39g","p":1.16,"u":"29,74 €/KG","img":"https://fd5-photos.leclercdrive.fr/image.ashx?id=2983204&use=l&cat=p&typeid=i","cat":298297},{"id":18384,"n":"Fagot bouquet garni Ducros 17g","p":2.01,"u":"118,24 €/KG","img":"https://fd5-photos.leclercdrive.fr/image.ashx?id=2326667&use=l&cat=p&typeid=i","cat":298297},{"id":18387,"n":"Herbes de Provence Ducros Barbecue - 100g","p":1.24,"u":"12,40 €/KG","img":"https://fd5-photos.leclercdrive.fr/image.ashx?id=2414717&use=l&cat=p&typeid=i","cat":298297},{"id":18389,"n":"Poivre Ducros Spécial moulin - 100g","p":3.91,"u":"39,10 €/KG","img":"https://fd5-photos.leclercdrive.fr/image.ashx?id=2559439&use=l&cat=p&typeid=i","cat":284457},{"id":18393,"n":"Persil Ducros 17g","p":1.67,"u":"98,24 €/KG","img":"https://fd5-photos.leclercdrive.fr/image.ashx?id=2559436&use=l&cat=p&typeid=i","cat":298297},{"id":18394,"n":"Persil Ducros 30g","p":3.49,"u":"116,33 €/KG","img":"https://fd5-photos.leclercdrive.fr/image.ashx?id=2486554&use=l&cat=p&typeid=i","cat":298297},{"id":18398,"n":"Piment doux moulu Ducros 40g","p":2.02,"u":"50,50 €/KG","img":"https://fd5-photos.leclercdrive.fr/image.ashx?id=2490494&use=l&cat=p&typeid=i","cat":298297},{"id":18399,"n":"Poivre gris moulu Ducros 2x18g","p":2.35,"u":"65,28 €/KG","img":"https://fd5-photos.leclercdrive.fr/image.ashx?id=2759454&use=l&cat=p&typeid=i","cat":298297},{"id":18404,"n":"Safran moulu Ducros 4 doses - 0.4g","p":4.17,"img":"https://fd5-photos.leclercdrive.fr/image.ashx?id=2580490&use=l&cat=p&typeid=i","cat":298297},{"id":18408,"n":"Thon entier Pêche Océan Naturel - 140g","p":1.9,"u":"13,57 €/KG","img":"https://fd5-photos.leclercdrive.fr/image.ashx?id=2941426&use=l&cat=p&typeid=i","cat":303867},{"id":18409,"n":"Thon entier Pêche Océan Naturel - 93g","p":1.39,"u":"14,95 €/KG","img":"https://fd5-photos.leclercdrive.fr/image.ashx?id=2942184&use=l&cat=p&typeid=i","cat":303867},{"id":18410,"n":"Pâtées chat Gold Gourmet Les noisettes -  12x85g","p":5.8,"u":"5,69 €/KG","img":"https://fd5-photos.leclercdrive.fr/image.ashx?id=2908318&use=l&cat=p&typeid=i","cat":285286},{"id":18437,"n":"Allumettes Bacon Tradilège Fumées - 2x100g","p":1.74,"u":"8,70 €/KG","img":"https://fd5-photos.leclercdrive.fr/image.ashx?id=2905952&use=l&cat=p&typeid=i","cat":316011},{"id":18441,"n":"Pur jus de fruits Jafaden Mandarine - 1L","p":2.39,"u":"2,39 €/L","img":"https://fd5-photos.leclercdrive.fr/image.ashx?id=2956044&use=l&cat=p&typeid=i","cat":284915},{"id":18448,"n":"Mousse de canard Tradilège 220g","p":2.29,"u":"10,41 €/KG","img":"https://fd5-photos.leclercdrive.fr/image.ashx?id=2994830&use=l&cat=p&typeid=i","cat":316008},{"id":18501,"n":"Aromat Knorr 70g","p":1.57,"u":"22,43 €/KG","img":"https://fd5-photos.leclercdrive.fr/image.ashx?id=2866750&use=l&cat=p&typeid=i","cat":298297},{"id":18521,"n":"Papier toilette Mimosa Blanc double épaisseur - x12","p":2.85,"u":"0,24 €/P","img":"https://fd5-photos.leclercdrive.fr/image.ashx?id=2783343&use=l&cat=p&typeid=i","cat":284634},{"id":18577,"n":"Papier toilette Mimosa Blanc - Ultra doux - x24","p":4.33,"u":"0,18 €/P","img":"https://fd5-photos.leclercdrive.fr/image.ashx?id=2777851&use=l&cat=p&typeid=i","cat":284634},{"id":18598,"n":"Yaourts à la Grecque Délisse Mûre Framboise - 4x150g","p":1.99,"u":"3,32 €/KG","img":"https://fd5-photos.leclercdrive.fr/image.ashx?id=2699441&use=l&cat=p&typeid=i","cat":314999},{"id":18669,"n":"Snacks Tokapi 4 saveurs - 100g","p":0.87,"u":"8,70 €/KG","img":"https://fd5-photos.leclercdrive.fr/image.ashx?id=2884234&use=l&cat=p&typeid=i","cat":284449},{"id":18670,"n":"Tuiles Tokapi Bacon - 170g","p":1.39,"u":"8,18 €/KG","img":"https://fd5-photos.leclercdrive.fr/image.ashx?id=2657205&use=l&cat=p&typeid=i","cat":287899},{"id":18671,"n":"Tuiles Tokapi Paprika - 170g","p":1.35,"u":"7,94 €/KG","img":"https://fd5-photos.leclercdrive.fr/image.ashx?id=2632852&use=l&cat=p&typeid=i","cat":287899},{"id":18723,"n":"Boulettes provençale Férial x12 - 300g","p":4.09,"u":"13,63 €/KG","img":"https://fd5-photos.leclercdrive.fr/image.ashx?id=2816627&use=l&cat=p&typeid=i","cat":284332},{"id":18746,"n":"Pavés de boeuf à l'échalote Férial x2 - 240g","p":4.79,"u":"19,96 €/KG","img":"https://fd5-photos.leclercdrive.fr/image.ashx?id=2854273&use=l&cat=p&typeid=i","cat":284328},{"id":18747,"n":"Pavés de boeuf marinés 3 poivre Férial x2 - 240g","p":4.75,"u":"19,79 €/KG","img":"https://fd5-photos.leclercdrive.fr/image.ashx?id=2854276&use=l&cat=p&typeid=i","cat":284328},{"id":18748,"n":"Pavés de boeuf marinés nature F x2 - 240g","p":4.99,"u":"20,79 €/KG","img":"https://fd5-photos.leclercdrive.fr/image.ashx?id=2854270&use=l&cat=p&typeid=i","cat":284328},{"id":18754,"n":"Boulettes nature Férial x12 - 300g","p":4.09,"u":"13,63 €/KG","img":"https://fd5-photos.leclercdrive.fr/image.ashx?id=2816624&use=l&cat=p&typeid=i","cat":284332},{"id":18968,"n":"Gâteaux mini marbrés P'tit Déli Chocolat x7 - 189g","p":1.59,"u":"8,41 €/KG","img":"https://fd5-photos.leclercdrive.fr/image.ashx?id=1947360&use=l&cat=p&typeid=i","cat":284495},{"id":18983,"n":"Crème glacée Eskiss Noix de coco - 494g","p":2.82,"u":"5,71 €/KG","img":"https://fd5-photos.leclercdrive.fr/image.ashx?id=2982607&use=l&cat=p&typeid=i","cat":284263},{"id":18996,"n":"Confiture Bonne Maman 4 fruits rouges - 370g","p":2.3,"u":"6,22 €/KG","img":"https://fd5-photos.leclercdrive.fr/image.ashx?id=2547474&use=l&cat=p&typeid=i","cat":284480},{"id":19023,"n":"Sirop Frucci Citron - 1L","p":2.04,"u":"2,04 €/L","img":"https://fd5-photos.leclercdrive.fr/image.ashx?id=2955656&use=l&cat=p&typeid=i","cat":295020},{"id":19066,"n":"Vodka Poliakov 37,5%vol - 1L","p":15.87,"u":"15,87 €/L","img":"https://fd5-photos.leclercdrive.fr/image.ashx?id=2576916&use=l&cat=p&typeid=i","cat":284550},{"id":19098,"n":"Cookies gros éclats Granola Chocolat - 184g","p":1.75,"u":"9,51 €/KG","img":"https://fd5-photos.leclercdrive.fr/image.ashx?id=2996413&use=l&cat=p&typeid=i","cat":325066},{"id":19112,"n":"Thé vert Bio Ethiquable Gingembre Citron vert x20 - 36g","p":2.41,"u":"66,94 €/KG","img":"https://fd5-photos.leclercdrive.fr/image.ashx?id=2870842&use=l&cat=p&typeid=i","cat":293233},{"id":19119,"n":"Pains au lait La Boulangère Bio x8 - 280g","p":2.0,"u":"7,14 €/KG","img":"https://fd5-photos.leclercdrive.fr/image.ashx?id=2972460&use=l&cat=p&typeid=i","cat":293505},{"id":19146,"n":"Cappelletti bio Céréal Bio tofu et Chèvre express-220g","p":1.97,"u":"8,95 €/KG","img":"https://fd5-photos.leclercdrive.fr/image.ashx?id=2642372&use=l&cat=p&typeid=i","cat":287600},{"id":19150,"n":"Compotes Andros Délice de rhubarbe - 4x100g","p":2.31,"u":"5,78 €/KG","img":"https://fd5-photos.leclercdrive.fr/image.ashx?id=2845461&use=l&cat=p&typeid=i","cat":284416},{"id":19152,"n":"Huile d'olive Bio Soleou Vierge extra fruttato - 75cl","p":9.78,"u":"13,04 €/L","img":"https://fd5-photos.leclercdrive.fr/image.ashx?id=2732614&use=l&cat=p&typeid=i","cat":284453},{"id":19155,"n":"Farine de blé Bio Francine 1kg","p":1.83,"u":"1,83 €/KG","img":"https://fd5-photos.leclercdrive.fr/image.ashx?id=2989117&use=l&cat=p&typeid=i","cat":284503},{"id":19199,"n":"Pain de mie La Boulangère à la  Farine complète Bio - 500g","p":1.85,"u":"3,70 €/KG","img":"https://fd5-photos.leclercdrive.fr/image.ashx?id=2912386&use=l&cat=p&typeid=i","cat":284477},{"id":19210,"n":"Flageolets Préparés Cassegrain Extra Fins 265g","p":1.67,"u":"6,30 €/KG","img":"https://fd5-photos.leclercdrive.fr/image.ashx?id=2983084&use=l&cat=p&typeid=i","cat":312606},{"id":19211,"n":"Lentilles Préparées Cassegrain Tendres et Fondants 265g","p":1.63,"u":"6,15 €/KG","img":"https://fd5-photos.leclercdrive.fr/image.ashx?id=2952460&use=l&cat=p&typeid=i","cat":312609},{"id":19232,"n":"Printanière Cassegrain Carotte, Petit Pois, Champignon - 265g","p":1.98,"u":"7,47 €/KG","img":"https://fd5-photos.leclercdrive.fr/image.ashx?id=2913001&use=l&cat=p&typeid=i","cat":312612},{"id":19255,"n":"Croquettes chat Purina One Light Adulte -Poulet/Blé -1,5kg","p":7.19,"u":"4,79 €/KG","img":"https://fd5-photos.leclercdrive.fr/image.ashx?id=2432010&use=l&cat=p&typeid=i","cat":284680},{"id":19256,"n":"Croquettes chat Purina One Adulte d'intérieur-Dinde -1,5kg","p":7.23,"u":"4,82 €/KG","img":"https://fd5-photos.leclercdrive.fr/image.ashx?id=2902271&use=l&cat=p&typeid=i","cat":284680},{"id":19262,"n":"Thon Saupiquet Mayonnaise - 2x135g","p":2.19,"u":"8,11 €/KG","img":"https://fd5-photos.leclercdrive.fr/image.ashx?id=2681017&use=l&cat=p&typeid=i","cat":303867},{"id":19263,"n":"Filets de maquereaux Saupiquet A la moutarde - 169g","p":2.03,"u":"12,01 €/KG","img":"https://fd5-photos.leclercdrive.fr/image.ashx?id=2829961&use=l&cat=p&typeid=i","cat":303868},{"id":19284,"n":"Huile pépins de raisin Cauvin 1l","p":7.15,"u":"7,15 €/L","img":"https://fd5-photos.leclercdrive.fr/image.ashx?id=2479234&use=l&cat=p&typeid=i","cat":284453},{"id":19285,"n":"Sauce crudités Rustica Fines herbes - 50cl","p":0.88,"u":"1,76 €/L","img":"https://fd5-photos.leclercdrive.fr/image.ashx?id=1972916&use=l&cat=p&typeid=i","cat":284456},{"id":19291,"n":"Mélange Apérifruits Vico Fruits exotiques - 120g","p":1.78,"u":"14,83 €/KG","img":"https://fd5-photos.leclercdrive.fr/image.ashx?id=2333540&use=l&cat=p&typeid=i","cat":284448},{"id":19293,"n":"Lait céréales bébé Blédiner 12m Carotte pois soir - 2x250ml","p":1.76,"u":"3,52 €/L","img":"https://fd5-photos.leclercdrive.fr/image.ashx?id=2949856&use=l&cat=p&typeid=i","cat":312239},{"id":19297,"n":"Lait céréales bébé Blédiner 6m Potiron soir - 2x250ml","p":1.77,"u":"3,54 €/L","img":"https://fd5-photos.leclercdrive.fr/image.ashx?id=2960141&use=l&cat=p&typeid=i","cat":312239},{"id":19301,"n":"Céréales Tipiak Méditerranéennes 2x200g","p":1.81,"u":"4,53 €/KG","img":"https://fd5-photos.leclercdrive.fr/image.ashx?id=2766253&use=l&cat=p&typeid=i","cat":284429},{"id":19303,"n":"Mini penne Turini 500g","p":0.98,"u":"1,96 €/KG","img":"https://fd5-photos.leclercdrive.fr/image.ashx?id=3015063&use=l&cat=p&typeid=i","cat":284427},{"id":19305,"n":"Pâtes Spaghetti Panzani 3 Minutes - 500G","p":1.18,"u":"2,36 €/KG","img":"https://fd5-photos.leclercdrive.fr/image.ashx?id=3008035&use=l&cat=p&typeid=i","cat":284427},{"id":19308,"n":"Epices pour guacamole Old el paso - 20g","p":1.06,"u":"53,00 €/KG","img":"https://fd5-photos.leclercdrive.fr/image.ashx?id=2858168&use=l&cat=p&typeid=i","cat":288993},{"id":19313,"n":"Tartelettes Bonne Maman A la framboise étui 135g","p":1.35,"u":"10,00 €/KG","img":"https://fd5-photos.leclercdrive.fr/image.ashx?id=2984383&use=l&cat=p&typeid=i","cat":284489},{"id":19353,"n":"Mao Croqui Haribo Sachet bonbons - 250g","p":1.28,"u":"5,12 €/KG","img":"https://fd5-photos.leclercdrive.fr/image.ashx?id=2805192&use=l&cat=p&typeid=i","cat":304250},{"id":19364,"n":"Madeleines extra Ker Cadélac Coquilles moelleuses x24 - 600g","p":2.97,"u":"4,95 €/KG","img":"https://fd5-photos.leclercdrive.fr/image.ashx?id=2939511&use=l&cat=p&typeid=i","cat":284492},{"id":19366,"n":"Barres céréales Grany Chocolat - 125g","p":1.81,"u":"14,48 €/KG","img":"https://fd5-photos.leclercdrive.fr/image.ashx?id=2773613&use=l&cat=p&typeid=i","cat":285869},{"id":19367,"n":"Chocolat au lait Alter Eco  fondant Bio - 100g","p":2.79,"u":"27,90 €/KG","img":"https://fd5-photos.leclercdrive.fr/image.ashx?id=2912353&use=l&cat=p&typeid=i","cat":284497},{"id":19386,"n":"Méli mélo céréales lég Tipiak 330g","p":2.18,"u":"6,61 €/KG","img":"https://fd5-photos.leclercdrive.fr/image.ashx?id=2563715&use=l&cat=p&typeid=i","cat":284429},{"id":19411,"n":"Compote Allégée en sucres Eco+ Coupelle pomme - 4x100g","p":0.55,"u":"1,38 €/KG","img":"https://fd5-photos.leclercdrive.fr/image.ashx?id=1961398&use=l&cat=p&typeid=i","cat":284508},{"id":19416,"n":"Dessert fruitier Andros Pomme allégé 730g","p":1.23,"u":"1,68 €/KG","img":"https://fd5-photos.leclercdrive.fr/image.ashx?id=2369930&use=l&cat=p&typeid=i","cat":284508},{"id":19418,"n":"Pâtes serpentini Turini 500g","p":0.84,"u":"1,68 €/KG","img":"https://fd5-photos.leclercdrive.fr/image.ashx?id=2744231&use=l&cat=p&typeid=i","cat":284427},{"id":19432,"n":"Pains au chocolat Eco+ x10 - 450g","p":1.55,"u":"3,44 €/KG","img":"https://fd5-photos.leclercdrive.fr/image.ashx?id=2927833&use=l&cat=p&typeid=i","cat":296366},{"id":19433,"n":"Pain au lait Eco+ x10 - 400g","p":0.99,"u":"2,48 €/KG","img":"https://fd5-photos.leclercdrive.fr/image.ashx?id=2643578&use=l&cat=p&typeid=i","cat":293505},{"id":19435,"n":"Barres de céréales Special K Kellogg's Chocolat lait - 6x20g","p":2.17,"u":"18,08 €/KG","img":"https://fd5-photos.leclercdrive.fr/image.ashx?id=2306366&use=l&cat=p&typeid=i","cat":285869},{"id":19440,"n":"Flageolets d'aucy  Extra-fins - 530g","p":1.89,"u":"3,57 €/KG","img":"https://fd5-photos.leclercdrive.fr/image.ashx?id=2486152&use=l&cat=p&typeid=i","cat":312606},{"id":19442,"n":"Flageolets d'aucy  Extra-fins - 265g","p":1.27,"u":"4,79 €/KG","img":"https://fd5-photos.leclercdrive.fr/image.ashx?id=2503437&use=l&cat=p&typeid=i","cat":312606},{"id":19463,"n":"Sticks dentaires Lydog Moyen chien - x7 - 180g","p":1.39,"u":"7,72 €/KG","img":"https://fd5-photos.leclercdrive.fr/image.ashx?id=1878598&use=l&cat=p&typeid=i","cat":294527},{"id":19471,"n":"Mélange Le Sélect Vico Graines variées - 100g","p":2.27,"u":"22,70 €/KG","img":"https://fd5-photos.leclercdrive.fr/image.ashx?id=2569839&use=l&cat=p&typeid=i","cat":284448},{"id":19472,"n":"Fruits au sirop Del Monte Ananas en tranches - 350g","p":2.26,"u":"6,46 €/KG","img":"https://fd5-photos.leclercdrive.fr/image.ashx?id=2802326&use=l&cat=p&typeid=i","cat":284507},{"id":19473,"n":"Assiettes rondes Homeside Biodégradables 23cm x25","p":2.99,"img":"https://fd5-photos.leclercdrive.fr/image.ashx?id=1659687&use=l&cat=p&typeid=i","cat":334134},{"id":19487,"n":"Cassoulet Toulousain   Raynal Et Roquelaure - 840g","p":4.26,"u":"5,07 €/KG","img":"https://fd5-photos.leclercdrive.fr/image.ashx?id=2928387&use=l&cat=p&typeid=i","cat":284440},{"id":19505,"n":"Olives vertes Crespo Dénoyautées 160g","p":1.91,"u":"11,94 €/KG","img":"https://fd5-photos.leclercdrive.fr/image.ashx?id=2616895&use=l&cat=p&typeid=i","cat":284458},{"id":19535,"n":"Stick lèvres Inell Nourrissant - 2 pièces","p":1.99,"u":"1,00 €/P","img":"https://fd5-photos.leclercdrive.fr/image.ashx?id=2841622&use=l&cat=p&typeid=i","cat":285485},{"id":19575,"n":"Lait démaquillant Inell Douceur 250ml","p":1.59,"u":"6,36 €/L","img":"https://fd5-photos.leclercdrive.fr/image.ashx?id=2691622&use=l&cat=p&typeid=i","cat":284603},{"id":19601,"n":"Gâteaux marbrés P'tit Déli x14 378g","p":2.97,"u":"7,86 €/KG","img":"https://fd5-photos.leclercdrive.fr/image.ashx?id=1947363&use=l&cat=p&typeid=i","cat":284495},{"id":19609,"n":"Tuiles Tokapi Fromage - 170g","p":1.39,"u":"8,18 €/KG","img":"https://fd5-photos.leclercdrive.fr/image.ashx?id=2647426&use=l&cat=p&typeid=i","cat":287899},{"id":19617,"n":"Soupe Boeuf tomates Régal Soupe Vermicelles - 54g","p":0.99,"u":"18,33 €/KG","img":"https://fd5-photos.leclercdrive.fr/image.ashx?id=2663278&use=l&cat=p&typeid=i","cat":284463},{"id":19699,"n":"Sucre pure canne blond Beghin Say - 1kg","p":2.99,"u":"2,99 €/KG","img":"https://fd5-photos.leclercdrive.fr/image.ashx?id=2977321&use=l&cat=p&typeid=i","cat":284502},{"id":19700,"n":"Sucre spécial confiture Daddy 1kg","p":2.43,"u":"2,43 €/KG","img":"https://fd5-photos.leclercdrive.fr/image.ashx?id=2975858&use=l&cat=p&typeid=i","cat":284502},{"id":19704,"n":"Sardines NRT St-Gilles Label Rouge à l'huile - 115g","p":2.25,"u":"19,57 €/KG","img":"https://fd5-photos.leclercdrive.fr/image.ashx?id=2791090&use=l&cat=p&typeid=i","cat":305146},{"id":19709,"n":"Chili con carne Zapetti 800g","p":4.64,"u":"5,80 €/KG","img":"https://fd5-photos.leclercdrive.fr/image.ashx?id=2545717&use=l&cat=p&typeid=i","cat":325094},{"id":19715,"n":"Tarama oeufs de cabillaud Blini 100g","p":1.42,"u":"14,20 €/KG","img":"https://fd5-photos.leclercdrive.fr/image.ashx?id=2640479&use=l&cat=p&typeid=i","cat":316032},{"id":19723,"n":"Sacs congélation zip Elembal Grand x15","p":1.8,"u":"0,12 €/P","img":"https://fd5-photos.leclercdrive.fr/image.ashx?id=2751889&use=l&cat=p&typeid=i","cat":334134},{"id":19743,"n":"Déodorant atomiseur Carré Homme Musc 200ml","p":1.35,"u":"6,75 €/L","img":"https://fd5-photos.leclercdrive.fr/image.ashx?id=2375998&use=l&cat=p&typeid=i","cat":284618},{"id":19744,"n":"Déodorant atomiseur Carré Homme Marine 200ml","p":1.35,"u":"6,75 €/L","img":"https://fd5-photos.leclercdrive.fr/image.ashx?id=2390707&use=l&cat=p&typeid=i","cat":284618},{"id":19758,"n":"Essuie-tout Bobine Uni Vert Compact - 500 feuilles x1","p":4.5,"img":"https://fd5-photos.leclercdrive.fr/image.ashx?id=2684826&use=l&cat=p&typeid=i","cat":284635},{"id":19788,"n":"Stick lèvres Inell Hydratant - 2 pièces","p":1.5,"u":"0,75 €/P","img":"https://fd5-photos.leclercdrive.fr/image.ashx?id=2776042&use=l&cat=p&typeid=i","cat":285485},{"id":19796,"n":"Papier aluminium Elembal 30m","p":2.76,"img":"https://fd5-photos.leclercdrive.fr/image.ashx?id=2940905&use=l&cat=p&typeid=i","cat":334134},{"id":19798,"n":"Dissolvant doux Inell Sans acétone - 150ml","p":1.42,"u":"9,47 €/L","img":"https://fd5-photos.leclercdrive.fr/image.ashx?id=2691640&use=l&cat=p&typeid=i","cat":325347},{"id":19814,"n":"Piles alcalines Foxter AA/LR6 1,5V - x8","p":1.69,"u":"0,21 €/P","img":"https://fd5-photos.leclercdrive.fr/image.ashx?id=2162174&use=l&cat=p&typeid=i","cat":300572},{"id":19815,"n":"Piles alcalines Foxter AAA/LR3 1,5V - x8","p":1.69,"img":"https://fd5-photos.leclercdrive.fr/image.ashx?id=2162153&use=l&cat=p&typeid=i","cat":300572},{"id":19874,"n":"Clafoutis La Laitière Aux cerises - 4x85g","p":2.53,"u":"7,44 €/KG","img":"https://fd5-photos.leclercdrive.fr/image.ashx?id=2628230&use=l&cat=p&typeid=i","cat":284419},{"id":19877,"n":"Mozzarella Spécial Cuisine Les Croisés - 400g","p":2.94,"u":"7,35 €/KG","img":"https://fd5-photos.leclercdrive.fr/image.ashx?id=2992531&use=l&cat=p&typeid=i","cat":314026},{"id":19879,"n":"Liégois Délisse Framboise - 4x100g","p":1.69,"u":"4,23 €/KG","img":"https://fd5-photos.leclercdrive.fr/image.ashx?id=2694280&use=l&cat=p&typeid=i","cat":285042},{"id":19881,"n":"Dés Salakis herbes de Provence Fromage brebis - 300g","p":3.21,"u":"10,70 €/KG","img":"https://fd5-photos.leclercdrive.fr/image.ashx?id=2729686&use=l&cat=p&typeid=i","cat":314026},{"id":19906,"n":"Yaourts brassés aux fruits Bio Bio village - 12x125g","p":4.49,"u":"2,99 €/KG","img":"https://fd5-photos.leclercdrive.fr/image.ashx?id=2841971&use=l&cat=p&typeid=i","cat":284410},{"id":19909,"n":"Yaourts Lait entier Bio Village Bio Vanille - 12x125g","p":3.27,"u":"2,18 €/KG","img":"https://fd5-photos.leclercdrive.fr/image.ashx?id=2032376&use=l&cat=p&typeid=i","cat":286006},{"id":19913,"n":"Mousse liégeoise Viennois  Chocolat - 4x90g","p":1.56,"u":"4,33 €/KG","img":"https://fd5-photos.leclercdrive.fr/image.ashx?id=2785172&use=l&cat=p&typeid=i","cat":285042},{"id":19918,"n":"Poêlée sarladaise Paysan Breton 750g","p":3.19,"u":"4,25 €/KG","img":"https://fd5-photos.leclercdrive.fr/image.ashx?id=2882391&use=l&cat=p&typeid=i","cat":319823},{"id":19924,"n":"Dessert fruitier pomme Bio Bio village - 4x100g","p":1.73,"u":"4,33 €/KG","img":"https://fd5-photos.leclercdrive.fr/image.ashx?id=2462427&use=l&cat=p&typeid=i","cat":284416},{"id":19941,"n":"Pur jus d'orange Jafaden Avec pulpe - 1L","p":2.45,"u":"2,45 €/L","img":"https://fd5-photos.leclercdrive.fr/image.ashx?id=2916674&use=l&cat=p&typeid=i","cat":285435},{"id":19948,"n":"fromage blanc sous mousse gervita fraise melba - 4x100g","p":1.97,"u":"4,93 €/KG","img":"https://fd5-photos.leclercdrive.fr/image.ashx?id=2103400&use=l&cat=p&typeid=i","cat":284409},{"id":19960,"n":"Purée carottes Notre Jardin Nature 750g","p":2.43,"u":"3,24 €/KG","img":"https://fd5-photos.leclercdrive.fr/image.ashx?id=2856166&use=l&cat=p&typeid=i","cat":319805},{"id":19991,"n":"Fromage frais Délisse Fruits panachés - 6x100g","p":2.56,"u":"4,27 €/KG","img":"https://fd5-photos.leclercdrive.fr/image.ashx?id=2913669&use=l&cat=p&typeid=i","cat":284414},{"id":20008,"n":"Compote Andros Pomme nature - 12x100g","p":2.97,"u":"2,48 €/KG","img":"https://fd5-photos.leclercdrive.fr/image.ashx?id=2989114&use=l&cat=p&typeid=i","cat":284416},{"id":20010,"n":"Yaourts lait entier nature Bio  Bio village - 12x125g","p":2.46,"u":"1,64 €/KG","img":"https://fd5-photos.leclercdrive.fr/image.ashx?id=2102992&use=l&cat=p&typeid=i","cat":284409},{"id":20013,"n":"Compote Charles & Alice Pommes Abricots - 4x100g","p":1.38,"u":"3,45 €/KG","img":"https://fd5-photos.leclercdrive.fr/image.ashx?id=2757350&use=l&cat=p&typeid=i","cat":284416},{"id":20031,"n":"Sauce Hannibal Colona 500ml","p":2.43,"u":"4,86 €/L","img":"https://fd5-photos.leclercdrive.fr/image.ashx?id=2687179&use=l&cat=p&typeid=i","cat":318431},{"id":20032,"n":"Whisky Jack Daniel's Old N°7 1L","p":28.5,"pp":25.65,"u":"25,65 €/L","img":"https://fd5-photos.leclercdrive.fr/image.ashx?id=2805189&use=l&cat=p&typeid=i","cat":284547},{"id":20033,"n":"Bière brune Leffe 6,5% - 75cl","p":3.07,"u":"4,09 €/L","img":"https://fd5-photos.leclercdrive.fr/image.ashx?id=2457482&use=l&cat=p&typeid=i","cat":334852},{"id":20042,"n":"Bière blonde Leffe Rituel 9% - 75cl","p":3.05,"u":"4,07 €/L","img":"https://fd5-photos.leclercdrive.fr/image.ashx?id=1890052&use=l&cat=p&typeid=i","cat":334852},{"id":20044,"n":"Bière Leffe Ruby 5% - 75cl","p":2.98,"u":"3,97 €/L","img":"https://fd5-photos.leclercdrive.fr/image.ashx?id=1589629&use=l&cat=p&typeid=i","cat":334878},{"id":20050,"n":"Bière belge Duvel 8,5%vol. - 33cl","p":1.77,"u":"5,36 €/L","img":"https://fd5-photos.leclercdrive.fr/image.ashx?id=2389304&use=l&cat=p&typeid=i","cat":334872},{"id":20054,"n":"Gaufre Rita fourrée vergeoise 3x150g","p":2.69,"u":"5,98 €/KG","img":"https://fd5-photos.leclercdrive.fr/image.ashx?id=2178331&use=l&cat=p&typeid=i","cat":284487},{"id":20060,"n":"Biscuits Gouda Delacre Canasta  Fourrés fromage - 75g","p":1.83,"u":"24,40 €/KG","img":"https://fd5-photos.leclercdrive.fr/image.ashx?id=2661841&use=l&cat=p&typeid=i","cat":297000},{"id":20081,"n":"Eau minérale naturelle St Amand Bouchon sport - 12x33cl","p":2.84,"u":"0,72 €/L","img":"https://fd5-photos.leclercdrive.fr/image.ashx?id=2877763&use=l&cat=p&typeid=i","cat":284535},{"id":20085,"n":"Bière bleue Chimay Brune - 9%vol. - 33cl","p":1.8,"u":"5,45 €/L","img":"https://fd5-photos.leclercdrive.fr/image.ashx?id=1758849&use=l&cat=p&typeid=i","cat":334872},{"id":20109,"n":"Whisky Bourbon John Davon's 40%vol. - 70cl","p":13.15,"u":"18,79 €/L","img":"https://fd5-photos.leclercdrive.fr/image.ashx?id=2907177&use=l&cat=p&typeid=i","cat":284547},{"id":20110,"n":"Jus d'orange Jafaden A base de concentré  - 6x1L","p":10.56,"u":"1,76 €/L","img":"https://fd5-photos.leclercdrive.fr/image.ashx?id=2842486&use=l&cat=p&typeid=i","cat":284521},{"id":20138,"n":"Chips Pom'Lisse Nature - 200g","p":1.19,"u":"5,95 €/KG","img":"https://fd5-photos.leclercdrive.fr/image.ashx?id=2710783&use=l&cat=p&typeid=i","cat":284447},{"id":20146,"n":"Brique de brebis Les Croisés 150g","p":2.45,"u":"16,33 €/KG","img":"https://fd5-photos.leclercdrive.fr/image.ashx?id=3014359&use=l&cat=p&typeid=i","cat":314031},{"id":20154,"n":"Pâtes Barilla Macaroni - 1kg","p":1.77,"u":"1,77 €/KG","img":"https://fd5-photos.leclercdrive.fr/image.ashx?id=2602317&use=l&cat=p&typeid=i","cat":284427},{"id":20172,"n":"Petits pots bébé P'TIT SOUPER Aubergine pâtes 8M+ - 2x200g","p":1.97,"u":"4,93 €/KG","img":"https://fd5-photos.leclercdrive.fr/image.ashx?id=2526511&use=l&cat=p&typeid=i","cat":312239},{"id":20180,"n":"Crème Fraîche Elle&Vire Epaisse Légère - 12% MG - 33cl","p":1.59,"u":"4,82 €/L","img":"https://fd5-photos.leclercdrive.fr/image.ashx?id=2871949&use=l&cat=p&typeid=i","cat":284381},{"id":20183,"n":"Emmental français Entremont 45%mg - 250g","p":2.71,"u":"10,84 €/KG","img":"https://fd5-photos.leclercdrive.fr/image.ashx?id=2983138&use=l&cat=p&typeid=i","cat":314034},{"id":20213,"n":"Camembert Cœur de Lion  8 portions - 240g","p":2.62,"u":"10,92 €/KG","img":"https://fd5-photos.leclercdrive.fr/image.ashx?id=2767962&use=l&cat=p&typeid=i","cat":314033},{"id":20218,"n":"Mozzarella vache Casa Azzurra Boule - 125g","p":1.03,"u":"8,24 €/KG","img":"https://fd5-photos.leclercdrive.fr/image.ashx?id=2904302&use=l&cat=p&typeid=i","cat":314026},{"id":20220,"n":"Flan Délisse Chocolat - 12x100g","p":3.45,"u":"2,88 €/KG","img":"https://fd5-photos.leclercdrive.fr/image.ashx?id=2989932&use=l&cat=p&typeid=i","cat":284420},{"id":20222,"n":"Ricotta Casa Azzurra 250g","p":1.57,"u":"6,28 €/KG","img":"https://fd5-photos.leclercdrive.fr/image.ashx?id=1849630&use=l&cat=p&typeid=i","cat":314026},{"id":20267,"n":"Compote bio Bio Village Coupelle pomme poire - 4x100g","p":2.29,"u":"5,73 €/KG","img":"https://fd5-photos.leclercdrive.fr/image.ashx?id=2442710&use=l&cat=p&typeid=i","cat":284508},{"id":20288,"n":"Soufflés Snack's Tokapi Cacahuète - 55g","p":0.39,"u":"7,09 €/KG","img":"https://fd5-photos.leclercdrive.fr/image.ashx?id=2844517&use=l&cat=p&typeid=i","cat":284449},{"id":20299,"n":"AOC Saint Mont rouge  Marquis de Seillan - 75cl","p":4.99,"pp":3.29,"u":"4,39 €/L","img":"https://fd5-photos.leclercdrive.fr/image.ashx?id=2753982&use=l&cat=p&typeid=i","cat":289556},{"id":20306,"n":"Rillettes crabe Ronde des Mers 150g","p":1.99,"u":"13,27 €/KG","img":"https://fd5-photos.leclercdrive.fr/image.ashx?id=2981876&use=l&cat=p&typeid=i","cat":285191},{"id":20309,"n":"Jambon supérieur Tradilège -25% de sel - Découenné x4-160g","p":1.95,"u":"12,19 €/KG","img":"https://fd5-photos.leclercdrive.fr/image.ashx?id=2991518&use=l&cat=p&typeid=i","cat":316009},{"id":20353,"n":"chocolat alter eco noir  ecorces d'orange bio - 100g","p":2.64,"u":"26,40 €/KG","img":"https://fd5-photos.leclercdrive.fr/image.ashx?id=2906532&use=l&cat=p&typeid=i","cat":284956},{"id":20382,"n":"Saucisse Fuet Original Tournebon - 170g","p":3.44,"u":"20,24 €/KG","img":"https://fd5-photos.leclercdrive.fr/image.ashx?id=2166145&use=l&cat=p&typeid=i","cat":316006},{"id":20397,"n":"Tagliatelles Weight Watchers Poulet champignons 300g","p":3.03,"u":"10,10 €/KG","img":"https://fd5-photos.leclercdrive.fr/image.ashx?id=2960759&use=l&cat=p&typeid=i","cat":333665},{"id":20413,"n":"Petites gambas fettucine Marie Au pesto tomates confites 280g","p":3.03,"u":"10,82 €/KG","img":"https://fd5-photos.leclercdrive.fr/image.ashx?id=2921537&use=l&cat=p&typeid=i","cat":333665},{"id":20414,"n":"Essuie-tout blanc Mimosa Super absorbant - x2","p":2.75,"u":"1,38 €/P","img":"https://fd5-photos.leclercdrive.fr/image.ashx?id=2727371&use=l&cat=p&typeid=i","cat":284635},{"id":20447,"n":"Chips Pom'lisse Nature - 350g","p":1.89,"u":"5,40 €/KG","img":"https://fd5-photos.leclercdrive.fr/image.ashx?id=2710786&use=l&cat=p&typeid=i","cat":284447},{"id":20452,"n":"Paëlla Valenciana Fleury Michon 400g","p":3.32,"u":"8,30 €/KG","img":"https://fd5-photos.leclercdrive.fr/image.ashx?id=2656739&use=l&cat=p&typeid=i","cat":333665},{"id":20455,"n":"Taboulé à la menthe Bonduelle 300g","p":1.3,"u":"4,33 €/KG","img":"https://fd5-photos.leclercdrive.fr/image.ashx?id=2907893&use=l&cat=p&typeid=i","cat":333657},{"id":20468,"n":"Blanc de poulet Fleury Michon -25% de sel - x2 - 80g","p":1.4,"u":"17,50 €/KG","img":"https://fd5-photos.leclercdrive.fr/image.ashx?id=2885971&use=l&cat=p&typeid=i","cat":316010},{"id":20484,"n":"AOP Cabernet d'Anjou rosé Plessis-Duval - 75cl","p":4.5,"u":"6,00 €/L","img":"https://fd5-photos.leclercdrive.fr/image.ashx?id=2941035&use=l&cat=p&typeid=i","cat":289558},{"id":20488,"n":"Crème de cassis de Dijon Guyot 15%vol. - 70cl","p":5.95,"u":"8,50 €/L","img":"https://fd5-photos.leclercdrive.fr/image.ashx?id=1727598&use=l&cat=p&typeid=i","cat":286032},{"id":20495,"n":"Boisson Jafaden Cranberry Light - 1L","p":1.59,"u":"1,59 €/L","img":"https://fd5-photos.leclercdrive.fr/image.ashx?id=2584014&use=l&cat=p&typeid=i","cat":284915},{"id":20501,"n":"Yaourts aux fruits Délisse Fruits Jaunes - 8x125g","p":2.29,"u":"2,29 €/KG","img":"https://fd5-photos.leclercdrive.fr/image.ashx?id=2533319&use=l&cat=p&typeid=i","cat":284410},{"id":20627,"n":"Chipolatas Férial x12 - 660g","p":7.09,"u":"10,74 €/KG","img":"https://fd5-photos.leclercdrive.fr/image.ashx?id=2837099&use=l&cat=p&typeid=i","cat":284334},{"id":20628,"n":"Merguez Férial x12 - 660g","p":8.29,"u":"12,56 €/KG","img":"https://fd5-photos.leclercdrive.fr/image.ashx?id=2852285&use=l&cat=p&typeid=i","cat":284334},{"id":20634,"n":"Lait céréales Blédidej 6 mois Vanille - 4x250ml","p":3.24,"u":"3,24 €/L","img":"https://fd5-photos.leclercdrive.fr/image.ashx?id=2921046&use=l&cat=p&typeid=i","cat":312226},{"id":20635,"n":"Litière agglomérante Catsan  Pour chat - 5L","p":6.08,"u":"1,22 €/L","img":"https://fd5-photos.leclercdrive.fr/image.ashx?id=2681925&use=l&cat=p&typeid=i","cat":284683},{"id":20684,"n":"Cordon bleu de poulet Eco+ 800g","p":3.9,"u":"4,88 €/KG","img":"https://fd5-photos.leclercdrive.fr/image.ashx?id=2779871&use=l&cat=p&typeid=i","cat":319780},{"id":20688,"n":"Tagliatelles carbonara Marie 330g","p":2.97,"u":"9,00 €/KG","img":"https://fd5-photos.leclercdrive.fr/image.ashx?id=2980920&use=l&cat=p&typeid=i","cat":333665},{"id":20692,"n":"Filet de saumon Fleury Michon purée de brocolis - 300g","p":3.57,"u":"11,90 €/KG","img":"https://fd5-photos.leclercdrive.fr/image.ashx?id=3003278&use=l&cat=p&typeid=i","cat":333665},{"id":20697,"n":"Sandwich Suédois Sodebo Jambon Cheddar 135g","p":1.52,"u":"11,26 €/KG","img":"https://fd5-photos.leclercdrive.fr/image.ashx?id=2912095&use=l&cat=p&typeid=i","cat":333658},{"id":20700,"n":"Macaroni sauce tomate Marie Boulettes de viande 280g","p":2.66,"u":"9,50 €/KG","img":"https://fd5-photos.leclercdrive.fr/image.ashx?id=2980968&use=l&cat=p&typeid=i","cat":333665},{"id":20715,"n":"Betterave rouge Bio  Bio Village - 500g","p":1.25,"u":"2,50 €/KG","img":"https://fd5-photos.leclercdrive.fr/image.ashx?id=2888428&use=l&cat=p&typeid=i","cat":284352},{"id":20717,"n":"Sirop Frucci Cassis - 1L","p":3.11,"u":"3,11 €/L","img":"https://fd5-photos.leclercdrive.fr/image.ashx?id=2954079&use=l&cat=p&typeid=i","cat":295020},{"id":20718,"n":"Sirop Frucci Orgeat - 1L","p":4.18,"u":"4,18 €/L","img":"https://fd5-photos.leclercdrive.fr/image.ashx?id=2954085&use=l&cat=p&typeid=i","cat":295020},{"id":20721,"n":"Epinards Bonduelle Feuilles préservées - 750g","p":1.83,"u":"2,44 €/KG","img":"https://fd5-photos.leclercdrive.fr/image.ashx?id=2910028&use=l&cat=p&typeid=i","cat":319805},{"id":20753,"n":"Mouchoirs The Original Kleenex® Etuis mini x24","p":2.95,"u":"0,12 €/P","img":"https://fd5-photos.leclercdrive.fr/image.ashx?id=2840301&use=l&cat=p&typeid=i","cat":284638},{"id":20775,"n":"Carottes râpées Menu Fraîcheur  1kg","p":1.98,"u":"1,98 €/KG","img":"https://fd5-photos.leclercdrive.fr/image.ashx?id=2850814&use=l&cat=p&typeid=i","cat":333657},{"id":20811,"n":"Couronne de crevettes Delpierre ASC Sauce cocktail - 130g","p":5.37,"u":"41,31 €/KG","img":"https://fd5-photos.leclercdrive.fr/image.ashx?id=2958851&use=l&cat=p&typeid=i","cat":327284},{"id":20834,"n":"AOP Saumur Champigny rouge Charles de Villeneuve - 75cl","p":5.95,"pp":4.46,"u":"5,95 €/L","img":"https://fd5-photos.leclercdrive.fr/image.ashx?id=2859275&use=l&cat=p&typeid=i","cat":289556},{"id":20858,"n":"Saucisses de Toulouse Férial x4 - 500g","p":4.16,"u":"8,32 €/KG","img":"https://fd5-photos.leclercdrive.fr/image.ashx?id=2590538&use=l&cat=p&typeid=i","cat":284334},{"id":20863,"n":"Allumettes de bacon Herta Fumées 200g","p":2.01,"u":"10,05 €/KG","img":"https://fd5-photos.leclercdrive.fr/image.ashx?id=2876242&use=l&cat=p&typeid=i","cat":316011},{"id":20874,"n":"Déjeunettes 500g","p":1.6,"u":"3,20 €/KG","img":"https://fd5-photos.leclercdrive.fr/image.ashx?id=2062948&use=l&cat=p&typeid=i","cat":284359},{"id":20882,"n":"Colin pané Alaska Cité Marine MSC - 200g","p":2.5,"u":"12,50 €/KG","img":"https://fd5-photos.leclercdrive.fr/image.ashx?id=2844142&use=l&cat=p&typeid=i","cat":284344},{"id":20987,"n":"Liqueur Litchi Soho 15%vol. - 70cl","p":8.25,"pp":6.25,"u":"8,93 €/L","img":"https://fd5-photos.leclercdrive.fr/image.ashx?id=2971927&use=l&cat=p&typeid=i","cat":286032},{"id":21027,"n":"Sauce bolognaise Turini 190g","p":0.85,"u":"4,47 €/KG","img":"https://fd5-photos.leclercdrive.fr/image.ashx?id=2634869&use=l&cat=p&typeid=i","cat":287599},{"id":21040,"n":"Whisky Monkey Shoulder 40%vol - 70cl","p":24.8,"u":"35,43 €/L","img":"https://fd5-photos.leclercdrive.fr/image.ashx?id=2917528&use=l&cat=p&typeid=i","cat":284547},{"id":21077,"n":"Bière blonde La Goudale 7.2%vol. - 6x25cl","p":4.23,"u":"2,82 €/L","img":"https://fd5-photos.leclercdrive.fr/image.ashx?id=2789865&use=l&cat=p&typeid=i","cat":334852},{"id":21081,"n":"Bière blonde Rince Cochon 50cl","p":1.8,"u":"3,60 €/L","img":"https://fd5-photos.leclercdrive.fr/image.ashx?id=2021232&use=l&cat=p&typeid=i","cat":334853},{"id":21083,"n":"Bière blanche de Namur 4.5%vol - 75cl","p":3.49,"u":"4,65 €/L","img":"https://fd5-photos.leclercdrive.fr/image.ashx?id=2433467&use=l&cat=p&typeid=i","cat":334878},{"id":21115,"n":"Lambrusco Rosato Vilaveroni 75cl","p":4.14,"u":"5,52 €/L","img":"https://fd5-photos.leclercdrive.fr/image.ashx?id=2333030&use=l&cat=p&typeid=i","cat":289558},{"id":21222,"n":"Déodorant Bille Homme Nivea Men Dry Impact 72H - 50ml","p":1.53,"u":"30,60 €/L","img":"https://fd5-photos.leclercdrive.fr/image.ashx?id=2865995&use=l&cat=p&typeid=i","cat":284618},{"id":21223,"n":"Déodorant Bille Homme Nivea Men Cool Kick 48H - 50ml","p":2.12,"u":"42,40 €/L","img":"https://fd5-photos.leclercdrive.fr/image.ashx?id=2945727&use=l&cat=p&typeid=i","cat":284618},{"id":21232,"n":"Rasoir jetable Wilkinson Xtrème 3 Sensitive - x12","p":15.13,"u":"1,26 €/P","img":"https://fd5-photos.leclercdrive.fr/image.ashx?id=2466694&use=l&cat=p&typeid=i","cat":284616},{"id":21241,"n":"Spirales Insectivor Anti-moustiques - x10","p":1.73,"u":"0,17 €/P","img":"https://fd5-photos.leclercdrive.fr/image.ashx?id=2675682&use=l&cat=p&typeid=i","cat":298368},{"id":21244,"n":"Pièges anti-fourmis Insectivor x2","p":3.34,"u":"1,67 €/P","img":"https://fd5-photos.leclercdrive.fr/image.ashx?id=2302725&use=l&cat=p&typeid=i","cat":298368},{"id":21246,"n":"Pièges Insectivor Anti-mites alimentaires - x2","p":2.76,"u":"1,38 €/P","img":"https://fd5-photos.leclercdrive.fr/image.ashx?id=1962780&use=l&cat=p&typeid=i","cat":298368},{"id":21262,"n":"Papier toilette Lotus blanc Ultra doux - x6","p":3.19,"u":"0,53 €/P","img":"https://fd5-photos.leclercdrive.fr/image.ashx?id=2576907&use=l&cat=p&typeid=i","cat":284634},{"id":21287,"n":"Délice de poulet et dinde Isla Délice Halal  - 160g","p":2.89,"u":"18,06 €/KG","img":"https://fd5-photos.leclercdrive.fr/image.ashx?id=2833687&use=l&cat=p&typeid=i","cat":316013},{"id":21480,"n":"Moules farcies Ronde des Mers MSC - x24 - 250g","p":7.85,"u":"31,40 €/KG","img":"https://fd5-photos.leclercdrive.fr/image.ashx?id=2627637&use=l&cat=p&typeid=i","cat":319787},{"id":21490,"n":"Vin mousseux Charles Volner Rosé 12%vol. 75cl","p":4.29,"u":"5,72 €/L","img":"https://fd5-photos.leclercdrive.fr/image.ashx?id=1592043&use=l&cat=p&typeid=i","cat":284544},{"id":21494,"n":"AOC Côtes de Provence Valestrel rosé - BIB 3L","p":22.47,"u":"7,49 €/L","img":"https://fd5-photos.leclercdrive.fr/image.ashx?id=2997763&use=l&cat=p&typeid=i","cat":289560},{"id":21521,"n":"Galettes Kauffer's Pomme de terre - 10x67g","p":3.47,"u":"5,18 €/KG","img":"https://fd5-photos.leclercdrive.fr/image.ashx?id=1988337&use=l&cat=p&typeid=i","cat":319792},{"id":21523,"n":"Baguettes Alsacienne Kauffer's Lardons oignons - 3x115g","p":5.09,"u":"14,75 €/KG","img":"https://fd5-photos.leclercdrive.fr/image.ashx?id=1563268&use=l&cat=p&typeid=i","cat":319822},{"id":21572,"n":"Baguette La Boulangère Viennoise fendue 340g","p":1.32,"u":"3,88 €/KG","img":"https://fd5-photos.leclercdrive.fr/image.ashx?id=2912392&use=l&cat=p&typeid=i","cat":284985},{"id":21573,"n":"Bonbons LUTTI Arlequin Original 250g","p":1.42,"u":"5,68 €/KG","img":"https://fd5-photos.leclercdrive.fr/image.ashx?id=2817422&use=l&cat=p&typeid=i","cat":304252},{"id":21574,"n":"Bonbons Lutti Menthise Fondant aux 2 menthes 250g","p":1.91,"u":"7,64 €/KG","img":"https://fd5-photos.leclercdrive.fr/image.ashx?id=2962167&use=l&cat=p&typeid=i","cat":304252},{"id":21584,"n":"Olives noires Crespo Dénoyautées - 170g","p":1.27,"u":"7,47 €/KG","img":"https://fd5-photos.leclercdrive.fr/image.ashx?id=2616892&use=l&cat=p&typeid=i","cat":284458},{"id":21588,"n":"Semoule Floraline 500g","p":1.96,"u":"3,92 €/KG","img":"https://fd5-photos.leclercdrive.fr/image.ashx?id=2968187&use=l&cat=p&typeid=i","cat":284429},{"id":21609,"n":"Cornichons Extra-Fins MAILLE 220g","p":2.14,"u":"9,73 €/KG","img":"https://fd5-photos.leclercdrive.fr/image.ashx?id=2945823&use=l&cat=p&typeid=i","cat":284458},{"id":21610,"n":"Lotion fraîcheur Inell Tonique - 250ml","p":1.53,"u":"6,12 €/L","img":"https://fd5-photos.leclercdrive.fr/image.ashx?id=2694172&use=l&cat=p&typeid=i","cat":284603},{"id":21611,"n":"Lotion douceur Inell Tonique - 250ml","p":1.52,"u":"6,08 €/L","img":"https://fd5-photos.leclercdrive.fr/image.ashx?id=2707561&use=l&cat=p&typeid=i","cat":284603},{"id":21652,"n":"Biscuits P'tit Déli Galettes Suédoise chocolat 150g","p":2.38,"u":"15,87 €/KG","img":"https://fd5-photos.leclercdrive.fr/image.ashx?id=2968982&use=l&cat=p&typeid=i","cat":284490},{"id":21655,"n":"Boîtes chiens Lydog Mitonnées Agneau poulet veau - 3x410g","p":3.9,"u":"3,17 €/KG","img":"https://fd5-photos.leclercdrive.fr/image.ashx?id=2710488&use=l&cat=p&typeid=i","cat":288578},{"id":21656,"n":"Boîte chiens Lydog Bouchées Boeuf carottes - 1,25kg","p":2.65,"u":"2,12 €/KG","img":"https://fd5-photos.leclercdrive.fr/image.ashx?id=2710491&use=l&cat=p&typeid=i","cat":288578},{"id":21662,"n":"Boîte chiens Lydog Bouchées Poulet légumes - 1,2kg","p":1.98,"u":"1,65 €/KG","img":"https://fd5-photos.leclercdrive.fr/image.ashx?id=2548100&use=l&cat=p&typeid=i","cat":288578},{"id":21663,"n":"Bouchées au poulet foie et  aux carottes Lydog - 1.23kg","p":2.39,"u":"1,94 €/KG","img":"https://fd5-photos.leclercdrive.fr/image.ashx?id=2691225&use=l&cat=p&typeid=i","cat":288578},{"id":21676,"n":"Bûche de chèvre Ste Maure Sélection Soignon - 200g","p":2.78,"u":"13,90 €/KG","img":"https://fd5-photos.leclercdrive.fr/image.ashx?id=2799925&use=l&cat=p&typeid=i","cat":314031},{"id":21678,"n":"AOP Munster Ermitage 50%mg - 200g","p":2.87,"u":"14,35 €/KG","img":"https://fd5-photos.leclercdrive.fr/image.ashx?id=2311279&use=l&cat=p&typeid=i","cat":329558},{"id":21685,"n":"Nuggets de poulet Côté Croc x20 - 400g","p":3.0,"u":"7,50 €/KG","img":"https://fd5-photos.leclercdrive.fr/image.ashx?id=2837045&use=l&cat=p&typeid=i","cat":333684},{"id":21686,"n":"Saucisson sec Saint Azay Spécialité 200g","p":2.99,"u":"14,95 €/KG","img":"https://fd5-photos.leclercdrive.fr/image.ashx?id=2472053&use=l&cat=p&typeid=i","cat":316006},{"id":21687,"n":"Fromage Cheddar Burger Les Croisés 10 Tranches - 200g","p":1.25,"u":"6,25 €/KG","img":"https://fd5-photos.leclercdrive.fr/image.ashx?id=2946835&use=l&cat=p&typeid=i","cat":314028},{"id":21688,"n":"Fromage Emmental Croque Les Croisés 10 Tranches - 200g","p":1.19,"u":"5,95 €/KG","img":"https://fd5-photos.leclercdrive.fr/image.ashx?id=2893316&use=l&cat=p&typeid=i","cat":314028},{"id":21693,"n":"Picodon NRT AOP  Fromage de chèvre - 2x60g","p":3.56,"u":"29,67 €/KG","img":"https://fd5-photos.leclercdrive.fr/image.ashx?id=2590931&use=l&cat=p&typeid=i","cat":314031},{"id":21697,"n":"Fromage Raclette Savoie NRT  IGP - 400g","p":6.05,"u":"15,13 €/KG","img":"https://fd5-photos.leclercdrive.fr/image.ashx?id=1937939&use=l&cat=p&typeid=i","cat":314037},{"id":21699,"n":"Crème fraîche Eco  Epaisse - 30% MG - 50cl","p":1.89,"u":"3,78 €/L","img":"https://fd5-photos.leclercdrive.fr/image.ashx?id=2981445&use=l&cat=p&typeid=i","cat":284381},{"id":21701,"n":"Glace Eco+ Vanille - 500g","p":1.25,"u":"2,50 €/KG","img":"https://fd5-photos.leclercdrive.fr/image.ashx?id=2711580&use=l&cat=p&typeid=i","cat":284263},{"id":21703,"n":"Fromage frais Eco+ Nature 20%MG - 1kg","p":1.79,"u":"1,79 €/KG","img":"https://fd5-photos.leclercdrive.fr/image.ashx?id=2699919&use=l&cat=p&typeid=i","cat":284409},{"id":21876,"n":"Haché moelleux Férial A la bolognaise - 500g","p":6.09,"u":"12,18 €/KG","img":"https://fd5-photos.leclercdrive.fr/image.ashx?id=2904019&use=l&cat=p&typeid=i","cat":284332},{"id":22033,"n":"Gin Brighton's London Dry 37.5%vol - 70cl","p":9.99,"u":"14,27 €/L","img":"https://fd5-photos.leclercdrive.fr/image.ashx?id=2907183&use=l&cat=p&typeid=i","cat":284550},{"id":22040,"n":"Mini bûches glacées Eskiss Assortiment chocolat x6 - 310g","p":2.29,"u":"7,39 €/KG","img":"https://fd5-photos.leclercdrive.fr/image.ashx?id=2790955&use=l&cat=p&typeid=i","cat":284266},{"id":22065,"n":"Filets de maquereaux Saupiquet A la moutarde - 3x169g","p":5.99,"u":"11,81 €/KG","img":"https://fd5-photos.leclercdrive.fr/image.ashx?id=2826972&use=l&cat=p&typeid=i","cat":303868},{"id":22066,"n":"Filets de maquereaux Saupiquet Tomate basilic - 3x169g","p":5.99,"u":"11,81 €/KG","img":"https://fd5-photos.leclercdrive.fr/image.ashx?id=2826975&use=l&cat=p&typeid=i","cat":303868},{"id":22087,"n":"Sucettes Chupa Chups Mini Assortiment x30 180g","p":1.79,"u":"9,94 €/KG","img":"https://fd5-photos.leclercdrive.fr/image.ashx?id=2647606&use=l&cat=p&typeid=i","cat":304250},{"id":22112,"n":"Vodka Sobieski 37.5%vol - 70cl","p":10.31,"u":"14,73 €/L","img":"https://fd5-photos.leclercdrive.fr/image.ashx?id=2948474&use=l&cat=p&typeid=i","cat":284550},{"id":22115,"n":"Cidre brut Les Goelleries Bretagne 4.5%vol. - 1,5L","p":1.87,"u":"1,25 €/L","img":"https://fd5-photos.leclercdrive.fr/image.ashx?id=2842277&use=l&cat=p&typeid=i","cat":334880},{"id":22116,"n":"Pain de mie complet Epi d'Or Grandes tranches - 550g","p":1.22,"u":"2,22 €/KG","img":"https://fd5-photos.leclercdrive.fr/image.ashx?id=2861292&use=l&cat=p&typeid=i","cat":284477},{"id":22117,"n":"Pain de mie complet Epi d'Or Grandes tranches - 825g","p":1.78,"u":"2,16 €/KG","img":"https://fd5-photos.leclercdrive.fr/image.ashx?id=2860736&use=l&cat=p&typeid=i","cat":284477},{"id":22140,"n":"Crème anglaise Délisse 3x20cl","p":2.65,"u":"4,42 €/L","img":"https://fd5-photos.leclercdrive.fr/image.ashx?id=3002590&use=l&cat=p&typeid=i","cat":284382},{"id":22190,"n":"Lingettes Demak'up px mixtes Normales démaquillantes 3x25","p":5.71,"u":"0,08 €/P","img":"https://fd5-photos.leclercdrive.fr/image.ashx?id=2744686&use=l&cat=p&typeid=i","cat":284603},{"id":22208,"n":"Lait écrémé Bio Bio Village UHT - Bouteille : 6x1L","p":6.6,"u":"1,10 €/L","img":"https://fd5-photos.leclercdrive.fr/image.ashx?id=2970018&use=l&cat=p&typeid=i","cat":284949},{"id":22212,"n":"Vin de l'Union Européenne rouge Vieux Papes - BIB 5L","p":12.08,"u":"2,42 €/L","img":"https://fd5-photos.leclercdrive.fr/image.ashx?id=2136139&use=l&cat=p&typeid=i","cat":289556},{"id":22229,"n":"Terrines chats Tous mes ami Foie volaille - 800g","p":2.01,"u":"2,51 €/KG","img":"https://fd5-photos.leclercdrive.fr/image.ashx?id=2869793&use=l&cat=p&typeid=i","cat":285601},{"id":22249,"n":"Sandwich Baguette Mega Viennois  Sodebo Thon Oeuf - 270g","p":1.7,"u":"6,30 €/KG","img":"https://fd5-photos.leclercdrive.fr/image.ashx?id=2694596&use=l&cat=p&typeid=i","cat":333658},{"id":22373,"n":"Carré pour la vaisselle Mamison x5","p":1.35,"img":"https://fd5-photos.leclercdrive.fr/image.ashx?id=2622010&use=l&cat=p&typeid=i","cat":284667},{"id":22374,"n":"Chiffons secs Clair Dépouissiérants x20","p":1.97,"img":"https://fd5-photos.leclercdrive.fr/image.ashx?id=2819926&use=l&cat=p&typeid=i","cat":325364},{"id":22388,"n":"IGP Ile de Beauté vin rosé Terres Ocrées 11.5%vol - BIB 3L","p":12.99,"u":"4,33 €/L","img":"https://fd5-photos.leclercdrive.fr/image.ashx?id=2863036&use=l&cat=p&typeid=i","cat":289560},{"id":22390,"n":"AOC Côtes du Rhône vin rouge Grégoire XI - BIB 10L","p":29.99,"u":"3,00 €/L","img":"https://fd5-photos.leclercdrive.fr/image.ashx?id=2723359&use=l&cat=p&typeid=i","cat":289560},{"id":22477,"n":"Pignons de pin Couleurs Vives 125g","p":5.99,"u":"47,92 €/KG","img":"https://fd5-photos.leclercdrive.fr/image.ashx?id=2617201&use=l&cat=p&typeid=i","cat":284357},{"id":22487,"n":"IGP Pays d'Oc rosé Roche Mazet Grenache Cinsault - BIB 3L","p":10.26,"u":"3,42 €/L","img":"https://fd5-photos.leclercdrive.fr/image.ashx?id=2597118&use=l&cat=p&typeid=i","cat":289560},{"id":22488,"n":"IGP Pays d'Oc rouge Roche Mazet Cabernet Sauvignon 12.5% BIB 3L","p":10.5,"u":"3,50 €/L","img":"https://fd5-photos.leclercdrive.fr/image.ashx?id=2597121&use=l&cat=p&typeid=i","cat":289560},{"id":22489,"n":"IGP Pays d'oc blancRoche Mazet Sauvignon - BIB 3L","p":10.6,"u":"3,53 €/L","img":"https://fd5-photos.leclercdrive.fr/image.ashx?id=2597124&use=l&cat=p&typeid=i","cat":289557},{"id":22506,"n":"Yaourts aromatisés Délisse 4 saveurs - 8x125g","p":2.79,"u":"2,79 €/KG","img":"https://fd5-photos.leclercdrive.fr/image.ashx?id=2134527&use=l&cat=p&typeid=i","cat":286006},{"id":22515,"n":"Boisson énergisante X-tense Canette - 6x25cl","p":2.34,"u":"1,56 €/L","img":"https://fd5-photos.leclercdrive.fr/image.ashx?id=2956062&use=l&cat=p&typeid=i","cat":284533},{"id":22517,"n":"Vodka Poliakov Flask 37.5%vol - 20cl","p":3.51,"u":"17,55 €/L","img":"https://fd5-photos.leclercdrive.fr/image.ashx?id=2484029&use=l&cat=p&typeid=i","cat":284550},{"id":22556,"n":"AOC Bergerac vin rouge Terrasses d'Autan - BIB 3L","p":9.49,"u":"3,16 €/L","img":"https://fd5-photos.leclercdrive.fr/image.ashx?id=2713646&use=l&cat=p&typeid=i","cat":289560},{"id":22566,"n":"Yaourts Malo Nature - 4x125g","p":1.5,"u":"3,00 €/KG","img":"https://fd5-photos.leclercdrive.fr/image.ashx?id=2908018&use=l&cat=p&typeid=i","cat":284409},{"id":22584,"n":"AOC Bergerac vin rosé Terrasses d'Autan - BIB 3L","p":9.89,"u":"3,30 €/L","img":"https://fd5-photos.leclercdrive.fr/image.ashx?id=2709659&use=l&cat=p&typeid=i","cat":289560},{"id":22587,"n":"IGP Côtés de Gascogne vin blanc Terrasses d'Autan 11.5% BIB 3L","p":8.49,"u":"2,83 €/L","img":"https://fd5-photos.leclercdrive.fr/image.ashx?id=2872700&use=l&cat=p&typeid=i","cat":289560},{"id":22588,"n":"IGP Pays d'Oc Chardonnay Blanc Vieux Carion 12% vol BIB 3L","p":8.99,"u":"3,00 €/L","img":"https://fd5-photos.leclercdrive.fr/image.ashx?id=2591397&use=l&cat=p&typeid=i","cat":289560},{"id":22653,"n":"Crème entière fluide UHT Bio Bio Village 30% MG - 25cl","p":1.85,"u":"7,40 €/L","img":"https://fd5-photos.leclercdrive.fr/image.ashx?id=2801795&use=l&cat=p&typeid=i","cat":284381},{"id":22654,"n":"Fromage St Nectaire NRT AOP  600g","p":8.67,"u":"14,45 €/KG","img":"https://fd5-photos.leclercdrive.fr/image.ashx?id=1519746&use=l&cat=p&typeid=i","cat":329184},{"id":22659,"n":"Cancoillotte nature NRT IGP 250g","p":1.97,"u":"7,88 €/KG","img":"https://fd5-photos.leclercdrive.fr/image.ashx?id=2663845&use=l&cat=p&typeid=i","cat":314037},{"id":22660,"n":"Cancoillotte à l'ail NRT IGP 250g","p":1.97,"u":"7,88 €/KG","img":"https://fd5-photos.leclercdrive.fr/image.ashx?id=2663848&use=l&cat=p&typeid=i","cat":314037},{"id":22703,"n":"Chocolat au lait Bio Ethiquable  Riz soufflé - 100g","p":2.97,"u":"29,70 €/KG","img":"https://fd5-photos.leclercdrive.fr/image.ashx?id=2870869&use=l&cat=p&typeid=i","cat":284497},{"id":22754,"n":"Bière blonde Leffe 6,6% - format promo 24x25cl","p":13.99,"u":"2,33 €/L","img":"https://fd5-photos.leclercdrive.fr/image.ashx?id=2111076&use=l&cat=p&typeid=i","cat":334852},{"id":22786,"n":"Desserts lactés Délisse Chocolat caramel - 6x60g","p":1.36,"u":"3,78 €/KG","img":"https://fd5-photos.leclercdrive.fr/image.ashx?id=2318420&use=l&cat=p&typeid=i","cat":285041},{"id":22793,"n":"Pâté Hénaff 2x156g","p":3.92,"u":"12,56 €/KG","img":"https://fd5-photos.leclercdrive.fr/image.ashx?id=2362531&use=l&cat=p&typeid=i","cat":305149},{"id":22803,"n":"Brioche tranchée Epi d'Or Nature - 700g","p":2.22,"u":"3,17 €/KG","img":"https://fd5-photos.leclercdrive.fr/image.ashx?id=2860733&use=l&cat=p&typeid=i","cat":284478},{"id":22893,"n":"Cidre doux Les Goelleries 2%vol. - 1,5L","p":2.09,"u":"1,39 €/L","img":"https://fd5-photos.leclercdrive.fr/image.ashx?id=2842280&use=l&cat=p&typeid=i","cat":334880},{"id":22894,"n":"Nettoyant spray Clair Ultra dégraissant - 750ml","p":1.18,"u":"1,57 €/L","img":"https://fd5-photos.leclercdrive.fr/image.ashx?id=2840386&use=l&cat=p&typeid=i","cat":325357},{"id":22898,"n":"Nettoyant Silex vitres d'insert Barbecue ultra décapante 750ml","p":3.99,"u":"5,32 €/L","img":"https://fd5-photos.leclercdrive.fr/image.ashx?id=2657087&use=l&cat=p&typeid=i","cat":325363},{"id":22900,"n":"Eau de Cologne Belles Saisons Lavande 250ml","p":1.69,"u":"6,76 €/L","img":"https://fd5-photos.leclercdrive.fr/image.ashx?id=2851655&use=l&cat=p&typeid=i","cat":291525},{"id":22913,"n":"Gel désinfectant mains Primoplast - 75ml","p":0.96,"u":"12,80 €/L","img":"https://fd5-photos.leclercdrive.fr/image.ashx?id=2856489&use=l&cat=p&typeid=i","cat":284630},{"id":22960,"n":"Gants de ménage Mamison Taille M 1 paire","p":1.01,"img":"https://fd5-photos.leclercdrive.fr/image.ashx?id=2635679&use=l&cat=p&typeid=i","cat":284668},{"id":22975,"n":"Crème visage hydrante  Inell Peau normale - 50ml","p":1.96,"u":"39,20 €/L","img":"https://fd5-photos.leclercdrive.fr/image.ashx?id=2691634&use=l&cat=p&typeid=i","cat":325345},{"id":22976,"n":"Crème visage nourrissante Inell Peau sèche - 50ml","p":1.96,"u":"39,20 €/L","img":"https://fd5-photos.leclercdrive.fr/image.ashx?id=2771124&use=l&cat=p&typeid=i","cat":325345},{"id":22979,"n":"Gel nettoyant Inell visage Purifiant px norm. mixtes 150ml","p":2.58,"u":"17,20 €/L","img":"https://fd5-photos.leclercdrive.fr/image.ashx?id=1961443&use=l&cat=p&typeid=i","cat":284603},{"id":22981,"n":"Eau de Cologne Belles Saisons Fraîcheur 250ml","p":1.69,"u":"6,76 €/L","img":"https://fd5-photos.leclercdrive.fr/image.ashx?id=2949179&use=l&cat=p&typeid=i","cat":291525},{"id":22996,"n":"Nettoyant détachant Clair Tapis moquettes 600ml","p":2.16,"u":"3,60 €/L","img":"https://fd5-photos.leclercdrive.fr/image.ashx?id=2242721&use=l&cat=p&typeid=i","cat":284907},{"id":23000,"n":"Smoothie innocent fraise banane 750ml","p":2.95,"u":"3,93 €/L","img":"https://fd5-photos.leclercdrive.fr/image.ashx?id=2891241&use=l&cat=p&typeid=i","cat":285435},{"id":23012,"n":"Huile d'Argan Floressance Pure Argan Bio - 50ml","p":8.09,"u":"161,80 €/L","img":"https://fd5-photos.leclercdrive.fr/image.ashx?id=2990688&use=l&cat=p&typeid=i","cat":325349},{"id":23122,"n":"Fromage enfant Ficello Emmental à effilocher x4 - 84g","p":1.97,"u":"23,45 €/KG","img":"https://fd5-photos.leclercdrive.fr/image.ashx?id=2409553&use=l&cat=p&typeid=i","cat":314030},{"id":23123,"n":"Fromage enfant Ficello Nature à effilocher x4 -84g","p":1.83,"u":"21,79 €/KG","img":"https://fd5-photos.leclercdrive.fr/image.ashx?id=2375373&use=l&cat=p&typeid=i","cat":314030},{"id":23131,"n":"Jambon sec Saint Azay 4 grandes tranches - 110g","p":3.25,"u":"29,55 €/KG","img":"https://fd5-photos.leclercdrive.fr/image.ashx?id=2921372&use=l&cat=p&typeid=i","cat":316007},{"id":23132,"n":"Pâte feuilletée Tablier Blanc Epaisse - 280g","p":1.55,"u":"5,54 €/KG","img":"https://fd5-photos.leclercdrive.fr/image.ashx?id=2635910&use=l&cat=p&typeid=i","cat":333681},{"id":23133,"n":"Pâte brisée Tablier Blanc Epaisse - 280g","p":1.65,"u":"5,89 €/KG","img":"https://fd5-photos.leclercdrive.fr/image.ashx?id=2635913&use=l&cat=p&typeid=i","cat":333681},{"id":23147,"n":"AOP Crémant de Loire  Ackerman Vin blanc brut - 75cl","p":4.99,"u":"6,65 €/L","img":"https://fd5-photos.leclercdrive.fr/image.ashx?id=2928426&use=l&cat=p&typeid=i","cat":284545},{"id":23154,"n":"AOP Crémant Wolfberger Demi-sec d'Alsace - 75cl","p":7.27,"u":"9,69 €/L","img":"https://fd5-photos.leclercdrive.fr/image.ashx?id=2764197&use=l&cat=p&typeid=i","cat":284545},{"id":23157,"n":"AOP Champagne Brut Nicolas Feuillatte - 75cl","p":26.9,"u":"35,87 €/L","img":"https://fd5-photos.leclercdrive.fr/image.ashx?id=2962791&use=l&cat=p&typeid=i","cat":284542},{"id":23158,"n":"AOC Crémant de Bourgogne  Veuve Ambal Brut - 75cl","p":7.99,"pp":5.99,"u":"7,99 €/L","img":"https://fd5-photos.leclercdrive.fr/image.ashx?id=1737205&use=l&cat=p&typeid=i","cat":284545},{"id":23176,"n":"Pur jus de tomate Bio Village Bio - 1L","p":2.77,"u":"2,77 €/L","img":"https://fd5-photos.leclercdrive.fr/image.ashx?id=2954115&use=l&cat=p&typeid=i","cat":284523},{"id":23177,"n":"Pur jus Bio Village Bio Carotte - 1L","p":2.87,"u":"2,87 €/L","img":"https://fd5-photos.leclercdrive.fr/image.ashx?id=2901533&use=l&cat=p&typeid=i","cat":284523},{"id":23180,"n":"Rasoirs jetables Carré Homme 3 lames - x4","p":2.65,"img":"https://fd5-photos.leclercdrive.fr/image.ashx?id=2953236&use=l&cat=p&typeid=i","cat":284616},{"id":23188,"n":"Tomato Ketchup Heinz - 250g","p":1.0,"u":"4,00 €/KG","img":"https://fd5-photos.leclercdrive.fr/image.ashx?id=2943801&use=l&cat=p&typeid=i","cat":284455},{"id":23190,"n":"Mayonnaise AMORA Recette Fouettée - 398g","p":2.5,"u":"6,28 €/KG","img":"https://fd5-photos.leclercdrive.fr/image.ashx?id=2598684&use=l&cat=p&typeid=i","cat":298295},{"id":23201,"n":"Vin de l'Union Européenne rouge Vieux Papes 4x75cl","p":8.39,"u":"2,80 €/L","img":"https://fd5-photos.leclercdrive.fr/image.ashx?id=2093391&use=l&cat=p&typeid=i","cat":289556},{"id":23212,"n":"Compote Douceur du Verger Coupelle pomme framboise-4x100g","p":1.63,"u":"4,08 €/KG","img":"https://fd5-photos.leclercdrive.fr/image.ashx?id=2663494&use=l&cat=p&typeid=i","cat":284508},{"id":23226,"n":"Madeleines bio Bio Village Coquilles - 250g","p":1.88,"u":"7,52 €/KG","img":"https://fd5-photos.leclercdrive.fr/image.ashx?id=2711619&use=l&cat=p&typeid=i","cat":284492},{"id":23244,"n":"Désodorisant frigo Bien Air Sans parfum 40g","p":1.83,"u":"45,75 €/KG","img":"https://fd5-photos.leclercdrive.fr/image.ashx?id=2287737&use=l&cat=p&typeid=i","cat":311628},{"id":23248,"n":"Tampons Doulys Compact Mini - x20","p":2.86,"u":"0,14 €/P","img":"https://fd5-photos.leclercdrive.fr/image.ashx?id=2965497&use=l&cat=p&typeid=i","cat":284626},{"id":23251,"n":"Bâtonnets allume-feu Silex Sans odeur x24","p":2.05,"u":"0,09 €/P","img":"https://fd5-photos.leclercdrive.fr/image.ashx?id=606577&use=l&cat=p&typeid=i","cat":300578},{"id":23271,"n":"Vin mousseux de France blanc Muscador doux 11.5% Vol 75cl","p":2.61,"u":"3,48 €/L","img":"https://fd5-photos.leclercdrive.fr/image.ashx?id=2157052&use=l&cat=p&typeid=i","cat":284544},{"id":23304,"n":"Feuilletés paniers Côté Table Saumon - 4x100g","p":4.45,"u":"11,13 €/KG","img":"https://fd5-photos.leclercdrive.fr/image.ashx?id=2549400&use=l&cat=p&typeid=i","cat":319776},{"id":23327,"n":"IGP vin blanc Côtes de Gascogne Bio Terrasses d'Autan 12% 75cl","p":3.99,"u":"5,32 €/L","img":"https://fd5-photos.leclercdrive.fr/image.ashx?id=2872736&use=l&cat=p&typeid=i","cat":289557},{"id":23336,"n":"Soufflés Grignot' Tokapi Bacon - 90g","p":0.89,"u":"9,89 €/KG","img":"https://fd5-photos.leclercdrive.fr/image.ashx?id=2059480&use=l&cat=p&typeid=i","cat":284449},{"id":23363,"n":"Lait bébé poudre Nidal Nestlé 1er âge - 0-6 mois - 800g","p":12.87,"u":"16,09 €/KG","img":"https://fd5-photos.leclercdrive.fr/image.ashx?id=2811638&use=l&cat=p&typeid=i","cat":284726},{"id":23365,"n":"Lait bébé 2A NIDAL GEST  6-12 mois - 800g","p":12.25,"u":"15,31 €/KG","img":"https://fd5-photos.leclercdrive.fr/image.ashx?id=2890799&use=l&cat=p&typeid=i","cat":284727},{"id":23372,"n":"Ricotta Les Croisés - 250g","p":1.29,"u":"5,16 €/KG","img":"https://fd5-photos.leclercdrive.fr/image.ashx?id=2133294&use=l&cat=p&typeid=i","cat":314026},{"id":23429,"n":"Croquettes chat Tous mes amis Chatons - 2kg","p":4.07,"u":"2,04 €/KG","img":"https://fd5-photos.leclercdrive.fr/image.ashx?id=2047037&use=l&cat=p&typeid=i","cat":284680},{"id":23430,"n":"Croquettes chat Tous mes amis Lapin/volailles - 2kg","p":3.99,"u":"2,00 €/KG","img":"https://fd5-photos.leclercdrive.fr/image.ashx?id=2301605&use=l&cat=p&typeid=i","cat":284680},{"id":23432,"n":"Croquettes Lydog Petits chiens - Vollaile - 2kg","p":4.12,"u":"2,06 €/KG","img":"https://fd5-photos.leclercdrive.fr/image.ashx?id=2191126&use=l&cat=p&typeid=i","cat":294526},{"id":23433,"n":"Croquettes chiens Lydog Allégées - Volaille - 4kg","p":6.99,"u":"1,75 €/KG","img":"https://fd5-photos.leclercdrive.fr/image.ashx?id=1923562&use=l&cat=p&typeid=i","cat":284672},{"id":23439,"n":"Crème dessert Délisse Choco Billes bicompartiment 4x117g","p":1.99,"u":"4,25 €/KG","img":"https://fd5-photos.leclercdrive.fr/image.ashx?id=2965482&use=l&cat=p&typeid=i","cat":285041},{"id":23450,"n":"Yaourts aux fruits Délisse Fruits rouges - 8x125g","p":2.29,"u":"2,29 €/KG","img":"https://fd5-photos.leclercdrive.fr/image.ashx?id=2616736&use=l&cat=p&typeid=i","cat":284410},{"id":23492,"n":"Bonbons sans sucres Confiséo Goût caramel - 120g","p":2.61,"u":"21,75 €/KG","img":"https://fd5-photos.leclercdrive.fr/image.ashx?id=2934670&use=l&cat=p&typeid=i","cat":304252},{"id":23499,"n":"Huile Bio Village mélange 4 huiles biologiques - 75 cl","p":3.99,"u":"5,32 €/L","img":"https://fd5-photos.leclercdrive.fr/image.ashx?id=2882349&use=l&cat=p&typeid=i","cat":284453},{"id":23520,"n":"Bloc de fromage Leerdammer L'Original - 500g","p":5.41,"u":"10,82 €/KG","img":"https://fd5-photos.leclercdrive.fr/image.ashx?id=2699035&use=l&cat=p&typeid=i","cat":314034},{"id":23522,"n":"Bûche de chèvre Les Croisés Format famililal 25%mg 300g","p":2.95,"u":"9,83 €/KG","img":"https://fd5-photos.leclercdrive.fr/image.ashx?id=2949415&use=l&cat=p&typeid=i","cat":314031},{"id":23543,"n":"Bière blonde Leffe 6,6% - 12x33cl","p":13.01,"u":"3,29 €/L","img":"https://fd5-photos.leclercdrive.fr/image.ashx?id=2811578&use=l&cat=p&typeid=i","cat":334852},{"id":23545,"n":"Rösti McCain 800g","p":2.12,"u":"2,65 €/KG","img":"https://fd5-photos.leclercdrive.fr/image.ashx?id=2988728&use=l&cat=p&typeid=i","cat":319792},{"id":23546,"n":"Poêlée savoyarde Marie Aux lardons fumés - 900g","p":4.75,"u":"5,28 €/KG","img":"https://fd5-photos.leclercdrive.fr/image.ashx?id=2996782&use=l&cat=p&typeid=i","cat":319823},{"id":23552,"n":"Lait bébé poudre Nidal Nestlé 2e âge -6-12 mois - 800g","p":10.59,"u":"13,24 €/KG","img":"https://fd5-photos.leclercdrive.fr/image.ashx?id=2805597&use=l&cat=p&typeid=i","cat":284727},{"id":23553,"n":"Lait bébé 1A NIDAL GEST  0-6 mois - 800g","p":15.32,"u":"19,15 €/KG","img":"https://fd5-photos.leclercdrive.fr/image.ashx?id=2890796&use=l&cat=p&typeid=i","cat":284726},{"id":23583,"n":"Crème Fraîche Elle&Vire Epaisse Entière - 30% MG - 33cl","p":1.8,"u":"5,45 €/L","img":"https://fd5-photos.leclercdrive.fr/image.ashx?id=3003333&use=l&cat=p&typeid=i","cat":284381},{"id":23598,"n":"Fromage raclette Les Croisés Sans croûte - 28%mg - 400g","p":3.95,"u":"9,88 €/KG","img":"https://fd5-photos.leclercdrive.fr/image.ashx?id=2969752&use=l&cat=p&typeid=i","cat":314037},{"id":23618,"n":"Couscous Weight Watchers Oriental 300g","p":3.01,"u":"10,03 €/KG","img":"https://fd5-photos.leclercdrive.fr/image.ashx?id=2610915&use=l&cat=p&typeid=i","cat":333665},{"id":23631,"n":"Chocolat noir Equador Mini carrés 72% cacao 200g","p":4.35,"u":"21,75 €/KG","img":"https://fd5-photos.leclercdrive.fr/image.ashx?id=2856483&use=l&cat=p&typeid=i","cat":284956},{"id":23636,"n":"Bouillon de volaille Rustica Dégraissé - Tablettes 12x10g","p":0.79,"u":"6,58 €/KG","img":"https://fd5-photos.leclercdrive.fr/image.ashx?id=1880033&use=l&cat=p&typeid=i","cat":288379},{"id":23642,"n":"Huile spéciale fondue Rustica Aux aromates - 1L","p":3.45,"u":"3,45 €/L","img":"https://fd5-photos.leclercdrive.fr/image.ashx?id=2546245&use=l&cat=p&typeid=i","cat":284453},{"id":23712,"n":"Saumon fumé Eco+ Atlantique - 200g","p":4.67,"u":"23,35 €/KG","img":"https://fd5-photos.leclercdrive.fr/image.ashx?id=2856733&use=l&cat=p&typeid=i","cat":285188},{"id":23715,"n":"Samoussa Tables du Monde Au boeuf - x4 - 220g","p":3.29,"u":"14,95 €/KG","img":"https://fd5-photos.leclercdrive.fr/image.ashx?id=2807190&use=l&cat=p&typeid=i","cat":333673},{"id":23727,"n":"Sacs poubelle 100L Eco+ x10","p":0.76,"u":"0,08 €/P","img":"https://fd5-photos.leclercdrive.fr/image.ashx?id=2793137&use=l&cat=p&typeid=i","cat":285168},{"id":23753,"n":"Alcool modifié Primoplast 70° 250ml","p":2.2,"u":"8,80 €/L","img":"https://fd5-photos.leclercdrive.fr/image.ashx?id=2856498&use=l&cat=p&typeid=i","cat":284630},{"id":23754,"n":"Eau oxygénée Primoplast 250ml","p":1.86,"u":"7,44 €/L","img":"https://fd5-photos.leclercdrive.fr/image.ashx?id=2832936&use=l&cat=p&typeid=i","cat":284630},{"id":23791,"n":"Tartines craquantes Epi d'Or Au blé complet - 250g","p":1.29,"u":"5,16 €/KG","img":"https://fd5-photos.leclercdrive.fr/image.ashx?id=2843788&use=l&cat=p&typeid=i","cat":284479},{"id":23794,"n":"Pain grillé Epi d'Or Blé complet x24 - 500g","p":1.72,"u":"3,44 €/KG","img":"https://fd5-photos.leclercdrive.fr/image.ashx?id=2680545&use=l&cat=p&typeid=i","cat":284479},{"id":23799,"n":"Riz rond Comptoir du Grain Dessert - 1kg","p":1.94,"u":"1,94 €/KG","img":"https://fd5-photos.leclercdrive.fr/image.ashx?id=776471&use=l&cat=p&typeid=i","cat":284428},{"id":23827,"n":"Cordon Bleu poulet Père Dodu  Les Bons plans x10 - 1kg","p":5.39,"u":"5,39 €/KG","img":"https://fd5-photos.leclercdrive.fr/image.ashx?id=2971095&use=l&cat=p&typeid=i","cat":333683},{"id":23936,"n":"Fromage blanc jockey Stracciatella - 4x120g","p":1.97,"u":"4,10 €/KG","img":"https://fd5-photos.leclercdrive.fr/image.ashx?id=2280011&use=l&cat=p&typeid=i","cat":314999},{"id":23958,"n":"Dentifrice Sanogyl Blancheur et soin 3x75ml","p":6.74,"u":"29,96 €/L","img":"https://fd5-photos.leclercdrive.fr/image.ashx?id=2177995&use=l&cat=p&typeid=i","cat":284612},{"id":23963,"n":"Beurre Tendre Les Croisés Demi-sel Allegé - 40% MG - 250g","p":2.25,"u":"9,00 €/KG","img":"https://fd5-photos.leclercdrive.fr/image.ashx?id=2839912&use=l&cat=p&typeid=i","cat":284379},{"id":23968,"n":"Roquefort AOP Les Croisés Tranché 150g","p":2.29,"u":"15,27 €/KG","img":"https://fd5-photos.leclercdrive.fr/image.ashx?id=2676537&use=l&cat=p&typeid=i","cat":314032},{"id":23973,"n":"Fusili Côté Snack Pâtes Carbonara - 300g","p":1.89,"u":"6,30 €/KG","img":"https://fd5-photos.leclercdrive.fr/image.ashx?id=2517682&use=l&cat=p&typeid=i","cat":334983},{"id":24009,"n":"Crackers Tuc Fromage - 100g","p":0.76,"u":"7,60 €/KG","img":"https://fd5-photos.leclercdrive.fr/image.ashx?id=3002291&use=l&cat=p&typeid=i","cat":297000},{"id":24043,"n":"Thé vert Britley Menthe x25 sachets - 40g","p":0.79,"u":"19,75 €/KG","img":"https://fd5-photos.leclercdrive.fr/image.ashx?id=2672930&use=l&cat=p&typeid=i","cat":293233},{"id":24047,"n":"Yaourts aromatisés Délisse Vanille - 4x125g","p":1.29,"u":"2,58 €/KG","img":"https://fd5-photos.leclercdrive.fr/image.ashx?id=2134524&use=l&cat=p&typeid=i","cat":286006},{"id":24049,"n":"Pâtée chats Tous mes amis Thon en sauce - 80g","p":0.99,"u":"12,38 €/KG","img":"https://fd5-photos.leclercdrive.fr/image.ashx?id=2450306&use=l&cat=p&typeid=i","cat":285601},{"id":24050,"n":"Pâtée chats Tous mes amis Poulet en sauce - 80g","p":0.99,"u":"12,38 €/KG","img":"https://fd5-photos.leclercdrive.fr/image.ashx?id=2450309&use=l&cat=p&typeid=i","cat":285601},{"id":24081,"n":"Mayonnaise Fins Gourmets MAILLE Bocal - 320g","p":2.32,"u":"7,25 €/KG","img":"https://fd5-photos.leclercdrive.fr/image.ashx?id=2812750&use=l&cat=p&typeid=i","cat":298295},{"id":24082,"n":"Mayonnaise Fine MAILLE Qualité Traiteur Bocal - 320g","p":2.27,"u":"7,09 €/KG","img":"https://fd5-photos.leclercdrive.fr/image.ashx?id=2908369&use=l&cat=p&typeid=i","cat":298295},{"id":24083,"n":"Nuggets de Poulet  Père Dodu  x50 - 1kg - Les Bons plans","p":5.39,"u":"5,39 €/KG","img":"https://fd5-photos.leclercdrive.fr/image.ashx?id=2957086&use=l&cat=p&typeid=i","cat":333684},{"id":24085,"n":"Pizza la Moelleuse Turini Royale - 600g","p":3.36,"u":"5,60 €/KG","img":"https://fd5-photos.leclercdrive.fr/image.ashx?id=2815641&use=l&cat=p&typeid=i","cat":284256},{"id":24088,"n":"Pizza la Moelleuse Turini 6 Fromages - 600g","p":3.63,"u":"6,05 €/KG","img":"https://fd5-photos.leclercdrive.fr/image.ashx?id=2815638&use=l&cat=p&typeid=i","cat":284256},{"id":24094,"n":"Jus de pommes pressées Andros 1,5L","p":3.62,"u":"2,41 €/L","img":"https://fd5-photos.leclercdrive.fr/image.ashx?id=2902981&use=l&cat=p&typeid=i","cat":285435},{"id":24095,"n":"Jus de clémentines préssées Andros - 1,5L","p":4.14,"u":"2,76 €/L","img":"https://fd5-photos.leclercdrive.fr/image.ashx?id=2902984&use=l&cat=p&typeid=i","cat":285435},{"id":24162,"n":"Vinaigre balsamique Bio Village Bio 50cl","p":3.49,"u":"6,98 €/L","img":"https://fd5-photos.leclercdrive.fr/image.ashx?id=2865206&use=l&cat=p&typeid=i","cat":298543},{"id":24163,"n":"Infusion Tiséa Tilleul Citron 25 sachets 34g","p":1.69,"u":"48,29 €/KG","img":"https://fd5-photos.leclercdrive.fr/image.ashx?id=2854240&use=l&cat=p&typeid=i","cat":293234},{"id":24186,"n":"Bandes à découper Mercurochrome 5 bandes - 10x6cm","p":2.45,"img":"https://fd5-photos.leclercdrive.fr/image.ashx?id=2862152&use=l&cat=p&typeid=i","cat":284630},{"id":24193,"n":"Bouchées à la reine Côté Table 2x 155g","p":3.69,"u":"23,81 €/KG","img":"https://fd5-photos.leclercdrive.fr/image.ashx?id=2826921&use=l&cat=p&typeid=i","cat":333671},{"id":24294,"n":"Filets de maquereaux Saupiquet Escabèche - 3x169g","p":5.99,"u":"11,81 €/KG","img":"https://fd5-photos.leclercdrive.fr/image.ashx?id=2826978&use=l&cat=p&typeid=i","cat":303868},{"id":24296,"n":"Sauce apéritif Old El Paso Salsa doux - 312g","p":2.48,"u":"7,95 €/KG","img":"https://fd5-photos.leclercdrive.fr/image.ashx?id=2859944&use=l&cat=p&typeid=i","cat":288993},{"id":24363,"n":"Boisson lactée Délisse Chocolat - 6x20cl","p":2.17,"u":"1,81 €/L","img":"https://fd5-photos.leclercdrive.fr/image.ashx?id=3015245&use=l&cat=p&typeid=i","cat":295246},{"id":24410,"n":"Bonbons Copains Copines Tendres fruits - 360 g","p":2.05,"u":"5,69 €/KG","img":"https://fd5-photos.leclercdrive.fr/image.ashx?id=2934694&use=l&cat=p&typeid=i","cat":304250},{"id":24420,"n":"Galettes Bretonnes NRT 100g","p":1.68,"u":"16,80 €/KG","img":"https://fd5-photos.leclercdrive.fr/image.ashx?id=2909419&use=l&cat=p&typeid=i","cat":284487},{"id":24474,"n":"Petites crevettes roses Pêche Océan - 125g","p":2.49,"u":"19,92 €/KG","img":"https://fd5-photos.leclercdrive.fr/image.ashx?id=2953635&use=l&cat=p&typeid=i","cat":284343},{"id":24492,"n":"Blanc de poulet Tradilège Doré à la broche - 120g","p":1.39,"u":"11,58 €/KG","img":"https://fd5-photos.leclercdrive.fr/image.ashx?id=2974864&use=l&cat=p&typeid=i","cat":316010},{"id":24500,"n":"Pain de mie nature Epi d'Or Sans croute - 500g","p":1.39,"u":"2,78 €/KG","img":"https://fd5-photos.leclercdrive.fr/image.ashx?id=2984658&use=l&cat=p&typeid=i","cat":284477},{"id":24574,"n":"Bandes de cire froide L.Dumont Visage x20 bandes","p":3.58,"u":"0,18 €/P","img":"https://fd5-photos.leclercdrive.fr/image.ashx?id=2606355&use=l&cat=p&typeid=i","cat":325351},{"id":24615,"n":"Soin de jour Bio vital Mixa Tube 50ml","p":6.36,"u":"127,20 €/L","img":"https://fd5-photos.leclercdrive.fr/image.ashx?id=2286350&use=l&cat=p&typeid=i","cat":325345},{"id":24642,"n":"Déodorant Rexona Confidence Stick anti-transpirant - 45ml","p":4.3,"u":"95,56 €/L","img":"https://fd5-photos.leclercdrive.fr/image.ashx?id=2738194&use=l&cat=p&typeid=i","cat":284595},{"id":24652,"n":"Déodorant Stick Rexona Anti- Transpirant CleanScent 96H 45ml","p":3.44,"u":"76,44 €/L","img":"https://fd5-photos.leclercdrive.fr/image.ashx?id=2895101&use=l&cat=p&typeid=i","cat":284595},{"id":24659,"n":"Secret de mousse la Laitière Chocolat au lait - 8x59g","p":2.57,"u":"5,44 €/KG","img":"https://fd5-photos.leclercdrive.fr/image.ashx?id=3007984&use=l&cat=p&typeid=i","cat":284417},{"id":24671,"n":"Crème Chantilly Bridelice Légère fouettée 20%mg - 250g","p":2.64,"u":"10,56 €/KG","img":"https://fd5-photos.leclercdrive.fr/image.ashx?id=2939313&use=l&cat=p&typeid=i","cat":284382},{"id":24672,"n":"Lait Matin Léger Lactel Sans lactose écrémé - 6x1l","p":11.64,"u":"1,94 €/L","img":"https://fd5-photos.leclercdrive.fr/image.ashx?id=2883546&use=l&cat=p&typeid=i","cat":317169},{"id":24674,"n":"Dentifrice Dentamyl 2en1 blancheur 75ml","p":1.3,"u":"17,33 €/L","img":"https://fd5-photos.leclercdrive.fr/image.ashx?id=2613834&use=l&cat=p&typeid=i","cat":284612},{"id":24694,"n":"Brosses à dent souple Dentamyl x4","p":0.99,"u":"0,25 €/P","img":"https://fd5-photos.leclercdrive.fr/image.ashx?id=2790946&use=l&cat=p&typeid=i","cat":284614},{"id":24759,"n":"Mini nems Tables du Monde porc x5/poulet x5 +sauce - 220g","p":2.99,"u":"13,59 €/KG","img":"https://fd5-photos.leclercdrive.fr/image.ashx?id=2613276&use=l&cat=p&typeid=i","cat":333673},{"id":24847,"n":"Gâche tranchée ovale NRT Beurre - 450g","p":2.48,"u":"5,51 €/KG","img":"https://fd5-photos.leclercdrive.fr/image.ashx?id=2670443&use=l&cat=p&typeid=i","cat":284478},{"id":24879,"n":"Boisson apéritif Voltano Base de vin Rosato 14.4%vol 1L","p":4.99,"u":"4,99 €/L","img":"https://fd5-photos.leclercdrive.fr/image.ashx?id=2473960&use=l&cat=p&typeid=i","cat":284913},{"id":24896,"n":"Pain de campagne tranché   300g","p":1.3,"u":"4,33 €/KG","img":"https://fd5-photos.leclercdrive.fr/image.ashx?id=2062960&use=l&cat=p&typeid=i","cat":284359},{"id":24961,"n":"Soin de jour L'Oréal Paris Age Perfect anti-âge - 50ml","p":11.97,"pp":7.9,"u":"158,00 €/L","img":"https://fd5-photos.leclercdrive.fr/image.ashx?id=2868047&use=l&cat=p&typeid=i","cat":325345},{"id":24968,"n":"Fromage de chèvre Petit Billy 45%mg - 200g","p":2.67,"u":"13,35 €/KG","img":"https://fd5-photos.leclercdrive.fr/image.ashx?id=2543136&use=l&cat=p&typeid=i","cat":314031},{"id":24969,"n":"Bûche chèvre Soignon -25%sel - 180g","p":2.74,"u":"15,22 €/KG","img":"https://fd5-photos.leclercdrive.fr/image.ashx?id=2836484&use=l&cat=p&typeid=i","cat":314031},{"id":24970,"n":"Crottin de chèvre Rians 23%mg - 2x60g","p":2.8,"u":"23,33 €/KG","img":"https://fd5-photos.leclercdrive.fr/image.ashx?id=2762094&use=l&cat=p&typeid=i","cat":314031},{"id":24972,"n":"Chèvre à dorer Les Croisés x4 - 100g","p":1.77,"u":"17,70 €/KG","img":"https://fd5-photos.leclercdrive.fr/image.ashx?id=2460592&use=l&cat=p&typeid=i","cat":314027},{"id":24977,"n":"Pain hot dog Jacquet x4 -  240g","p":1.44,"u":"6,00 €/KG","img":"https://fd5-photos.leclercdrive.fr/image.ashx?id=2799293&use=l&cat=p&typeid=i","cat":284985},{"id":25000,"n":"Jus d'orange Andros 1L+15% offert","p":2.49,"u":"2,17 €/L","img":"https://fd5-photos.leclercdrive.fr/image.ashx?id=2928846&use=l&cat=p&typeid=i","cat":285435},{"id":25010,"n":"Barres Chocolatées KINDER Maxi Chocolat au Lait x10 - 210g","p":3.03,"u":"14,43 €/KG","img":"https://fd5-photos.leclercdrive.fr/image.ashx?id=2679609&use=l&cat=p&typeid=i","cat":284498},{"id":25028,"n":"Assiette Babybio Bio 12 mois Panais carotte polenta - 230g","p":1.78,"u":"7,74 €/KG","img":"https://fd5-photos.leclercdrive.fr/image.ashx?id=2875390&use=l&cat=p&typeid=i","cat":312239},{"id":25029,"n":"Assiette bébé bio Babybio Légumes agneau - 12 mois - 230g","p":2.09,"u":"9,09 €/KG","img":"https://fd5-photos.leclercdrive.fr/image.ashx?id=2855909&use=l&cat=p&typeid=i","cat":312237},{"id":25030,"n":"Petits pots Babynat Petits pois Cabillaud - 8mois 2x200g","p":2.9,"u":"7,25 €/KG","img":"https://fd5-photos.leclercdrive.fr/image.ashx?id=2825742&use=l&cat=p&typeid=i","cat":312236},{"id":25034,"n":"Mousse Coiffante Franck Provost A l'Huile d'Argan - 300ml","p":4.48,"u":"14,93 €/L","img":"https://fd5-photos.leclercdrive.fr/image.ashx?id=2575615&use=l&cat=p&typeid=i","cat":284609},{"id":25035,"n":"Salade Menu Fraîcheur Concombre au fromage blanc 300g","p":1.64,"u":"5,47 €/KG","img":"https://fd5-photos.leclercdrive.fr/image.ashx?id=3005679&use=l&cat=p&typeid=i","cat":333657},{"id":25049,"n":"Lames de rasoir Carré Homme 3 lames - x4","p":3.45,"u":"0,86 €/P","img":"https://fd5-photos.leclercdrive.fr/image.ashx?id=2704624&use=l&cat=p&typeid=i","cat":284616},{"id":25051,"n":"Boulettes de boeuf Férial x30 - 900g","p":7.39,"u":"8,21 €/KG","img":"https://fd5-photos.leclercdrive.fr/image.ashx?id=2966520&use=l&cat=p&typeid=i","cat":319779},{"id":25079,"n":"Mozzarella bufala Casa Azzurra Boule - 125g","p":2.15,"u":"17,20 €/KG","img":"https://fd5-photos.leclercdrive.fr/image.ashx?id=2899533&use=l&cat=p&typeid=i","cat":314026},{"id":25085,"n":"Lait bio Bio Village Bouteille  Demi-écrémé UHT -  6x50cl","p":5.22,"u":"1,74 €/L","img":"https://fd5-photos.leclercdrive.fr/image.ashx?id=2970009&use=l&cat=p&typeid=i","cat":284377},{"id":25093,"n":"Yaourts brassés Délisse Fruits jaunes - 8x125 g","p":2.28,"u":"2,28 €/KG","img":"https://fd5-photos.leclercdrive.fr/image.ashx?id=2495536&use=l&cat=p&typeid=i","cat":284410},{"id":25124,"n":"Pur jus Multifruits Bio Village Bio - 6x20cl","p":3.11,"u":"2,59 €/L","img":"https://fd5-photos.leclercdrive.fr/image.ashx?id=2843626&use=l&cat=p&typeid=i","cat":284524},{"id":25125,"n":"Pur jus d'orange Bio Village Bio - 6x20cl","p":2.99,"u":"2,49 €/L","img":"https://fd5-photos.leclercdrive.fr/image.ashx?id=2671016&use=l&cat=p&typeid=i","cat":284521},{"id":25152,"n":"Confiture cerises Andros Allégée bocal 350g","p":1.9,"u":"5,43 €/KG","img":"https://fd5-photos.leclercdrive.fr/image.ashx?id=2423735&use=l&cat=p&typeid=i","cat":284480},{"id":25171,"n":"Lardons fumés Tradilège Moins 25% de sel 2x75g","p":1.65,"u":"11,00 €/KG","img":"https://fd5-photos.leclercdrive.fr/image.ashx?id=2955267&use=l&cat=p&typeid=i","cat":316011},{"id":25172,"n":"Sacs poubelle 30L Alfapac Ultra résistant Coulissac - x20","p":3.04,"u":"0,15 €/P","img":"https://fd5-photos.leclercdrive.fr/image.ashx?id=2732359&use=l&cat=p&typeid=i","cat":285168},{"id":25182,"n":"Confiture Bonne Maman Cerises noires 370g","p":2.17,"u":"5,86 €/KG","img":"https://fd5-photos.leclercdrive.fr/image.ashx?id=2476311&use=l&cat=p&typeid=i","cat":284480},{"id":25183,"n":"Confiture à l'orange Andros Allégée - 350g","p":1.17,"u":"3,34 €/KG","img":"https://fd5-photos.leclercdrive.fr/image.ashx?id=2398418&use=l&cat=p&typeid=i","cat":284480},{"id":25203,"n":"Queues de crevettes Pêche Océan Décortiquées cuites 300g","p":6.58,"u":"21,93 €/KG","img":"https://fd5-photos.leclercdrive.fr/image.ashx?id=1976859&use=l&cat=p&typeid=i","cat":319787},{"id":25204,"n":"Petits pois d'aucy  Tendres et fondants - 560g","p":2.15,"u":"3,84 €/KG","img":"https://fd5-photos.leclercdrive.fr/image.ashx?id=2438126&use=l&cat=p&typeid=i","cat":312607},{"id":25205,"n":"Pois carottes D'aucy  Tendres et fondants -530g","p":1.69,"u":"3,19 €/KG","img":"https://fd5-photos.leclercdrive.fr/image.ashx?id=2426367&use=l&cat=p&typeid=i","cat":312607},{"id":25220,"n":"Cotons Démaquillants Demak'Up Sensitive - Disques x64","p":1.1,"u":"0,02 €/P","img":"https://fd5-photos.leclercdrive.fr/image.ashx?id=2966983&use=l&cat=p&typeid=i","cat":285593},{"id":25236,"n":"Croque Jambon Père Dodu  Dinde x2 - 200g","p":2.34,"u":"11,70 €/KG","img":"https://fd5-photos.leclercdrive.fr/image.ashx?id=2956984&use=l&cat=p&typeid=i","cat":333683},{"id":25283,"n":"Barres céréales Grany Pommes - 125g","p":1.8,"u":"14,40 €/KG","img":"https://fd5-photos.leclercdrive.fr/image.ashx?id=3002093&use=l&cat=p&typeid=i","cat":285869},{"id":25343,"n":"Céréales Trésor de Kellogg's Chocolat Noisettes - 1kg","p":6.28,"u":"6,28 €/KG","img":"https://fd5-photos.leclercdrive.fr/image.ashx?id=2598316&use=l&cat=p&typeid=i","cat":309513},{"id":25359,"n":"Tablette chocolat blanc Lindt Vanille - 100g","p":2.37,"u":"23,70 €/KG","img":"https://fd5-photos.leclercdrive.fr/image.ashx?id=2755318&use=l&cat=p&typeid=i","cat":284957},{"id":25366,"n":"Tablette de chocolat noir Lindt 90% cacao - 100g","p":2.2,"u":"22,00 €/KG","img":"https://fd5-photos.leclercdrive.fr/image.ashx?id=2689502&use=l&cat=p&typeid=i","cat":284956},{"id":25370,"n":"Tablette chocolat Côte d'Or Chocolat lait/Noisettes - 200g","p":4.24,"u":"21,20 €/KG","img":"https://fd5-photos.leclercdrive.fr/image.ashx?id=2961218&use=l&cat=p&typeid=i","cat":284497},{"id":25372,"n":"Tablette chocolat Milka Au lait du pays Alpin - 200g","p":2.55,"u":"12,75 €/KG","img":"https://fd5-photos.leclercdrive.fr/image.ashx?id=2994455&use=l&cat=p&typeid=i","cat":284497},{"id":25385,"n":"Tablette chocolat Côte d'Or Chocolat lait/praliné - 200g","p":3.48,"u":"17,40 €/KG","img":"https://fd5-photos.leclercdrive.fr/image.ashx?id=2938076&use=l&cat=p&typeid=i","cat":284497},{"id":25407,"n":"Bonbons LUTTI Luttimint Menthe - 250g","p":1.76,"u":"7,04 €/KG","img":"https://fd5-photos.leclercdrive.fr/image.ashx?id=2815019&use=l&cat=p&typeid=i","cat":304252},{"id":25408,"n":"Dragolo Haribo Sachet bonbons - 300g","p":1.42,"u":"4,73 €/KG","img":"https://fd5-photos.leclercdrive.fr/image.ashx?id=2803574&use=l&cat=p&typeid=i","cat":304250},{"id":25426,"n":"Infusion détente Bio Village Bio - x20 - 30g","p":1.79,"u":"59,67 €/KG","img":"https://fd5-photos.leclercdrive.fr/image.ashx?id=2897895&use=l&cat=p&typeid=i","cat":293234},{"id":25432,"n":"Herbes de provence Ducros Boîte ménagère 40g","p":1.57,"u":"39,25 €/KG","img":"https://fd5-photos.leclercdrive.fr/image.ashx?id=2486548&use=l&cat=p&typeid=i","cat":298297},{"id":25445,"n":"Lait poudre Croissance Modilac  De 12 mois à 36 mois - 800g","p":13.34,"u":"16,68 €/KG","img":"https://fd5-photos.leclercdrive.fr/image.ashx?id=2873390&use=l&cat=p&typeid=i","cat":290219},{"id":25446,"n":"Lait croissance Nidal Nestlé Dès 12 mois - 800g","p":8.96,"u":"11,20 €/KG","img":"https://fd5-photos.leclercdrive.fr/image.ashx?id=2806405&use=l&cat=p&typeid=i","cat":290219},{"id":25452,"n":"Sucettes au lait Chupa Chups Sachet - 192g","p":2.25,"u":"11,72 €/KG","img":"https://fd5-photos.leclercdrive.fr/image.ashx?id=2647648&use=l&cat=p&typeid=i","cat":304252},{"id":25465,"n":"Recharge distributeur Canderel Comprimés x600 - 51g","p":4.73,"u":"92,75 €/KG","img":"https://fd5-photos.leclercdrive.fr/image.ashx?id=2811008&use=l&cat=p&typeid=i","cat":324846},{"id":25493,"n":"Bouillon Cube Maggi Pot au feu - 180g","p":1.49,"u":"8,28 €/KG","img":"https://fd5-photos.leclercdrive.fr/image.ashx?id=2212315&use=l&cat=p&typeid=i","cat":288379},{"id":25499,"n":"Brosse à dents pro Dentamyl Blancheur x1","p":1.32,"img":"https://fd5-photos.leclercdrive.fr/image.ashx?id=2790916&use=l&cat=p&typeid=i","cat":284614},{"id":25515,"n":"Eau minérale naturelle Vittel 6x1L","p":2.41,"u":"0,40 €/L","img":"https://fd5-photos.leclercdrive.fr/image.ashx?id=2276654&use=l&cat=p&typeid=i","cat":284535},{"id":25516,"n":"Eau de source Cristaline 12x50cl","p":1.79,"u":"0,30 €/L","img":"https://fd5-photos.leclercdrive.fr/image.ashx?id=2872874&use=l&cat=p&typeid=i","cat":284535},{"id":25525,"n":"Boisson aux fruits Oasis Tropical - 4x50cl","p":4.46,"u":"2,23 €/L","img":"https://fd5-photos.leclercdrive.fr/image.ashx?id=3014446&use=l&cat=p&typeid=i","cat":295018},{"id":25530,"n":"Sucre Béghin Say pure canne petits morceaux - 1kg","p":2.23,"u":"2,23 €/KG","img":"https://fd5-photos.leclercdrive.fr/image.ashx?id=2949919&use=l&cat=p&typeid=i","cat":284502},{"id":25540,"n":"Soda à l'orange Orangina 4x50cl","p":4.41,"u":"2,21 €/L","img":"https://fd5-photos.leclercdrive.fr/image.ashx?id=2574952&use=l&cat=p&typeid=i","cat":284532},{"id":25541,"n":"Soda à l'orange Orangina 6x25cl","p":4.16,"u":"2,77 €/L","img":"https://fd5-photos.leclercdrive.fr/image.ashx?id=2495653&use=l&cat=p&typeid=i","cat":284532},{"id":25550,"n":"Soda Schweppes Indian Tonic Zero - 1,5L","p":1.66,"u":"1,11 €/L","img":"https://fd5-photos.leclercdrive.fr/image.ashx?id=2852393&use=l&cat=p&typeid=i","cat":284531},{"id":25552,"n":"Soda Schweppes Indian Tonic - 4x50cl","p":3.9,"u":"1,95 €/L","img":"https://fd5-photos.leclercdrive.fr/image.ashx?id=2852405&use=l&cat=p&typeid=i","cat":284531},{"id":25553,"n":"Soda Schweppes Saveur Agrumes - 4x50cl","p":4.2,"u":"2,10 €/L","img":"https://fd5-photos.leclercdrive.fr/image.ashx?id=2852402&use=l&cat=p&typeid=i","cat":284532},{"id":25554,"n":"Soda Schweppes Saveur Citron Zero - 1,5L","p":1.7,"u":"1,13 €/L","img":"https://fd5-photos.leclercdrive.fr/image.ashx?id=2852396&use=l&cat=p&typeid=i","cat":284532},{"id":25567,"n":"Jus d'orange Jafaden A base de concentré  - 2L","p":3.51,"u":"1,76 €/L","img":"https://fd5-photos.leclercdrive.fr/image.ashx?id=2751892&use=l&cat=p&typeid=i","cat":284521},{"id":25575,"n":"Limonade artisanale Lorina Bouteille - 1L","p":2.98,"u":"2,98 €/L","img":"https://fd5-photos.leclercdrive.fr/image.ashx?id=2735137&use=l&cat=p&typeid=i","cat":284531},{"id":25576,"n":"Limonade Cristal Lorina 1,25L","p":2.22,"u":"1,78 €/L","img":"https://fd5-photos.leclercdrive.fr/image.ashx?id=2575555&use=l&cat=p&typeid=i","cat":284531},{"id":25587,"n":"Vin mousseux de France Kriter Blanc Brut - 75cl","p":4.74,"u":"6,32 €/L","img":"https://fd5-photos.leclercdrive.fr/image.ashx?id=2840868&use=l&cat=p&typeid=i","cat":284544},{"id":25589,"n":"Nectar Bio Pressade Orange pêche abricot - 1,5L","p":2.56,"u":"1,71 €/L","img":"https://fd5-photos.leclercdrive.fr/image.ashx?id=2732503&use=l&cat=p&typeid=i","cat":284521},{"id":25593,"n":"Boisson aux fruits Capri Sun Multivitaminé - 10x20cl","p":3.37,"u":"1,69 €/L","img":"https://fd5-photos.leclercdrive.fr/image.ashx?id=2447067&use=l&cat=p&typeid=i","cat":295018},{"id":25596,"n":"Nectar Bio Pressade Multifruits - 6x20cl","p":2.56,"u":"2,13 €/L","img":"https://fd5-photos.leclercdrive.fr/image.ashx?id=2732518&use=l&cat=p&typeid=i","cat":284524},{"id":25609,"n":"Saucisses aux lentilles  William Saurin- 840g","p":3.41,"u":"4,06 €/KG","img":"https://fd5-photos.leclercdrive.fr/image.ashx?id=2890070&use=l&cat=p&typeid=i","cat":284441},{"id":25619,"n":"Pastis Ricard Anisé 45% vol - 1,5L","p":29.75,"u":"19,83 €/L","img":"https://fd5-photos.leclercdrive.fr/image.ashx?id=2839115&use=l&cat=p&typeid=i","cat":284548},{"id":25627,"n":"Sirop Moulin de Valdonne Violette - 70cl","p":3.47,"u":"4,96 €/L","img":"https://fd5-photos.leclercdrive.fr/image.ashx?id=2756918&use=l&cat=p&typeid=i","cat":295020},{"id":25630,"n":"Taboulé Menu Fraîcheur Poulet - 500g","p":2.11,"u":"4,22 €/KG","img":"https://fd5-photos.leclercdrive.fr/image.ashx?id=2901449&use=l&cat=p&typeid=i","cat":333657},{"id":25632,"n":"Vodka Absolut 40% vol - 70cl","p":17.66,"u":"25,23 €/L","img":"https://fd5-photos.leclercdrive.fr/image.ashx?id=2887239&use=l&cat=p&typeid=i","cat":284550},{"id":25661,"n":"Rasoir Siliss 3 lames - +1 recharge","p":4.25,"img":"https://fd5-photos.leclercdrive.fr/image.ashx?id=2699411&use=l&cat=p&typeid=i","cat":325352},{"id":25669,"n":"Pâtes de fruits rouges NRT   De Provence - 180g","p":3.55,"u":"19,72 €/KG","img":"https://fd5-photos.leclercdrive.fr/image.ashx?id=2771049&use=l&cat=p&typeid=i","cat":284499},{"id":25685,"n":"Bouillon Cube Maggi Boeuf - 180g","p":1.43,"u":"7,94 €/KG","img":"https://fd5-photos.leclercdrive.fr/image.ashx?id=2882896&use=l&cat=p&typeid=i","cat":288379},{"id":25686,"n":"Bouillon Cube Maggi Volaille - 180g","p":1.39,"u":"7,72 €/KG","img":"https://fd5-photos.leclercdrive.fr/image.ashx?id=2737003&use=l&cat=p&typeid=i","cat":288379},{"id":25689,"n":"AOC Coteaux Varois rosé Terres de Saint-Louis - 75cl","p":4.8,"u":"6,40 €/L","img":"https://fd5-photos.leclercdrive.fr/image.ashx?id=2105905&use=l&cat=p&typeid=i","cat":289558},{"id":25729,"n":"Vinaigrette balsamique Puget Tomate séchée - 33cl","p":2.28,"u":"6,91 €/L","img":"https://fd5-photos.leclercdrive.fr/image.ashx?id=2912143&use=l&cat=p&typeid=i","cat":284456},{"id":25738,"n":"Blanc de poulet Fleury Michon -25% de sel x4 - 160g","p":2.0,"u":"12,50 €/KG","img":"https://fd5-photos.leclercdrive.fr/image.ashx?id=2885974&use=l&cat=p&typeid=i","cat":316010},{"id":25739,"n":"Bûche de chèvre Les Croisés Fondante 22%mg - 180g","p":1.84,"u":"10,22 €/KG","img":"https://fd5-photos.leclercdrive.fr/image.ashx?id=2946838&use=l&cat=p&typeid=i","cat":314031},{"id":25742,"n":"Macédoine Menu Fraîcheur  Légumes - 300g","p":1.59,"u":"5,30 €/KG","img":"https://fd5-photos.leclercdrive.fr/image.ashx?id=2901446&use=l&cat=p&typeid=i","cat":333657},{"id":25743,"n":"Mascarpone Les Croisés - 500g","p":3.08,"u":"6,16 €/KG","img":"https://fd5-photos.leclercdrive.fr/image.ashx?id=2123626&use=l&cat=p&typeid=i","cat":314026},{"id":25744,"n":"Nems au Poulet Tables du Monde  x4  - 280g","p":1.79,"u":"6,39 €/KG","img":"https://fd5-photos.leclercdrive.fr/image.ashx?id=2953338&use=l&cat=p&typeid=i","cat":333673},{"id":25746,"n":"Saucisse de volaille Tradilège  x10 350g","p":1.47,"u":"4,20 €/KG","img":"https://fd5-photos.leclercdrive.fr/image.ashx?id=2625110&use=l&cat=p&typeid=i","cat":316012},{"id":25748,"n":"Hachés au colin d'Alaska Pêche Océan - 200g","p":2.24,"u":"11,20 €/KG","img":"https://fd5-photos.leclercdrive.fr/image.ashx?id=2953623&use=l&cat=p&typeid=i","cat":284344},{"id":25749,"n":"Hachés au saumon Pêche Océan à la ciboulette - 200g","p":2.25,"u":"11,25 €/KG","img":"https://fd5-photos.leclercdrive.fr/image.ashx?id=2953632&use=l&cat=p&typeid=i","cat":284344},{"id":25764,"n":"Olives noires Tramier Dénoyautées - 150g","p":1.42,"u":"9,47 €/KG","img":"https://fd5-photos.leclercdrive.fr/image.ashx?id=2840814&use=l&cat=p&typeid=i","cat":284458},{"id":25765,"n":"Céréales Nestlé Mix Chocapic, Lion, Nesquik x6","p":2.13,"u":"11,21 €/KG","img":"https://fd5-photos.leclercdrive.fr/image.ashx?id=2981364&use=l&cat=p&typeid=i","cat":309513},{"id":25779,"n":"Yaourts Lait de chèvre Soignon Nature - 4x125g","p":1.83,"u":"3,66 €/KG","img":"https://fd5-photos.leclercdrive.fr/image.ashx?id=2518250&use=l&cat=p&typeid=i","cat":314998},{"id":25793,"n":"AOP Côtes du Rhône rouge Cellier des Dauphins - BIB 3L","p":11.35,"u":"3,78 €/L","img":"https://fd5-photos.leclercdrive.fr/image.ashx?id=2830006&use=l&cat=p&typeid=i","cat":289560},{"id":25805,"n":"Légumes pour pot au feu Panier du Primeur - 1kg","p":2.49,"u":"2,49 €/KG","img":"https://fd5-photos.leclercdrive.fr/image.ashx?id=2958717&use=l&cat=p&typeid=i","cat":284352},{"id":25806,"n":"Lingettes bébé H2O Biolane Epaisses - x72","p":1.8,"u":"0,03 €/P","img":"https://fd5-photos.leclercdrive.fr/image.ashx?id=2877910&use=l&cat=p&typeid=i","cat":284738},{"id":25808,"n":"Protection incontinence Chorys Homme - Important - x20","p":5.38,"u":"0,27 €/P","img":"https://fd5-photos.leclercdrive.fr/image.ashx?id=2672933&use=l&cat=p&typeid=i","cat":291514},{"id":25811,"n":"Salade Coleslaw Menu Fraîcheur  500g","p":1.83,"u":"3,66 €/KG","img":"https://fd5-photos.leclercdrive.fr/image.ashx?id=2645930&use=l&cat=p&typeid=i","cat":333657},{"id":25815,"n":"Dessert lacté Délisse Chocolat - 4x100g","p":1.27,"u":"3,18 €/KG","img":"https://fd5-photos.leclercdrive.fr/image.ashx?id=2953401&use=l&cat=p&typeid=i","cat":285041},{"id":25817,"n":"Emincés de saumon fumé ASC Ronde des mers - 100g","p":4.65,"u":"46,50 €/KG","img":"https://fd5-photos.leclercdrive.fr/image.ashx?id=2953620&use=l&cat=p&typeid=i","cat":285188},{"id":25819,"n":"Feuilletés Jambon Emmental Coté Table - 2x140g","p":2.99,"u":"10,68 €/KG","img":"https://fd5-photos.leclercdrive.fr/image.ashx?id=2846517&use=l&cat=p&typeid=i","cat":333671},{"id":25820,"n":"Flammekueche Coté Table 350g","p":1.88,"u":"5,37 €/KG","img":"https://fd5-photos.leclercdrive.fr/image.ashx?id=2064819&use=l&cat=p&typeid=i","cat":333680},{"id":25825,"n":"Fromage de brebis Les Croisés 210g","p":2.86,"u":"13,62 €/KG","img":"https://fd5-photos.leclercdrive.fr/image.ashx?id=2900112&use=l&cat=p&typeid=i","cat":329184},{"id":25836,"n":"Choucroute garnie  William Saurin - 800g","p":3.95,"u":"4,94 €/KG","img":"https://fd5-photos.leclercdrive.fr/image.ashx?id=2890058&use=l&cat=p&typeid=i","cat":284441},{"id":25839,"n":"Couscous parfumé Tipiak Prêt en 5 min  - 500g","p":2.02,"u":"4,04 €/KG","img":"https://fd5-photos.leclercdrive.fr/image.ashx?id=2946937&use=l&cat=p&typeid=i","cat":284429},{"id":25854,"n":"Mignonnettes Côte d'Or Chocolat noir /orange - 24x10g","p":5.13,"u":"21,38 €/KG","img":"https://fd5-photos.leclercdrive.fr/image.ashx?id=3009152&use=l&cat=p&typeid=i","cat":284499},{"id":25855,"n":"Noix d'epaule Tulip Boîte - 340g","p":3.37,"u":"9,91 €/KG","img":"https://fd5-photos.leclercdrive.fr/image.ashx?id=2465598&use=l&cat=p&typeid=i","cat":305149},{"id":25856,"n":"Olives vertes La Ciota Farcies anchois - 120g","p":1.96,"u":"16,33 €/KG","img":"https://fd5-photos.leclercdrive.fr/image.ashx?id=2296575&use=l&cat=p&typeid=i","cat":284458},{"id":25860,"n":"Pain au chocolat La Boulangère Pur beurre - x8 - 400g","p":2.73,"u":"6,83 €/KG","img":"https://fd5-photos.leclercdrive.fr/image.ashx?id=2912182&use=l&cat=p&typeid=i","cat":296366},{"id":25865,"n":"Préparation taboulé Tipiak Menthe citron olive - 350g","p":2.05,"u":"5,86 €/KG","img":"https://fd5-photos.leclercdrive.fr/image.ashx?id=2973862&use=l&cat=p&typeid=i","cat":284429},{"id":25868,"n":"Flocons d'avoine Quaker Oats Classic - 800g","p":2.24,"u":"2,80 €/KG","img":"https://fd5-photos.leclercdrive.fr/image.ashx?id=2344498&use=l&cat=p&typeid=i","cat":309512},{"id":25879,"n":"Bâtonnets Dentastix Pedigree Petit chien x28 - 440g","p":5.5,"u":"12,50 €/KG","img":"https://fd5-photos.leclercdrive.fr/image.ashx?id=2877106&use=l&cat=p&typeid=i","cat":294527},{"id":25887,"n":"Tablette chocolat Côte d'Or Noir Extra 2x200g","p":4.93,"u":"12,33 €/KG","img":"https://fd5-photos.leclercdrive.fr/image.ashx?id=2882065&use=l&cat=p&typeid=i","cat":284956},{"id":25889,"n":"Mignonnettes Côte d'Or Chocolat au lait - 24x10g","p":5.63,"u":"23,46 €/KG","img":"https://fd5-photos.leclercdrive.fr/image.ashx?id=3002210&use=l&cat=p&typeid=i","cat":284499},{"id":25893,"n":"Tablette chocolat Côte d'Or Chocolat noir - 200g","p":2.73,"u":"13,65 €/KG","img":"https://fd5-photos.leclercdrive.fr/image.ashx?id=2993119&use=l&cat=p&typeid=i","cat":284956},{"id":25898,"n":"Chocolat Nougatti Côte d'Or Nougat/chocolat au lait -270g","p":4.41,"u":"16,33 €/KG","img":"https://fd5-photos.leclercdrive.fr/image.ashx?id=2612388&use=l&cat=p&typeid=i","cat":284498},{"id":25913,"n":"Chocolat noir Côte d'Or Nougat 130g","p":2.95,"u":"22,69 €/KG","img":"https://fd5-photos.leclercdrive.fr/image.ashx?id=2985588&use=l&cat=p&typeid=i","cat":284956},{"id":25914,"n":"Tablette chocolat Côte d'Or Chocolat noir praliné - 200g","p":3.48,"u":"17,40 €/KG","img":"https://fd5-photos.leclercdrive.fr/image.ashx?id=2941943&use=l&cat=p&typeid=i","cat":284956},{"id":26014,"n":"Colin d'Alaska Marie Petites St Jacques Hisseo 900g","p":5.22,"u":"5,80 €/KG","img":"https://fd5-photos.leclercdrive.fr/image.ashx?id=2996758&use=l&cat=p&typeid=i","cat":319786},{"id":26027,"n":"Gel douche Eco  Senteur vanille - 500ml","p":0.65,"u":"1,30 €/L","img":"https://fd5-photos.leclercdrive.fr/image.ashx?id=2965789&use=l&cat=p&typeid=i","cat":284594},{"id":26030,"n":"Masque Inell Film purifiant x2","p":0.99,"img":"https://fd5-photos.leclercdrive.fr/image.ashx?id=2691625&use=l&cat=p&typeid=i","cat":325346},{"id":26045,"n":"Activateur biologique Syphon Pour fosses septiques 26sachets","p":6.23,"img":"https://fd5-photos.leclercdrive.fr/image.ashx?id=2558805&use=l&cat=p&typeid=i","cat":284908},{"id":26065,"n":"Saucisson Petit Justin Bridou  Bâton de Berger Nature - 100g","p":2.07,"u":"20,70 €/KG","img":"https://fd5-photos.leclercdrive.fr/image.ashx?id=2851036&use=l&cat=p&typeid=i","cat":316006},{"id":26087,"n":"Fromage blanc sous mousse  gervita nature - 8x100g","p":3.47,"u":"4,34 €/KG","img":"https://fd5-photos.leclercdrive.fr/image.ashx?id=2265768&use=l&cat=p&typeid=i","cat":284409},{"id":26151,"n":"Sucre Eco+  En poudre - 1kg","p":0.95,"u":"0,95 €/KG","img":"https://fd5-photos.leclercdrive.fr/image.ashx?id=2675679&use=l&cat=p&typeid=i","cat":284502},{"id":26153,"n":"Salade Americaine Eco+ Au thon - 280g","p":1.12,"u":"4,00 €/KG","img":"https://fd5-photos.leclercdrive.fr/image.ashx?id=2873649&use=l&cat=p&typeid=i","cat":284437},{"id":26154,"n":"Salade Niçoise Eco+ Au thon - 280g","p":1.12,"u":"4,00 €/KG","img":"https://fd5-photos.leclercdrive.fr/image.ashx?id=2896012&use=l&cat=p&typeid=i","cat":284437},{"id":26183,"n":"Adoucissant Hyperdou Rêve de fraîcheur - 3x250ml","p":1.23,"u":"1,64 €/L","img":"https://fd5-photos.leclercdrive.fr/image.ashx?id=2643318&use=l&cat=p&typeid=i","cat":284650},{"id":26185,"n":"Lingettes désinfectante Sanytol Multi-usage Eucalyptus - x72","p":1.52,"u":"0,03 €/P","img":"https://fd5-photos.leclercdrive.fr/image.ashx?id=2899353&use=l&cat=p&typeid=i","cat":325358},{"id":26220,"n":"Sucre Eco+ Cristal  - 5kg","p":5.02,"u":"1,00 €/KG","img":"https://fd5-photos.leclercdrive.fr/image.ashx?id=3010413&use=l&cat=p&typeid=i","cat":284502},{"id":26271,"n":"Rôti de porc Tradilège 6 tranches VPF 180g","p":2.38,"u":"13,22 €/KG","img":"https://fd5-photos.leclercdrive.fr/image.ashx?id=2675786&use=l&cat=p&typeid=i","cat":316009},{"id":26278,"n":"Mélange chili mexicain Ducros Sachet malin - 20g","p":1.4,"u":"70,00 €/KG","img":"https://fd5-photos.leclercdrive.fr/image.ashx?id=2326661&use=l&cat=p&typeid=i","cat":298297},{"id":26279,"n":"Mélange couscous royal Ducros Sachet malin - 20g","p":1.52,"u":"76,00 €/KG","img":"https://fd5-photos.leclercdrive.fr/image.ashx?id=2490491&use=l&cat=p&typeid=i","cat":298297},{"id":26281,"n":"Mélange malin Ducros Pour plats Mexicains - 40g","p":1.92,"u":"48,00 €/KG","img":"https://fd5-photos.leclercdrive.fr/image.ashx?id=2559445&use=l&cat=p&typeid=i","cat":298297},{"id":26309,"n":"Boîte chat Whiskas  Gelée mer & campagne - 8x400g","p":9.59,"u":"3,07 €/KG","img":"https://fd5-photos.leclercdrive.fr/image.ashx?id=2759628&use=l&cat=p&typeid=i","cat":285601},{"id":26310,"n":"Cornichons Kühne Aigre doux - 360g","p":2.21,"u":"6,14 €/KG","img":"https://fd5-photos.leclercdrive.fr/image.ashx?id=2550925&use=l&cat=p&typeid=i","cat":284458},{"id":26316,"n":"Mini-crêpes fourrées Tokapi Bacon - 65g","p":1.9,"u":"29,23 €/KG","img":"https://fd5-photos.leclercdrive.fr/image.ashx?id=2853886&use=l&cat=p&typeid=i","cat":297000},{"id":26323,"n":"Soda Jean's Cola Canette - 12x15cl","p":3.75,"u":"2,08 €/L","img":"https://fd5-photos.leclercdrive.fr/image.ashx?id=2637895&use=l&cat=p&typeid=i","cat":284530},{"id":26376,"n":"Pepites de chocolat au lait Vahiné - 100g","p":2.03,"u":"20,30 €/KG","img":"https://fd5-photos.leclercdrive.fr/image.ashx?id=2983243&use=l&cat=p&typeid=i","cat":284504},{"id":26377,"n":"Pépites Vahiné Chocolat chunks - 100g","p":2.7,"u":"27,00 €/KG","img":"https://fd5-photos.leclercdrive.fr/image.ashx?id=2606262&use=l&cat=p&typeid=i","cat":284504},{"id":26443,"n":"Liqueur Litchi Yen Li 15%vol. - 70cl","p":7.23,"u":"10,33 €/L","img":"https://fd5-photos.leclercdrive.fr/image.ashx?id=2710789&use=l&cat=p&typeid=i","cat":286032},{"id":26449,"n":"Vin mousseux supérieur Opéra Brut 11%vol 75cl","p":3.01,"u":"4,01 €/L","img":"https://fd5-photos.leclercdrive.fr/image.ashx?id=2971999&use=l&cat=p&typeid=i","cat":284544},{"id":26457,"n":"Bière blonde Abbaye Alveringem 6.2%vol. - 6x25cl","p":3.4,"u":"2,27 €/L","img":"https://fd5-photos.leclercdrive.fr/image.ashx?id=2637892&use=l&cat=p&typeid=i","cat":334852},{"id":26461,"n":"Lait sans lactose Délisse UHT Bouteille -  1L","p":1.25,"u":"1,25 €/L","img":"https://fd5-photos.leclercdrive.fr/image.ashx?id=2610217&use=l&cat=p&typeid=i","cat":317169},{"id":26464,"n":"Steak haché 5% MG Bio Village Bio 2x100g","p":4.59,"u":"22,95 €/KG","img":"https://fd5-photos.leclercdrive.fr/image.ashx?id=2951338&use=l&cat=p&typeid=i","cat":284332},{"id":26484,"n":"Croquette chat stérilisé Ultima  Poulet - 3kg","p":11.59,"u":"3,86 €/KG","img":"https://fd5-photos.leclercdrive.fr/image.ashx?id=2918886&use=l&cat=p&typeid=i","cat":284680},{"id":26512,"n":"Fromage blanc Délisse Fraise 5.5%MG - 500g","p":2.55,"u":"5,10 €/KG","img":"https://fd5-photos.leclercdrive.fr/image.ashx?id=3009514&use=l&cat=p&typeid=i","cat":284409},{"id":26562,"n":"Lait sans lactose Délisse UHT Bouteille -  6x1L","p":7.5,"u":"1,25 €/L","img":"https://fd5-photos.leclercdrive.fr/image.ashx?id=2366292&use=l&cat=p&typeid=i","cat":317169},{"id":26569,"n":"Filet de poulet blanc Le Gaulois 720g","p":9.54,"u":"13,25 €/KG","img":"https://fd5-photos.leclercdrive.fr/image.ashx?id=3003212&use=l&cat=p&typeid=i","cat":284336},{"id":26570,"n":"Filet de poulet jaune Le Gaulois 720g","p":7.1,"u":"9,86 €/KG","img":"https://fd5-photos.leclercdrive.fr/image.ashx?id=3003209&use=l&cat=p&typeid=i","cat":284336},{"id":26586,"n":"Fromage blanc Déli'light Vanille 0%MG - 8x100g","p":2.66,"u":"3,33 €/KG","img":"https://fd5-photos.leclercdrive.fr/image.ashx?id=2043352&use=l&cat=p&typeid=i","cat":315000},{"id":26608,"n":"Sardines Label Rouge Les Dieux Huile d'olive vierge extra 115g","p":2.61,"u":"22,70 €/KG","img":"https://fd5-photos.leclercdrive.fr/image.ashx?id=3008224&use=l&cat=p&typeid=i","cat":305146},{"id":26611,"n":"Sel moulu Le Guérandais Tradition - 250g","p":1.75,"u":"7,00 €/KG","img":"https://fd5-photos.leclercdrive.fr/image.ashx?id=1954622&use=l&cat=p&typeid=i","cat":284457},{"id":26643,"n":"Viande Bovine Rumsteack Socopa Aux trois poivres - x2 - 240g","p":5.28,"u":"22,00 €/KG","img":"https://fd5-photos.leclercdrive.fr/image.ashx?id=2413492&use=l&cat=p&typeid=i","cat":284328},{"id":26647,"n":"Chair à saucisses porc Férial 400g","p":3.49,"u":"8,73 €/KG","img":"https://fd5-photos.leclercdrive.fr/image.ashx?id=2953308&use=l&cat=p&typeid=i","cat":284332},{"id":26713,"n":"Brownie Brossard Chocolat pépites 285g","p":2.67,"u":"9,37 €/KG","img":"https://fd5-photos.leclercdrive.fr/image.ashx?id=2977492&use=l&cat=p&typeid=i","cat":294776},{"id":26722,"n":"Ratatouille Cuisinée Cassegrain à la Provençale 660g","p":3.6,"u":"5,45 €/KG","img":"https://fd5-photos.leclercdrive.fr/image.ashx?id=2902660&use=l&cat=p&typeid=i","cat":312612},{"id":26732,"n":"Jeunes pousses Bonduelle  - 145g","p":2.23,"u":"15,38 €/KG","img":"https://fd5-photos.leclercdrive.fr/image.ashx?id=2556900&use=l&cat=p&typeid=i","cat":284353},{"id":26733,"n":"Dessert végétal au soja Sojasun Nature - 12x100g","p":3.04,"u":"2,53 €/KG","img":"https://fd5-photos.leclercdrive.fr/image.ashx?id=2355665&use=l&cat=p&typeid=i","cat":316071},{"id":26801,"n":"Langue de boeuf Hénaff Sauce Madère 410g","p":5.58,"u":"13,61 €/KG","img":"https://fd5-photos.leclercdrive.fr/image.ashx?id=2334359&use=l&cat=p&typeid=i","cat":284441},{"id":26819,"n":"Boisson aromatisée Vin rosé Pamplemousse 7.5%,vol BIB 3L","p":9.44,"u":"3,15 €/L","img":"https://fd5-photos.leclercdrive.fr/image.ashx?id=2470024&use=l&cat=p&typeid=i","cat":304569},{"id":26820,"n":"IGP Pays d'Oc rouge Roche Mazet Merlot - BIB 3L","p":10.6,"u":"3,53 €/L","img":"https://fd5-photos.leclercdrive.fr/image.ashx?id=2597387&use=l&cat=p&typeid=i","cat":289560},{"id":26840,"n":"Spray Détachant Vanish  Avant-lavage - 750ml","p":4.46,"u":"5,95 €/L","img":"https://fd5-photos.leclercdrive.fr/image.ashx?id=2963913&use=l&cat=p&typeid=i","cat":284651},{"id":26926,"n":"Couches bébé Mots d'Enfants -T3 Ultra confort - 4/9kg - x162","p":19.7,"u":"0,12 €/P","img":"https://fd5-photos.leclercdrive.fr/image.ashx?id=2573987&use=l&cat=p&typeid=i","cat":284737},{"id":26945,"n":"Bâtonnets Trium Noix de coco x4 - 292g","p":2.69,"u":"9,21 €/KG","img":"https://fd5-photos.leclercdrive.fr/image.ashx?id=2767501&use=l&cat=p&typeid=i","cat":284265},{"id":26988,"n":"Courgette Eco+ 1kg","p":2.49,"u":"2,49 €/KG","img":"https://fd5-photos.leclercdrive.fr/image.ashx?id=2625689&use=l&cat=p&typeid=i","cat":284352},{"id":26998,"n":"Sachet repas chats Gourmet Les filettines en sauce -12x85g","p":5.45,"u":"5,34 €/KG","img":"https://fd5-photos.leclercdrive.fr/image.ashx?id=2902277&use=l&cat=p&typeid=i","cat":285286},{"id":27026,"n":"Huggies® Little Swimmers® Maxipack Taille 3-4 x20","p":10.73,"u":"0,54 €/P","img":"https://fd5-photos.leclercdrive.fr/image.ashx?id=2844703&use=l&cat=p&typeid=i","cat":290634},{"id":27086,"n":"Crème légère fluide UHT Bio Bio Village 15%mg - 3x20cl","p":3.65,"u":"6,08 €/L","img":"https://fd5-photos.leclercdrive.fr/image.ashx?id=2694434&use=l&cat=p&typeid=i","cat":284381},{"id":27087,"n":"Crème entière fluide UHT Bio Bio Village 30% MG - 3x20cl","p":3.96,"u":"6,60 €/L","img":"https://fd5-photos.leclercdrive.fr/image.ashx?id=2496899&use=l&cat=p&typeid=i","cat":284381},{"id":27088,"n":"Glace à l'eau Stick Smicy 5 parfums x20 - 845g","p":2.74,"u":"3,24 €/KG","img":"https://fd5-photos.leclercdrive.fr/image.ashx?id=2073057&use=l&cat=p&typeid=i","cat":285250},{"id":27093,"n":"Compote Douceur du Verger Coupelle pomme abricot - 4x100g","p":1.19,"u":"2,98 €/KG","img":"https://fd5-photos.leclercdrive.fr/image.ashx?id=2663500&use=l&cat=p&typeid=i","cat":284508},{"id":27098,"n":"Café moulu Plantation Brésil - 250g","p":3.71,"u":"14,84 €/KG","img":"https://fd5-photos.leclercdrive.fr/image.ashx?id=2607512&use=l&cat=p&typeid=i","cat":284750},{"id":27105,"n":"Corned Beef Hereford 7 Oz  - 200g","p":2.2,"u":"11,00 €/KG","img":"https://fd5-photos.leclercdrive.fr/image.ashx?id=2896943&use=l&cat=p&typeid=i","cat":305149},{"id":27108,"n":"Steak haché 5%mg Férial façon bouchère - 250g","p":4.49,"u":"17,96 €/KG","img":"https://fd5-photos.leclercdrive.fr/image.ashx?id=2903989&use=l&cat=p&typeid=i","cat":284332},{"id":27109,"n":"Steak haché 15mg Férial Façon bouchère - 250g","p":3.99,"u":"15,96 €/KG","img":"https://fd5-photos.leclercdrive.fr/image.ashx?id=2903992&use=l&cat=p&typeid=i","cat":284332},{"id":27114,"n":"Lait céréales Blédidej 12 mois Chocolat - 4x250ml","p":3.52,"u":"3,52 €/L","img":"https://fd5-photos.leclercdrive.fr/image.ashx?id=2921058&use=l&cat=p&typeid=i","cat":312226},{"id":27123,"n":"Petit sucre Beghin Say Morceaux boite - 1kg","p":2.58,"u":"2,58 €/KG","img":"https://fd5-photos.leclercdrive.fr/image.ashx?id=2855100&use=l&cat=p&typeid=i","cat":284502},{"id":27126,"n":"Sucre Beghin Say Saveur vergeoise brune - 500g","p":1.28,"u":"2,56 €/KG","img":"https://fd5-photos.leclercdrive.fr/image.ashx?id=2860178&use=l&cat=p&typeid=i","cat":284502},{"id":27141,"n":"Bière blonde Saint Omer 4%vol. - 1L","p":1.6,"u":"1,60 €/L","img":"https://fd5-photos.leclercdrive.fr/image.ashx?id=2939334&use=l&cat=p&typeid=i","cat":334873},{"id":27149,"n":"Bonbons Croibleu Sève de pin - 250g","p":2.0,"u":"8,00 €/KG","img":"https://fd5-photos.leclercdrive.fr/image.ashx?id=1640045&use=l&cat=p&typeid=i","cat":304252},{"id":27152,"n":"Graisse à frire de boeuf Sans odeur - 1kg","p":3.51,"u":"3,51 €/KG","img":"https://fd5-photos.leclercdrive.fr/image.ashx?id=1753526&use=l&cat=p&typeid=i","cat":284453},{"id":27172,"n":"Boisson lactée allégé Candy'UP Chocolat - 6x20cl","p":2.7,"u":"2,25 €/L","img":"https://fd5-photos.leclercdrive.fr/image.ashx?id=2492148&use=l&cat=p&typeid=i","cat":295246},{"id":27174,"n":"Bière blonde Tripel Karmeliet 8,4% - 75cl","p":4.6,"u":"6,13 €/L","img":"https://fd5-photos.leclercdrive.fr/image.ashx?id=2861180&use=l&cat=p&typeid=i","cat":334872},{"id":27178,"n":"Friandises Fun Tastix Fido Jambon fromage - 150g","p":1.49,"u":"9,93 €/KG","img":"https://fd5-photos.leclercdrive.fr/image.ashx?id=2681212&use=l&cat=p&typeid=i","cat":294527},{"id":27186,"n":"Bière blonde Leffe Triple 8,5% - 75cl","p":3.13,"u":"4,17 €/L","img":"https://fd5-photos.leclercdrive.fr/image.ashx?id=1890049&use=l&cat=p&typeid=i","cat":334852},{"id":27207,"n":"Eau minérale naturelle St Amand Gazeuse - 6x1L","p":2.65,"u":"0,44 €/L","img":"https://fd5-photos.leclercdrive.fr/image.ashx?id=2549606&use=l&cat=p&typeid=i","cat":284536},{"id":27214,"n":"Bière blonde Triple Karmeliet 33cl","p":2.58,"u":"7,82 €/L","img":"https://fd5-photos.leclercdrive.fr/image.ashx?id=1875926&use=l&cat=p&typeid=i","cat":334872},{"id":27228,"n":"Couches bébé Mots d'Enfants Ecologique - T3 : 4/9kg - x36","p":8.99,"u":"0,25 €/P","img":"https://fd5-photos.leclercdrive.fr/image.ashx?id=2904559&use=l&cat=p&typeid=i","cat":284737},{"id":27230,"n":"Couches bébé Mots d'Enfants Ecologique - T5 : 11/25kg - x28","p":9.29,"u":"0,33 €/P","img":"https://fd5-photos.leclercdrive.fr/image.ashx?id=2904565&use=l&cat=p&typeid=i","cat":284737},{"id":27260,"n":"Profiteroles La Laitière Chocolat - 4x90g","p":2.77,"u":"7,69 €/KG","img":"https://fd5-photos.leclercdrive.fr/image.ashx?id=3007981&use=l&cat=p&typeid=i","cat":284419},{"id":27284,"n":"Gingembre Barquette   250g","p":3.19,"u":"12,76 €/KG","img":"https://fd5-photos.leclercdrive.fr/image.ashx?id=1631979&use=l&cat=p&typeid=i","cat":284352},{"id":27372,"n":"Adoucissant Hyperdou Douceur pêche - 3x250ml","p":1.24,"u":"1,65 €/L","img":"https://fd5-photos.leclercdrive.fr/image.ashx?id=2657208&use=l&cat=p&typeid=i","cat":284650},{"id":27377,"n":"Cordons bleus Isla Délice Halal - x4 400g","p":3.44,"u":"8,60 €/KG","img":"https://fd5-photos.leclercdrive.fr/image.ashx?id=2249689&use=l&cat=p&typeid=i","cat":319780},{"id":27398,"n":"Saucisse Isla Délice Halal - Goût volaille - 500g","p":2.37,"u":"4,74 €/KG","img":"https://fd5-photos.leclercdrive.fr/image.ashx?id=1989117&use=l&cat=p&typeid=i","cat":316013},{"id":27434,"n":"Coupelles Pêches DDV Sirop léger - 4x70 g","p":2.49,"u":"8,89 €/KG","img":"https://fd5-photos.leclercdrive.fr/image.ashx?id=2100784&use=l&cat=p&typeid=i","cat":284507},{"id":27531,"n":"Assortiment exotique Tables du Monde 470g","p":4.79,"u":"10,19 €/KG","img":"https://fd5-photos.leclercdrive.fr/image.ashx?id=1735978&use=l&cat=p&typeid=i","cat":333673},{"id":27566,"n":"Ruban adhésif d'emballage Siléa Largeur 50mm x 66 mètres","p":2.84,"img":"https://fd5-photos.leclercdrive.fr/image.ashx?id=2162345&use=l&cat=p&typeid=i","cat":300576},{"id":27576,"n":"Barres céréales Special K Kellogg's Fruits rouges 6x21,5g","p":2.07,"u":"16,05 €/KG","img":"https://fd5-photos.leclercdrive.fr/image.ashx?id=3003176&use=l&cat=p&typeid=i","cat":285869},{"id":27709,"n":"Dentifrice Dentamyl Soin complet sensitive 75ml","p":0.92,"u":"12,27 €/L","img":"https://fd5-photos.leclercdrive.fr/image.ashx?id=2489119&use=l&cat=p&typeid=i","cat":284612},{"id":27721,"n":"Emmental Les Croisés En tranches - 200g","p":1.94,"u":"9,70 €/KG","img":"https://fd5-photos.leclercdrive.fr/image.ashx?id=2436317&use=l&cat=p&typeid=i","cat":314028},{"id":27798,"n":"Bière ambrée corse Pietra 6° - 75cl","p":3.63,"u":"4,84 €/L","img":"https://fd5-photos.leclercdrive.fr/image.ashx?id=2992921&use=l&cat=p&typeid=i","cat":334872},{"id":27834,"n":"Pizza Crousti-moelleuse Marie 4 fromages - 510g","p":3.85,"u":"7,55 €/KG","img":"https://fd5-photos.leclercdrive.fr/image.ashx?id=2996749&use=l&cat=p&typeid=i","cat":284256},{"id":27961,"n":"Poulet basquaise Marie Riz à la tomate - 900g","p":4.87,"u":"5,41 €/KG","img":"https://fd5-photos.leclercdrive.fr/image.ashx?id=2996779&use=l&cat=p&typeid=i","cat":284254},{"id":27976,"n":"Eau minérale naturelle Vittel 8x33cl","p":2.69,"u":"1,02 €/L","img":"https://fd5-photos.leclercdrive.fr/image.ashx?id=3000423&use=l&cat=p&typeid=i","cat":284535},{"id":27977,"n":"Eau minérale naturelle Vittel 6x50cl","p":2.32,"u":"0,77 €/L","img":"https://fd5-photos.leclercdrive.fr/image.ashx?id=2999850&use=l&cat=p&typeid=i","cat":284535},{"id":28021,"n":"Dentifrice enfant Dentamyl Gel fraise - 75ml","p":1.25,"u":"16,67 €/L","img":"https://fd5-photos.leclercdrive.fr/image.ashx?id=2613831&use=l&cat=p&typeid=i","cat":288898},{"id":28023,"n":"Duo céréales Comptoir du Grain  Quinoa et Boulgour - 400g","p":2.05,"u":"5,13 €/KG","img":"https://fd5-photos.leclercdrive.fr/image.ashx?id=3012830&use=l&cat=p&typeid=i","cat":284429},{"id":28076,"n":"AOP Madiran rouge Terroirs de Tilhet - 75cl","p":5.25,"pp":3.46,"u":"4,61 €/L","img":"https://fd5-photos.leclercdrive.fr/image.ashx?id=2996830&use=l&cat=p&typeid=i","cat":289556},{"id":28083,"n":"Maïs Notre Jardin Tendre  - 2x300g","p":1.88,"u":"3,13 €/KG","img":"https://fd5-photos.leclercdrive.fr/image.ashx?id=3005661&use=l&cat=p&typeid=i","cat":312611},{"id":28099,"n":"Eau minérale gazeuse St Diery Naturelle - 6x1,25L","p":2.16,"u":"0,29 €/L","img":"https://fd5-photos.leclercdrive.fr/image.ashx?id=2863075&use=l&cat=p&typeid=i","cat":284536},{"id":28203,"n":"Fromage : Le Carré Les Croisés 23%mg - 230g","p":1.92,"u":"8,35 €/KG","img":"https://fd5-photos.leclercdrive.fr/image.ashx?id=2974801&use=l&cat=p&typeid=i","cat":314033},{"id":28209,"n":"Noix de cajou grillées Tokapi Salées - 125g","p":1.48,"u":"11,84 €/KG","img":"https://fd5-photos.leclercdrive.fr/image.ashx?id=2839821&use=l&cat=p&typeid=i","cat":284448},{"id":28216,"n":"Café en grains Bio Village Bio 100% arabica - 250g","p":4.51,"u":"18,04 €/KG","img":"https://fd5-photos.leclercdrive.fr/image.ashx?id=1470434&use=l&cat=p&typeid=i","cat":293237},{"id":28228,"n":"Chocolat Pâtissier Bio Village Bio - Noir  52% cacao - 200g","p":2.75,"u":"13,75 €/KG","img":"https://fd5-photos.leclercdrive.fr/image.ashx?id=2802305&use=l&cat=p&typeid=i","cat":285562},{"id":28241,"n":"Savon mains en crème Manava Lait et miel - 300ml","p":1.05,"u":"3,50 €/L","img":"https://fd5-photos.leclercdrive.fr/image.ashx?id=2935486&use=l&cat=p&typeid=i","cat":284597},{"id":28269,"n":"Sacs congélation Eco+ Moyen modèle - x75","p":1.71,"u":"0,02 €/P","img":"https://fd5-photos.leclercdrive.fr/image.ashx?id=2558748&use=l&cat=p&typeid=i","cat":334134},{"id":28311,"n":"Liqueur Grand Marnier Orange & Cognac - 40%vol - 70cl","p":22.96,"u":"32,80 €/L","img":"https://fd5-photos.leclercdrive.fr/image.ashx?id=3007909&use=l&cat=p&typeid=i","cat":286032},{"id":28323,"n":"Mayonnaise à l'ancienne Rustica 235g","p":1.28,"u":"5,45 €/KG","img":"https://fd5-photos.leclercdrive.fr/image.ashx?id=2580585&use=l&cat=p&typeid=i","cat":298295},{"id":28336,"n":"Huile d'olive Cauvin Vierge extra - 2L","p":22.5,"u":"11,25 €/L","img":"https://fd5-photos.leclercdrive.fr/image.ashx?id=2477739&use=l&cat=p&typeid=i","cat":284453},{"id":28368,"n":"Tablette de chocolat Equador Noir fleur de sel 100g","p":1.42,"u":"14,20 €/KG","img":"https://fd5-photos.leclercdrive.fr/image.ashx?id=2660565&use=l&cat=p&typeid=i","cat":284956},{"id":28419,"n":"Lingettes anti-transfert Texil Tous textiles x25","p":2.32,"u":"0,09 €/P","img":"https://fd5-photos.leclercdrive.fr/image.ashx?id=2964571&use=l&cat=p&typeid=i","cat":290450},{"id":28422,"n":"Choucroute d'Alsace NRT 920g","p":6.87,"u":"7,47 €/KG","img":"https://fd5-photos.leclercdrive.fr/image.ashx?id=2723243&use=l&cat=p&typeid=i","cat":333666},{"id":28423,"n":"Choucroute d'Alsace NRT 370g","p":3.04,"u":"8,22 €/KG","img":"https://fd5-photos.leclercdrive.fr/image.ashx?id=2723246&use=l&cat=p&typeid=i","cat":333665},{"id":28432,"n":"Jus d'ananas Eco + Brique 1L","p":1.57,"u":"1,57 €/L","img":"https://fd5-photos.leclercdrive.fr/image.ashx?id=2595074&use=l&cat=p&typeid=i","cat":284916},{"id":28516,"n":"Chocolat Noir Lindt Excellence  pointe de piment rouge - 100g","p":2.3,"u":"23,00 €/KG","img":"https://fd5-photos.leclercdrive.fr/image.ashx?id=2209200&use=l&cat=p&typeid=i","cat":284956},{"id":28596,"n":"Soupe instantanée Royco  Crème de volaille - 4x200ml","p":1.42,"u":"1,78 €/L","img":"https://fd5-photos.leclercdrive.fr/image.ashx?id=2376413&use=l&cat=p&typeid=i","cat":293527},{"id":28614,"n":"Pur jus d'orange Eco+ Brique - 1L","p":1.87,"u":"1,87 €/L","img":"https://fd5-photos.leclercdrive.fr/image.ashx?id=2802260&use=l&cat=p&typeid=i","cat":284521},{"id":28710,"n":"Lingettes Mots d'Enfants Bio Bébé - x72 lingettes","p":2.53,"u":"0,04 €/P","img":"https://fd5-photos.leclercdrive.fr/image.ashx?id=2856504&use=l&cat=p&typeid=i","cat":284738},{"id":28713,"n":"Tablettes anti-calcaire Calgon 4 en 1 x17 - 221g","p":4.1,"u":"18,55 €/KG","img":"https://fd5-photos.leclercdrive.fr/image.ashx?id=2953761&use=l&cat=p&typeid=i","cat":284653},{"id":28715,"n":"Gel Toilette Intime Fraîcheur Intima Natural Aloe Vera 200ml","p":3.04,"u":"15,20 €/L","img":"https://fd5-photos.leclercdrive.fr/image.ashx?id=2959862&use=l&cat=p&typeid=i","cat":284627},{"id":28724,"n":"Nettoyant écologique Uni Vert Spécial Vitres - 750ml","p":1.79,"u":"2,39 €/L","img":"https://fd5-photos.leclercdrive.fr/image.ashx?id=2370993&use=l&cat=p&typeid=i","cat":325363},{"id":28725,"n":"Nettoyant écologique Uni Vert Spécial Vitres - 750ml","p":1.47,"u":"1,96 €/L","img":"https://fd5-photos.leclercdrive.fr/image.ashx?id=2372341&use=l&cat=p&typeid=i","cat":325363},{"id":28727,"n":"Tablettes anti-calcaire Calgon  4 en 1 - x48","p":9.73,"u":"15,59 €/KG","img":"https://fd5-photos.leclercdrive.fr/image.ashx?id=2954881&use=l&cat=p&typeid=i","cat":284653},{"id":28730,"n":"Bain moussant Manava Vanille et ambre 500ml","p":2.14,"u":"4,28 €/L","img":"https://fd5-photos.leclercdrive.fr/image.ashx?id=2618326&use=l&cat=p&typeid=i","cat":284594},{"id":28809,"n":"Pain burger géant Epi d'Or Nature x4 - 330g","p":0.87,"u":"2,64 €/KG","img":"https://fd5-photos.leclercdrive.fr/image.ashx?id=1861089&use=l&cat=p&typeid=i","cat":325067},{"id":28828,"n":"Pâtes fraîches Turini Gnocchi 380g","p":1.09,"u":"2,87 €/KG","img":"https://fd5-photos.leclercdrive.fr/image.ashx?id=2254526&use=l&cat=p&typeid=i","cat":333682},{"id":28831,"n":"Cookies Méga pépites P'tit Déli Choco amandes caramelisées 184g","p":1.51,"u":"8,21 €/KG","img":"https://fd5-photos.leclercdrive.fr/image.ashx?id=2116128&use=l&cat=p&typeid=i","cat":325066},{"id":28860,"n":"Pain de mie Epi d'or Complet - Spécial mie - 500g","p":1.47,"u":"2,94 €/KG","img":"https://fd5-photos.leclercdrive.fr/image.ashx?id=3012839&use=l&cat=p&typeid=i","cat":284477},{"id":28864,"n":"Cassoulet au confit canard NRT - 300g","p":2.97,"u":"9,90 €/KG","img":"https://fd5-photos.leclercdrive.fr/image.ashx?id=2791926&use=l&cat=p&typeid=i","cat":284953},{"id":28866,"n":"Coq au vin et ses torsades NRT 300g","p":2.61,"u":"8,70 €/KG","img":"https://fd5-photos.leclercdrive.fr/image.ashx?id=2723240&use=l&cat=p&typeid=i","cat":284953},{"id":28869,"n":"Parmentier canard Sud Ouest NRT - 300g","p":2.99,"u":"9,97 €/KG","img":"https://fd5-photos.leclercdrive.fr/image.ashx?id=2925210&use=l&cat=p&typeid=i","cat":284953},{"id":28872,"n":"Saucisses de Toulouse lentilles NRT - 300g","p":2.36,"u":"7,87 €/KG","img":"https://fd5-photos.leclercdrive.fr/image.ashx?id=2723234&use=l&cat=p&typeid=i","cat":284953},{"id":28912,"n":"Pastis 51 Anisé 45% vol - 70cl","p":14.59,"u":"20,84 €/L","img":"https://fd5-photos.leclercdrive.fr/image.ashx?id=2452041&use=l&cat=p&typeid=i","cat":284548},{"id":28942,"n":"Navet Filet de 1kg","p":1.69,"u":"1,69 €/KG","img":"https://fd5-photos.leclercdrive.fr/image.ashx?id=1632584&use=l&cat=p&typeid=i","cat":284352},{"id":28966,"n":"Liqueur Malibu Coco 18% vol - 70cl","p":10.31,"u":"14,73 €/L","img":"https://fd5-photos.leclercdrive.fr/image.ashx?id=2993481&use=l&cat=p&typeid=i","cat":284551},{"id":28970,"n":"Oeufs de lompe Ronde des Mers MSC - 2x100g","p":4.49,"u":"22,45 €/KG","img":"https://fd5-photos.leclercdrive.fr/image.ashx?id=3015257&use=l&cat=p&typeid=i","cat":285191},{"id":29009,"n":"Bûche glacée Eskiss Façon dame blanche - 530g","p":3.75,"u":"7,08 €/KG","img":"https://fd5-photos.leclercdrive.fr/image.ashx?id=2791293&use=l&cat=p&typeid=i","cat":284266},{"id":29047,"n":"Pignons de pin Tablier Blanc 50g","p":2.39,"u":"47,80 €/KG","img":"https://fd5-photos.leclercdrive.fr/image.ashx?id=2867907&use=l&cat=p&typeid=i","cat":323809},{"id":29048,"n":"Pralin Tablier Blanc 100g","p":1.56,"u":"15,60 €/KG","img":"https://fd5-photos.leclercdrive.fr/image.ashx?id=2460604&use=l&cat=p&typeid=i","cat":284504},{"id":29053,"n":"Cocktail Old Nick Mojito 16%vol - 70cl","p":5.84,"u":"8,34 €/L","img":"https://fd5-photos.leclercdrive.fr/image.ashx?id=2926200&use=l&cat=p&typeid=i","cat":284551},{"id":29095,"n":"Yaourts brassés Délisse Vanille - 8x125g","p":2.65,"u":"2,65 €/KG","img":"https://fd5-photos.leclercdrive.fr/image.ashx?id=2372338&use=l&cat=p&typeid=i","cat":284410},{"id":29119,"n":"Potage gourmand Régal Soupe 8 légumes à la crème - 1L","p":1.69,"u":"1,69 €/L","img":"https://fd5-photos.leclercdrive.fr/image.ashx?id=732101&use=l&cat=p&typeid=i","cat":284462},{"id":29129,"n":"Bonbons acidulés Confiséo Aux fruits - 400g","p":2.65,"u":"6,63 €/KG","img":"https://fd5-photos.leclercdrive.fr/image.ashx?id=2934706&use=l&cat=p&typeid=i","cat":304252},{"id":29133,"n":"Sacs poubelle Haute 50L Elembal Poignées coulissantes - x15","p":1.94,"u":"0,13 €/P","img":"https://fd5-photos.leclercdrive.fr/image.ashx?id=2958726&use=l&cat=p&typeid=i","cat":285168},{"id":29134,"n":"Mousse coiffante Vitanove Effet boucles - 200ml","p":1.48,"u":"7,40 €/L","img":"https://fd5-photos.leclercdrive.fr/image.ashx?id=2490040&use=l&cat=p&typeid=i","cat":284609},{"id":29174,"n":"Lait de douche Manava Pêche de vigne - 250ml","p":0.94,"u":"3,76 €/L","img":"https://fd5-photos.leclercdrive.fr/image.ashx?id=2618323&use=l&cat=p&typeid=i","cat":284594},{"id":29323,"n":"Superlevure Gayelord Hauser Paillettes étui 150g","p":2.93,"u":"19,53 €/KG","img":"https://fd5-photos.leclercdrive.fr/image.ashx?id=2786012&use=l&cat=p&typeid=i","cat":294686},{"id":29334,"n":"Biscuits miel sésame GERBLE  crousti'son - 4x5 200g","p":1.64,"u":"8,20 €/KG","img":"https://fd5-photos.leclercdrive.fr/image.ashx?id=2662280&use=l&cat=p&typeid=i","cat":318651},{"id":29346,"n":"Bière La Goudale de Noël 7.2%vol. - 75cl","p":2.79,"u":"3,72 €/L","img":"https://fd5-photos.leclercdrive.fr/image.ashx?id=2903158&use=l&cat=p&typeid=i","cat":334872},{"id":29347,"n":"Bière he biloute Grain d'Orge Ambree 6.4%vol. - 75cl","p":2.79,"pp":2.09,"u":"2,79 €/L","img":"https://fd5-photos.leclercdrive.fr/image.ashx?id=2917477&use=l&cat=p&typeid=i","cat":334872},{"id":29358,"n":"Pur jus pamplemousse Jafaden Rose - 1L","p":1.67,"u":"1,67 €/L","img":"https://fd5-photos.leclercdrive.fr/image.ashx?id=2869269&use=l&cat=p&typeid=i","cat":284914},{"id":29360,"n":"AOP Cabernet d'Anjou vin rosé Les Caractères - BIB 5L","p":21.49,"u":"4,30 €/L","img":"https://fd5-photos.leclercdrive.fr/image.ashx?id=2913672&use=l&cat=p&typeid=i","cat":289560},{"id":29361,"n":"Sacs poubelle haute 30L Elembal Poignées coulissantes - x25","p":3.23,"u":"0,13 €/P","img":"https://fd5-photos.leclercdrive.fr/image.ashx?id=2958723&use=l&cat=p&typeid=i","cat":285168},{"id":29370,"n":"AOP Crémant de Loire brut Les Caractères - 75cl","p":4.99,"u":"6,65 €/L","img":"https://fd5-photos.leclercdrive.fr/image.ashx?id=2898844&use=l&cat=p&typeid=i","cat":284545},{"id":29376,"n":"AOC Crémant de Limoux brut  Prieur Barsanne - 75cl","p":5.39,"u":"7,19 €/L","img":"https://fd5-photos.leclercdrive.fr/image.ashx?id=2709662&use=l&cat=p&typeid=i","cat":284545},{"id":29378,"n":"AOP Côtes du Rhône rouge Bio Rives & Terrasses - 3L","p":13.99,"u":"4,66 €/L","img":"https://fd5-photos.leclercdrive.fr/image.ashx?id=2742626&use=l&cat=p&typeid=i","cat":289560},{"id":29389,"n":"AOC Coteaux d'Aix-en-Provence vin rosé Terres Ocrées - BIB 3L","p":15.99,"u":"5,33 €/L","img":"https://fd5-photos.leclercdrive.fr/image.ashx?id=2918460&use=l&cat=p&typeid=i","cat":289560},{"id":29396,"n":"Mousse coiffante Vitanove Effet volume - 200ml","p":1.48,"u":"7,40 €/L","img":"https://fd5-photos.leclercdrive.fr/image.ashx?id=2490037&use=l&cat=p&typeid=i","cat":284609},{"id":29419,"n":"Tortillas chips Tokapi Nature - 150g","p":0.55,"u":"3,67 €/KG","img":"https://fd5-photos.leclercdrive.fr/image.ashx?id=2647955&use=l&cat=p&typeid=i","cat":287899},{"id":29442,"n":"Boules de graines Pictou x50","p":7.9,"u":"1,76 €/KG","img":"https://fd5-photos.leclercdrive.fr/image.ashx?id=2021661&use=l&cat=p&typeid=i","cat":284678},{"id":29500,"n":"Pistolets         10x50g","p":1.8,"u":"3,60 €/KG","img":"https://fd5-photos.leclercdrive.fr/image.ashx?id=2062975&use=l&cat=p&typeid=i","cat":284359},{"id":29570,"n":"Saucisson Petit Justin Bridou  Bâton de Berger Nature - 160g","p":3.17,"u":"19,81 €/KG","img":"https://fd5-photos.leclercdrive.fr/image.ashx?id=2894893&use=l&cat=p&typeid=i","cat":316006},{"id":29701,"n":"Bonbons Confiséo Menthe fraîcheur - 360g","p":1.87,"u":"5,19 €/KG","img":"https://fd5-photos.leclercdrive.fr/image.ashx?id=2934682&use=l&cat=p&typeid=i","cat":304252},{"id":29718,"n":"La Belle Escalope de Dinde  Le Gaulois x2 - 240g","p":4.65,"u":"19,38 €/KG","img":"https://fd5-photos.leclercdrive.fr/image.ashx?id=2259646&use=l&cat=p&typeid=i","cat":284337},{"id":29729,"n":"Escalope de dinde Le Gaulois Extra tendre x2 - 250g","p":3.9,"u":"15,60 €/KG","img":"https://fd5-photos.leclercdrive.fr/image.ashx?id=2259649&use=l&cat=p&typeid=i","cat":284337},{"id":29745,"n":"Steak haché Burger Tendre&Plus 15%MG x4 - 320g","p":5.54,"u":"17,31 €/KG","img":"https://fd5-photos.leclercdrive.fr/image.ashx?id=2786381&use=l&cat=p&typeid=i","cat":284332},{"id":29766,"n":"Mister Cocktail sans alcool Citron vert kiwi - 75cl","p":3.23,"u":"4,31 €/L","img":"https://fd5-photos.leclercdrive.fr/image.ashx?id=3014461&use=l&cat=p&typeid=i","cat":284549},{"id":29770,"n":"Bière Desperados Red 65cl","p":2.99,"u":"4,60 €/L","img":"https://fd5-photos.leclercdrive.fr/image.ashx?id=2651053&use=l&cat=p&typeid=i","cat":334878},{"id":29773,"n":"Eau minérale naturelle Mag Source de magnésium - 6x1L","p":2.28,"u":"0,38 €/L","img":"https://fd5-photos.leclercdrive.fr/image.ashx?id=2966364&use=l&cat=p&typeid=i","cat":284535},{"id":29794,"n":"Triangolo Fromage enfants vache Les Croisés 24 portions - 400g","p":2.67,"u":"6,68 €/KG","img":"https://fd5-photos.leclercdrive.fr/image.ashx?id=2969716&use=l&cat=p&typeid=i","cat":314030},{"id":29795,"n":"Fromage à tartiner Les Croisés Ail et fines herbes 24%mg 250g","p":2.09,"u":"8,36 €/KG","img":"https://fd5-photos.leclercdrive.fr/image.ashx?id=2476143&use=l&cat=p&typeid=i","cat":314029},{"id":29799,"n":"Galettes jambon emmental NRT x2 - 300g","p":3.78,"u":"12,60 €/KG","img":"https://fd5-photos.leclercdrive.fr/image.ashx?id=2743882&use=l&cat=p&typeid=i","cat":333672},{"id":29802,"n":"Kit Pâte à pizza Tablier Blanc 600g","p":2.59,"u":"4,32 €/KG","img":"https://fd5-photos.leclercdrive.fr/image.ashx?id=1731167&use=l&cat=p&typeid=i","cat":333681},{"id":29803,"n":"Jambon de Vendée IGP NRT X4 - 120g","p":3.92,"u":"32,67 €/KG","img":"https://fd5-photos.leclercdrive.fr/image.ashx?id=2670446&use=l&cat=p&typeid=i","cat":316007},{"id":29811,"n":"Museau de boeuf Menu Fraîcheur A la lyonnaise - 300g","p":1.99,"u":"6,63 €/KG","img":"https://fd5-photos.leclercdrive.fr/image.ashx?id=2816570&use=l&cat=p&typeid=i","cat":333657},{"id":29816,"n":"Bicarbonate alimentaire La Baleine - 800g","p":2.15,"u":"2,69 €/KG","img":"https://fd5-photos.leclercdrive.fr/image.ashx?id=2468335&use=l&cat=p&typeid=i","cat":284457},{"id":29824,"n":"Liqueur Lagoa Goût coco 17%vol - 70cl","p":8.8,"u":"12,57 €/L","img":"https://fd5-photos.leclercdrive.fr/image.ashx?id=2958332&use=l&cat=p&typeid=i","cat":284551},{"id":29840,"n":"Bouillon cubes herbes Knorr Huile d'olive Puget x15 -150g","p":1.24,"u":"8,27 €/KG","img":"https://fd5-photos.leclercdrive.fr/image.ashx?id=2890601&use=l&cat=p&typeid=i","cat":288379},{"id":29841,"n":"Bouillon de Poule KNORR 15 Tablettes - 150g","p":1.19,"u":"7,93 €/KG","img":"https://fd5-photos.leclercdrive.fr/image.ashx?id=2906043&use=l&cat=p&typeid=i","cat":288379},{"id":29845,"n":"Moulin saveur Ducros Assaisonnement steak - 35g","p":2.91,"u":"83,14 €/KG","img":"https://fd5-photos.leclercdrive.fr/image.ashx?id=2559448&use=l&cat=p&typeid=i","cat":298297},{"id":29854,"n":"Beurre de Bretagne Les Croisés Doux - 82% MG - 250g","p":2.61,"u":"10,44 €/KG","img":"https://fd5-photos.leclercdrive.fr/image.ashx?id=2778042&use=l&cat=p&typeid=i","cat":284379},{"id":29855,"n":"Beurre de Bretagne Les Croisés Demi-sel - 80% MG - 250g","p":2.61,"u":"10,44 €/KG","img":"https://fd5-photos.leclercdrive.fr/image.ashx?id=2778048&use=l&cat=p&typeid=i","cat":284379},{"id":29856,"n":"Beurre Extra fin Les Croisés Doux - 82 % MG - 125g","p":1.49,"u":"11,92 €/KG","img":"https://fd5-photos.leclercdrive.fr/image.ashx?id=2791269&use=l&cat=p&typeid=i","cat":284379},{"id":29861,"n":"Boisson lactée Délisse Fraise - 6x20cl","p":2.13,"u":"1,78 €/L","img":"https://fd5-photos.leclercdrive.fr/image.ashx?id=2994806&use=l&cat=p&typeid=i","cat":295246},{"id":29865,"n":"Crème fraîche légère Délisse Fleurette - 12% MG - 40cl","p":1.62,"u":"4,05 €/L","img":"https://fd5-photos.leclercdrive.fr/image.ashx?id=3002578&use=l&cat=p&typeid=i","cat":284381},{"id":29866,"n":"Crème légère fluide UHT Délisse Brique 12%mg - 1L","p":3.39,"u":"3,39 €/L","img":"https://fd5-photos.leclercdrive.fr/image.ashx?id=3015248&use=l&cat=p&typeid=i","cat":284381},{"id":29869,"n":"Crème anglaise Délisse 1L","p":2.49,"u":"2,49 €/L","img":"https://fd5-photos.leclercdrive.fr/image.ashx?id=3002596&use=l&cat=p&typeid=i","cat":284382},{"id":29870,"n":"Crème d'Isigny AOP NRT 40%MG - 20cl","p":1.79,"u":"8,95 €/L","img":"https://fd5-photos.leclercdrive.fr/image.ashx?id=2184859&use=l&cat=p&typeid=i","cat":284381},{"id":29872,"n":"Crème semi-épaisse légère UHT Délisse 18%mg - 2x25cl","p":2.34,"u":"4,68 €/L","img":"https://fd5-photos.leclercdrive.fr/image.ashx?id=3002593&use=l&cat=p&typeid=i","cat":284381},{"id":29896,"n":"Peppermint Whist Club 17%vol. - 70cl","p":6.99,"u":"9,99 €/L","img":"https://fd5-photos.leclercdrive.fr/image.ashx?id=1730735&use=l&cat=p&typeid=i","cat":286032},{"id":29900,"n":"Bière belge Rince Cochon Blonde - 8.5%vol. - 33cl","p":1.85,"u":"5,61 €/L","img":"https://fd5-photos.leclercdrive.fr/image.ashx?id=2694695&use=l&cat=p&typeid=i","cat":334872},{"id":29906,"n":"Bière blonde Bellerose 6.5%vol. - 75cl","p":3.37,"u":"4,49 €/L","img":"https://fd5-photos.leclercdrive.fr/image.ashx?id=2744290&use=l&cat=p&typeid=i","cat":334872},{"id":29909,"n":"Bière Triple Vieux Lille 8.5%vol - 75cl","p":3.76,"u":"5,01 €/L","img":"https://fd5-photos.leclercdrive.fr/image.ashx?id=2928819&use=l&cat=p&typeid=i","cat":334872},{"id":29920,"n":"Bière blonde Page 24 Hildegarde 6.9%vol. - 75cl","p":3.15,"u":"4,20 €/L","img":"https://fd5-photos.leclercdrive.fr/image.ashx?id=1753715&use=l&cat=p&typeid=i","cat":334872},{"id":29921,"n":"Bière ambrée Page 24 Hildegarde 6.9%vol. - 75cl","p":3.15,"u":"4,20 €/L","img":"https://fd5-photos.leclercdrive.fr/image.ashx?id=1742261&use=l&cat=p&typeid=i","cat":334852},{"id":29927,"n":"Bière belge Rince Cochon Blonde - 8.5%vol. - 75cl","p":3.36,"u":"4,48 €/L","img":"https://fd5-photos.leclercdrive.fr/image.ashx?id=1741463&use=l&cat=p&typeid=i","cat":334872},{"id":29973,"n":"Lessive Liquide Woolite  Noir et Foncés - 1,5L","p":4.85,"u":"3,23 €/L","img":"https://fd5-photos.leclercdrive.fr/image.ashx?id=2848650&use=l&cat=p&typeid=i","cat":284640},{"id":29979,"n":"Paupiette de veau Marie  Jardinière de légumes - 300g","p":3.31,"u":"11,03 €/KG","img":"https://fd5-photos.leclercdrive.fr/image.ashx?id=2317420&use=l&cat=p&typeid=i","cat":333665},{"id":29987,"n":"Gaufres fines Bourdon Vergeoise -  900g","p":9.5,"u":"10,56 €/KG","img":"https://fd5-photos.leclercdrive.fr/image.ashx?id=1865966&use=l&cat=p&typeid=i","cat":294777},{"id":29998,"n":"Graisse à frire pure Boeuf 1kg","p":3.38,"u":"3,38 €/KG","img":"https://fd5-photos.leclercdrive.fr/image.ashx?id=1706841&use=l&cat=p&typeid=i","cat":284379},{"id":30029,"n":"Poêlée champignons Notre Jardin Forestière - 400g","p":4.66,"u":"11,65 €/KG","img":"https://fd5-photos.leclercdrive.fr/image.ashx?id=2771372&use=l&cat=p&typeid=i","cat":319823},{"id":30042,"n":"Lait frais demi-écrémé Délisse Bouteille - 1L","p":1.12,"u":"1,12 €/L","img":"https://fd5-photos.leclercdrive.fr/image.ashx?id=2970581&use=l&cat=p&typeid=i","cat":285609},{"id":30051,"n":"Mini gratins Côté Table Choux fleurs - x4 480g","p":3.19,"u":"6,65 €/KG","img":"https://fd5-photos.leclercdrive.fr/image.ashx?id=2029370&use=l&cat=p&typeid=i","cat":319802},{"id":30084,"n":"Bacon Saint Azay 100g","p":1.62,"u":"16,20 €/KG","img":"https://fd5-photos.leclercdrive.fr/image.ashx?id=2943653&use=l&cat=p&typeid=i","cat":316007},{"id":30089,"n":"Blanc de poulet Tradilège 6 tranches - 180g","p":1.51,"u":"8,39 €/KG","img":"https://fd5-photos.leclercdrive.fr/image.ashx?id=2943677&use=l&cat=p&typeid=i","cat":316010},{"id":30091,"n":"Blanc de dinde Tradilège 6 tranches 180g","p":1.96,"u":"10,89 €/KG","img":"https://fd5-photos.leclercdrive.fr/image.ashx?id=2974867&use=l&cat=p&typeid=i","cat":316010},{"id":30094,"n":"Jambon à griller Tradilège 2 tranches 160g","p":2.42,"u":"15,13 €/KG","img":"https://fd5-photos.leclercdrive.fr/image.ashx?id=2984176&use=l&cat=p&typeid=i","cat":316009},{"id":30128,"n":"Céréales Chocapic Nestlé Chocolat - 1kg","p":5.38,"u":"5,38 €/KG","img":"https://fd5-photos.leclercdrive.fr/image.ashx?id=2977729&use=l&cat=p&typeid=i","cat":309513},{"id":30144,"n":"Croquettes chiens adulte Ultima Medium/maxi - poulet 7.5kg","p":22.43,"u":"2,99 €/KG","img":"https://fd5-photos.leclercdrive.fr/image.ashx?id=2872033&use=l&cat=p&typeid=i","cat":284672},{"id":30186,"n":"Haché moelleux Férial x10 - 1kg","p":9.73,"u":"9,73 €/KG","img":"https://fd5-photos.leclercdrive.fr/image.ashx?id=2966514&use=l&cat=p&typeid=i","cat":319778},{"id":30188,"n":"Steak haché bio - Bio Village  15%mg x4 - 400g","p":8.25,"u":"20,63 €/KG","img":"https://fd5-photos.leclercdrive.fr/image.ashx?id=2840422&use=l&cat=p&typeid=i","cat":319778},{"id":30189,"n":"Tortillas chips Tokapi Chili - 150g","p":0.99,"u":"6,60 €/KG","img":"https://fd5-photos.leclercdrive.fr/image.ashx?id=2647958&use=l&cat=p&typeid=i","cat":287899},{"id":30195,"n":"IGP Vin de Pays de l'Hérault Rouge JL Parsat 11.5%vol BIB 5L","p":11.66,"u":"2,33 €/L","img":"https://fd5-photos.leclercdrive.fr/image.ashx?id=2572197&use=l&cat=p&typeid=i","cat":289560},{"id":30212,"n":"Soufflés l'Original Curly Cacahuète - 100g","p":0.82,"u":"8,20 €/KG","img":"https://fd5-photos.leclercdrive.fr/image.ashx?id=2693635&use=l&cat=p&typeid=i","cat":284449},{"id":30213,"n":"Soufflés l'Original Curly Cacahuète - 2x100g","p":1.66,"u":"8,30 €/KG","img":"https://fd5-photos.leclercdrive.fr/image.ashx?id=2962887&use=l&cat=p&typeid=i","cat":284449},{"id":30235,"n":"Bonbons Tic Tac  Menthe x100 - 49g","p":1.6,"u":"32,65 €/KG","img":"https://fd5-photos.leclercdrive.fr/image.ashx?id=2729470&use=l&cat=p&typeid=i","cat":304256},{"id":30256,"n":"Pâte à tartiner Nutella 825g","p":5.77,"u":"6,99 €/KG","img":"https://fd5-photos.leclercdrive.fr/image.ashx?id=2961813&use=l&cat=p&typeid=i","cat":284481},{"id":30257,"n":"Cassoulet La Belle Chaurienne Au canard 420g","p":2.83,"u":"6,74 €/KG","img":"https://fd5-photos.leclercdrive.fr/image.ashx?id=2831912&use=l&cat=p&typeid=i","cat":284440},{"id":30272,"n":"IGP Pays d'Oc rouge Merlot Les Ormes de Cambras 12.5% BIB 5L","p":15.52,"u":"3,10 €/L","img":"https://fd5-photos.leclercdrive.fr/image.ashx?id=2443871&use=l&cat=p&typeid=i","cat":289560},{"id":30349,"n":"Nettoyant écologique Uni Vert Salle de bain - 750ml","p":2.06,"u":"2,75 €/L","img":"https://fd5-photos.leclercdrive.fr/image.ashx?id=2531178&use=l&cat=p&typeid=i","cat":325357},{"id":30353,"n":"Eau minérale naturelle St Amand 6x1L","p":2.05,"u":"0,34 €/L","img":"https://fd5-photos.leclercdrive.fr/image.ashx?id=2983201&use=l&cat=p&typeid=i","cat":284535},{"id":30360,"n":"Bonbons Tic Tac 100 pastilles citron vert et orange - 49g","p":1.6,"u":"32,65 €/KG","img":"https://fd5-photos.leclercdrive.fr/image.ashx?id=2736280&use=l&cat=p&typeid=i","cat":304256},{"id":30362,"n":"Fleur de maïs Maïzena 400g","p":1.35,"u":"3,38 €/KG","img":"https://fd5-photos.leclercdrive.fr/image.ashx?id=2312770&use=l&cat=p&typeid=i","cat":288382},{"id":30364,"n":"Bonbons Werther's Original Caramel sachet 175g","p":1.94,"u":"11,09 €/KG","img":"https://fd5-photos.leclercdrive.fr/image.ashx?id=1916700&use=l&cat=p&typeid=i","cat":304252},{"id":30372,"n":"Fleur de Maïs Maïzena Sans Gluten Format Famille 700g","p":2.41,"u":"3,44 €/KG","img":"https://fd5-photos.leclercdrive.fr/image.ashx?id=2773907&use=l&cat=p&typeid=i","cat":288382},{"id":30395,"n":"Piment d'Espelette AOP Ducros - 40g","p":8.44,"u":"211,00 €/KG","img":"https://fd5-photos.leclercdrive.fr/image.ashx?id=2559463&use=l&cat=p&typeid=i","cat":298297},{"id":30407,"n":"Dés de fromage salade Boursin Ail & fines herbes -120g","p":2.27,"u":"18,92 €/KG","img":"https://fd5-photos.leclercdrive.fr/image.ashx?id=2864366&use=l&cat=p&typeid=i","cat":314027},{"id":30410,"n":"Lasagnes bolognaise Marie 300g","p":2.97,"u":"9,90 €/KG","img":"https://fd5-photos.leclercdrive.fr/image.ashx?id=2800339&use=l&cat=p&typeid=i","cat":333665},{"id":30413,"n":"Pommeau de Normandie NRT  17%vol. - 70cl","p":8.6,"u":"12,29 €/L","img":"https://fd5-photos.leclercdrive.fr/image.ashx?id=1647898&use=l&cat=p&typeid=i","cat":284913},{"id":30414,"n":"Muscat de Mireval AOC NRT  15%vol - 75cl","p":9.17,"u":"12,23 €/L","img":"https://fd5-photos.leclercdrive.fr/image.ashx?id=2768469&use=l&cat=p&typeid=i","cat":284913},{"id":30415,"n":"IGP Pays d'Oc rouge J-P Chenet Cabernet Syrah 13% vol - BIB 3L","p":10.42,"u":"3,47 €/L","img":"https://fd5-photos.leclercdrive.fr/image.ashx?id=2837451&use=l&cat=p&typeid=i","cat":289560},{"id":30563,"n":"Coquillettes Lustucru Aux oeufs frais - 500g","p":1.74,"u":"3,48 €/KG","img":"https://fd5-photos.leclercdrive.fr/image.ashx?id=2799856&use=l&cat=p&typeid=i","cat":284427},{"id":30565,"n":"Torsades Lustucru Aux œufs - 500g","p":1.61,"u":"3,22 €/KG","img":"https://fd5-photos.leclercdrive.fr/image.ashx?id=2278574&use=l&cat=p&typeid=i","cat":284427},{"id":30570,"n":"Sauce Tube Ail Oignons Panzani Panzani - 180G","p":1.08,"u":"6,00 €/KG","img":"https://fd5-photos.leclercdrive.fr/image.ashx?id=3004804&use=l&cat=p&typeid=i","cat":288384},{"id":30573,"n":"Edulcorant sucralose Canderel Briquet x300","p":2.97,"u":"95,81 €/KG","img":"https://fd5-photos.leclercdrive.fr/image.ashx?id=2811014&use=l&cat=p&typeid=i","cat":324846},{"id":30575,"n":"Happy' Box Haribo Boîte bonbons - 600g","p":4.25,"u":"7,08 €/KG","img":"https://fd5-photos.leclercdrive.fr/image.ashx?id=2802353&use=l&cat=p&typeid=i","cat":304250},{"id":30576,"n":"Zanzigliss Haribo Sachet bonbons réglisse - 300g","p":1.44,"u":"4,80 €/KG","img":"https://fd5-photos.leclercdrive.fr/image.ashx?id=2802347&use=l&cat=p&typeid=i","cat":304250},{"id":30577,"n":"Les Schtroumpfs Pik Haribo Sachet bonbons acidulés - 275g","p":1.46,"u":"5,31 €/KG","img":"https://fd5-photos.leclercdrive.fr/image.ashx?id=2984898&use=l&cat=p&typeid=i","cat":304250},{"id":30578,"n":"Bonbons LUTTI Scoubidou Doux Fruits - 200g","p":1.2,"u":"6,00 €/KG","img":"https://fd5-photos.leclercdrive.fr/image.ashx?id=2817434&use=l&cat=p&typeid=i","cat":304250},{"id":30592,"n":"Fromage blanc Délisse Sucré 3% MG - 8x100g","p":2.29,"u":"2,86 €/KG","img":"https://fd5-photos.leclercdrive.fr/image.ashx?id=1744463&use=l&cat=p&typeid=i","cat":284409},{"id":30594,"n":"Fromage frais nature Bio Bio village - 12x60g","p":3.44,"u":"4,78 €/KG","img":"https://fd5-photos.leclercdrive.fr/image.ashx?id=2992633&use=l&cat=p&typeid=i","cat":284409},{"id":30600,"n":"Billes Chocolat au Lait KitKat Sachet  - 250g","p":3.78,"u":"15,12 €/KG","img":"https://fd5-photos.leclercdrive.fr/image.ashx?id=2806063&use=l&cat=p&typeid=i","cat":304238},{"id":30603,"n":"Soupe liquide brique Liebig  Chinoise - 1L","p":2.71,"u":"2,71 €/L","img":"https://fd5-photos.leclercdrive.fr/image.ashx?id=2750988&use=l&cat=p&typeid=i","cat":287367},{"id":30607,"n":"Soupe liquide Liebig  Potiron et kiri - Brique 1L","p":2.73,"u":"2,73 €/L","img":"https://fd5-photos.leclercdrive.fr/image.ashx?id=2892130&use=l&cat=p&typeid=i","cat":284462},{"id":30619,"n":"Jambon cru Aoste Quart Tranché  sans conservateur -  x18 - 220g","p":5.41,"u":"24,59 €/KG","img":"https://fd5-photos.leclercdrive.fr/image.ashx?id=2948057&use=l&cat=p&typeid=i","cat":316007},{"id":30627,"n":"Salade Notre Jardin Jeunes pousses d'épinard - 100g","p":1.4,"u":"14,00 €/KG","img":"https://fd5-photos.leclercdrive.fr/image.ashx?id=2663281&use=l&cat=p&typeid=i","cat":284353},{"id":30639,"n":"Eau déminéralisée Finissime  5L","p":1.75,"u":"0,35 €/L","img":"https://fd5-photos.leclercdrive.fr/image.ashx?id=2467796&use=l&cat=p&typeid=i","cat":284653},{"id":30640,"n":"Lapin chasseur Côté Table 280g","p":2.2,"u":"7,86 €/KG","img":"https://fd5-photos.leclercdrive.fr/image.ashx?id=2393866&use=l&cat=p&typeid=i","cat":284953},{"id":30641,"n":"Son d'avoine bio Bio Village 500g","p":2.69,"u":"5,38 €/KG","img":"https://fd5-photos.leclercdrive.fr/image.ashx?id=2664334&use=l&cat=p&typeid=i","cat":309512},{"id":30645,"n":"Salade Notre Jardin Duo Mâche et Roquette - 125g","p":1.68,"u":"13,44 €/KG","img":"https://fd5-photos.leclercdrive.fr/image.ashx?id=2720172&use=l&cat=p&typeid=i","cat":284353},{"id":30646,"n":"Salade Notre Jardin Feuille de chêne - 125g","p":0.95,"u":"7,60 €/KG","img":"https://fd5-photos.leclercdrive.fr/image.ashx?id=2693309&use=l&cat=p&typeid=i","cat":284353},{"id":30652,"n":"Purée pommes de terre Florette 2x200g","p":2.43,"u":"6,08 €/KG","img":"https://fd5-photos.leclercdrive.fr/image.ashx?id=2767678&use=l&cat=p&typeid=i","cat":333665},{"id":30653,"n":"Purée de carottes Florette 2x200g","p":2.43,"u":"6,08 €/KG","img":"https://fd5-photos.leclercdrive.fr/image.ashx?id=2790003&use=l&cat=p&typeid=i","cat":333665},{"id":30697,"n":"Savon d'alep Manava 200g","p":3.99,"u":"19,95 €/KG","img":"https://fd5-photos.leclercdrive.fr/image.ashx?id=1952895&use=l&cat=p&typeid=i","cat":284597},{"id":30724,"n":"BB Crème Hydratante 5en1 Nivea Teinte médium FPS15 - 50ml","p":6.31,"u":"126,20 €/L","img":"https://fd5-photos.leclercdrive.fr/image.ashx?id=2221575&use=l&cat=p&typeid=i","cat":325345},{"id":30768,"n":"Gel douche Manava Pétales d'Orient 100ml","p":0.8,"u":"8,00 €/L","img":"https://fd5-photos.leclercdrive.fr/image.ashx?id=1669982&use=l&cat=p&typeid=i","cat":284594},{"id":30791,"n":"Mouchoirs blancs 2 plis Eco+ Boîte mouchoirs en papier- x150","p":0.62,"img":"https://fd5-photos.leclercdrive.fr/image.ashx?id=2897751&use=l&cat=p&typeid=i","cat":284638},{"id":30808,"n":"Coton-tiges Eco+ Tige papier x200 bâtonnets","p":0.34,"img":"https://fd5-photos.leclercdrive.fr/image.ashx?id=2940893&use=l&cat=p&typeid=i","cat":284636},{"id":30815,"n":"Dissolvant Eco+ 250ml","p":1.33,"u":"5,32 €/L","img":"https://fd5-photos.leclercdrive.fr/image.ashx?id=1873934&use=l&cat=p&typeid=i","cat":325347},{"id":30816,"n":"Film étirable Eco+ 50m","p":0.95,"img":"https://fd5-photos.leclercdrive.fr/image.ashx?id=2751847&use=l&cat=p&typeid=i","cat":334134},{"id":30856,"n":"Emincés de poulet Tradilège Rôti - 2x75g","p":2.09,"u":"13,93 €/KG","img":"https://fd5-photos.leclercdrive.fr/image.ashx?id=2994366&use=l&cat=p&typeid=i","cat":316011},{"id":30881,"n":"Tortillas Old El Paso de maïs et blé x8 - 335g","p":2.45,"u":"7,31 €/KG","img":"https://fd5-photos.leclercdrive.fr/image.ashx?id=2738794&use=l&cat=p&typeid=i","cat":288993},{"id":30882,"n":"Bloc de fromage Leerdammer L'Original - 250g","p":3.29,"u":"13,16 €/KG","img":"https://fd5-photos.leclercdrive.fr/image.ashx?id=2146096&use=l&cat=p&typeid=i","cat":314034},{"id":30900,"n":"Biscuits sablés Sans gluten Chocolat noir - 150g","p":3.46,"u":"23,07 €/KG","img":"https://fd5-photos.leclercdrive.fr/image.ashx?id=2669741&use=l&cat=p&typeid=i","cat":318654},{"id":30947,"n":"Pâtes Collezione Barilla Tagliatelle - 500g","p":1.39,"u":"2,78 €/KG","img":"https://fd5-photos.leclercdrive.fr/image.ashx?id=2654119&use=l&cat=p&typeid=i","cat":284427},{"id":30949,"n":"plat cuisiné quinoa tomates olives bio bjorg- 250g","p":1.76,"u":"7,04 €/KG","img":"https://fd5-photos.leclercdrive.fr/image.ashx?id=2854444&use=l&cat=p&typeid=i","cat":287600},{"id":30953,"n":"Couscous Grain Moyen Ferrero  - 500g","p":1.23,"u":"2,46 €/KG","img":"https://fd5-photos.leclercdrive.fr/image.ashx?id=2886777&use=l&cat=p&typeid=i","cat":284429},{"id":30969,"n":"Glace Cône Nestlé Extrême Sorbet fruits rouges x6 - 426g","p":3.32,"u":"7,79 €/KG","img":"https://fd5-photos.leclercdrive.fr/image.ashx?id=2729845&use=l&cat=p&typeid=i","cat":284264},{"id":30976,"n":"Matière grasse Bridelight Demi-sel - 15% MG - 250g","p":2.5,"u":"10,00 €/KG","img":"https://fd5-photos.leclercdrive.fr/image.ashx?id=2643890&use=l&cat=p&typeid=i","cat":284379},{"id":31003,"n":"Jus de citron jaune 50cl","p":1.99,"u":"3,98 €/L","img":"https://fd5-photos.leclercdrive.fr/image.ashx?id=2656982&use=l&cat=p&typeid=i","cat":288383},{"id":31004,"n":"Jus de citron jaune Sicile - 20cl","p":0.79,"u":"3,95 €/L","img":"https://fd5-photos.leclercdrive.fr/image.ashx?id=2656988&use=l&cat=p&typeid=i","cat":288383},{"id":31014,"n":"Lait demi-écrémé Lactel Vitamine D Bouteille - 50cl","p":0.96,"u":"1,92 €/L","img":"https://fd5-photos.leclercdrive.fr/image.ashx?id=2889556&use=l&cat=p&typeid=i","cat":284377},{"id":31015,"n":"Lait Matin Léger Lactel Sans lactose écrémé - 1l","p":1.94,"u":"1,94 €/L","img":"https://fd5-photos.leclercdrive.fr/image.ashx?id=2883543&use=l&cat=p&typeid=i","cat":317169},{"id":31019,"n":"Feuilles de lasagne Turini 350g","p":2.69,"u":"7,69 €/KG","img":"https://fd5-photos.leclercdrive.fr/image.ashx?id=2617371&use=l&cat=p&typeid=i","cat":333682},{"id":31021,"n":"Gnocchi Turini 800g","p":2.29,"u":"2,86 €/KG","img":"https://fd5-photos.leclercdrive.fr/image.ashx?id=2254529&use=l&cat=p&typeid=i","cat":333682},{"id":31022,"n":"Gnocchi à poêler Turini 500g","p":1.42,"u":"2,84 €/KG","img":"https://fd5-photos.leclercdrive.fr/image.ashx?id=3014362&use=l&cat=p&typeid=i","cat":333682},{"id":31023,"n":"Ravioli Ricotta épinards Bio  Bio village - 250g","p":2.99,"u":"11,96 €/KG","img":"https://fd5-photos.leclercdrive.fr/image.ashx?id=2650252&use=l&cat=p&typeid=i","cat":333682},{"id":31029,"n":"Escalope Cordon Bleu Père Dodu  Dinde - Comté x2 - 200g","p":2.08,"u":"10,40 €/KG","img":"https://fd5-photos.leclercdrive.fr/image.ashx?id=2957179&use=l&cat=p&typeid=i","cat":333683},{"id":31030,"n":"Escalope Cordon Bleu Père Dodu  Poulet - Raclette x2 - 200g","p":2.19,"u":"10,95 €/KG","img":"https://fd5-photos.leclercdrive.fr/image.ashx?id=2957182&use=l&cat=p&typeid=i","cat":333683},{"id":31050,"n":"Biscuits pavot citron GERBLE  - 4x4  200g","p":1.41,"u":"7,05 €/KG","img":"https://fd5-photos.leclercdrive.fr/image.ashx?id=2967001&use=l&cat=p&typeid=i","cat":318651},{"id":31052,"n":"Biscuits figue et son GERBLE   - 5x5, 210g","p":1.4,"u":"6,67 €/KG","img":"https://fd5-photos.leclercdrive.fr/image.ashx?id=2662319&use=l&cat=p&typeid=i","cat":318651},{"id":31058,"n":"Pâtes Barilla Capellini n°1 - 500g","p":0.88,"u":"1,76 €/KG","img":"https://fd5-photos.leclercdrive.fr/image.ashx?id=2392194&use=l&cat=p&typeid=i","cat":284427},{"id":31069,"n":"Chocolat Pâtissier Tablette dOr Chocolat Blanc - 180g","p":2.03,"u":"11,28 €/KG","img":"https://fd5-photos.leclercdrive.fr/image.ashx?id=2562879&use=l&cat=p&typeid=i","cat":285562},{"id":31079,"n":"Biscuits cookies bio bjorg  chocolat noisette - 200g","p":3.15,"u":"15,75 €/KG","img":"https://fd5-photos.leclercdrive.fr/image.ashx?id=2652215&use=l&cat=p&typeid=i","cat":325066},{"id":31086,"n":"Capsules Nescafé Dolce Gusto  Lungo Décaféiné - x16","p":4.88,"u":"43,57 €/KG","img":"https://fd5-photos.leclercdrive.fr/image.ashx?id=2836676&use=l&cat=p&typeid=i","cat":293239},{"id":31088,"n":"Coeurs d'artichaut Notre Jardin 245g","p":3.49,"u":"14,24 €/KG","img":"https://fd5-photos.leclercdrive.fr/image.ashx?id=2607918&use=l&cat=p&typeid=i","cat":312611},{"id":31101,"n":"Filets maquereaux Pêche Océan Sauce escabèche - 169g","p":1.15,"u":"6,80 €/KG","img":"https://fd5-photos.leclercdrive.fr/image.ashx?id=2394666&use=l&cat=p&typeid=i","cat":303868},{"id":31105,"n":"Gaufrettes P'tit Déli Praliné noisette x15 110g","p":0.87,"u":"7,91 €/KG","img":"https://fd5-photos.leclercdrive.fr/image.ashx?id=2418245&use=l&cat=p&typeid=i","cat":284488},{"id":31106,"n":"Gaufrettes P'tit Déli Chocolat x15 110g","p":1.1,"u":"10,00 €/KG","img":"https://fd5-photos.leclercdrive.fr/image.ashx?id=1070856&use=l&cat=p&typeid=i","cat":284488},{"id":31118,"n":"Madeleines P'tit Déli Coquilles 250g","p":0.99,"u":"3,96 €/KG","img":"https://fd5-photos.leclercdrive.fr/image.ashx?id=2999499&use=l&cat=p&typeid=i","cat":284492},{"id":31135,"n":"Terrine de lapin Côté Table A la moutarde - 180g","p":2.49,"u":"13,83 €/KG","img":"https://fd5-photos.leclercdrive.fr/image.ashx?id=2476125&use=l&cat=p&typeid=i","cat":305149},{"id":31139,"n":"Tortillas chips Tables du Monde Chili - 200g","p":1.39,"u":"6,95 €/KG","img":"https://fd5-photos.leclercdrive.fr/image.ashx?id=2661544&use=l&cat=p&typeid=i","cat":288993},{"id":31146,"n":"Madeleines P'tit Déli Longues fourrées 240g","p":2.35,"u":"9,79 €/KG","img":"https://fd5-photos.leclercdrive.fr/image.ashx?id=2754204&use=l&cat=p&typeid=i","cat":284492},{"id":31171,"n":"Pop corn sucrés Tokapi Micro-ondable - 3x90g","p":1.25,"u":"4,63 €/KG","img":"https://fd5-photos.leclercdrive.fr/image.ashx?id=2987154&use=l&cat=p&typeid=i","cat":304249},{"id":31174,"n":"Pâtes penne rigate Panzani 1kg","p":1.94,"u":"1,94 €/KG","img":"https://fd5-photos.leclercdrive.fr/image.ashx?id=2876020&use=l&cat=p&typeid=i","cat":284427},{"id":31177,"n":"Miettes de thon Saupiquet Tomate - 160g","p":1.77,"u":"11,06 €/KG","img":"https://fd5-photos.leclercdrive.fr/image.ashx?id=2402868&use=l&cat=p&typeid=i","cat":303867},{"id":31183,"n":"Pain campagnard Schar 240g","p":3.4,"u":"14,17 €/KG","img":"https://fd5-photos.leclercdrive.fr/image.ashx?id=2267978&use=l&cat=p&typeid=i","cat":325069},{"id":31193,"n":"Biscuit apéritif ancel Bretzels Sticks - 200g","p":0.9,"u":"4,50 €/KG","img":"https://fd5-photos.leclercdrive.fr/image.ashx?id=2895178&use=l&cat=p&typeid=i","cat":297000},{"id":31200,"n":"AOP Bordeaux rouge Baron de Lestac - BIB 3L","p":13.99,"u":"4,66 €/L","img":"https://fd5-photos.leclercdrive.fr/image.ashx?id=2420910&use=l&cat=p&typeid=i","cat":289560},{"id":31211,"n":"Grana Padano AOP Casa Azzurra Râpé -  100g","p":1.89,"u":"18,90 €/KG","img":"https://fd5-photos.leclercdrive.fr/image.ashx?id=2284730&use=l&cat=p&typeid=i","cat":314035},{"id":31223,"n":"Bain Dissolvant Inell Bain sans acétone - 75ml","p":3.99,"u":"53,20 €/L","img":"https://fd5-photos.leclercdrive.fr/image.ashx?id=2244820&use=l&cat=p&typeid=i","cat":325347},{"id":31289,"n":"Emmental râpé Entremont 3x70g","p":2.36,"u":"11,24 €/KG","img":"https://fd5-photos.leclercdrive.fr/image.ashx?id=2983150&use=l&cat=p&typeid=i","cat":314035},{"id":31297,"n":"Fromage crémeux Les Croisés 36%mg - 200g","p":2.43,"u":"12,15 €/KG","img":"https://fd5-photos.leclercdrive.fr/image.ashx?id=2037379&use=l&cat=p&typeid=i","cat":329558},{"id":31389,"n":"Menus gourmands Tous mes amis pour chatons - 12x100g","p":4.29,"u":"3,58 €/KG","img":"https://fd5-photos.leclercdrive.fr/image.ashx?id=2027595&use=l&cat=p&typeid=i","cat":285286},{"id":31414,"n":"Pâtes Alpina Savoie Chanterelles Crozets - 400g","p":2.59,"u":"6,48 €/KG","img":"https://fd5-photos.leclercdrive.fr/image.ashx?id=2795063&use=l&cat=p&typeid=i","cat":284427},{"id":31416,"n":"Chocolat noir Villars 72% -100g","p":2.33,"u":"23,30 €/KG","img":"https://fd5-photos.leclercdrive.fr/image.ashx?id=2464270&use=l&cat=p&typeid=i","cat":284956},{"id":31441,"n":"Plat bébé Blédina 12 mois  Courgette riz veau - 2x200g","p":2.78,"u":"6,95 €/KG","img":"https://fd5-photos.leclercdrive.fr/image.ashx?id=2975074&use=l&cat=p&typeid=i","cat":312237},{"id":31450,"n":"Délice de jambon Tulip 340g","p":3.34,"u":"9,82 €/KG","img":"https://fd5-photos.leclercdrive.fr/image.ashx?id=2465592&use=l&cat=p&typeid=i","cat":305149},{"id":31599,"n":"Pâtes De Cecco Gnocchi di patate - 500g","p":2.3,"u":"4,60 €/KG","img":"https://fd5-photos.leclercdrive.fr/image.ashx?id=2433735&use=l&cat=p&typeid=i","cat":284427},{"id":31652,"n":"Beurre Tendre Elle&Vire Doux - 82% MG - 250g","p":2.89,"u":"11,56 €/KG","img":"https://fd5-photos.leclercdrive.fr/image.ashx?id=2574374&use=l&cat=p&typeid=i","cat":284379},{"id":31656,"n":"Cornichons Rustica Aigre Doux - 360g","p":1.63,"u":"4,53 €/KG","img":"https://fd5-photos.leclercdrive.fr/image.ashx?id=2916698&use=l&cat=p&typeid=i","cat":284458},{"id":31659,"n":"Sirop La Maison Guiot Cerise - 70cl","p":3.18,"u":"4,54 €/L","img":"https://fd5-photos.leclercdrive.fr/image.ashx?id=2857201&use=l&cat=p&typeid=i","cat":295020},{"id":31660,"n":"Sirop La Maison Guiot Fraise des bois - 70cl","p":3.43,"u":"4,90 €/L","img":"https://fd5-photos.leclercdrive.fr/image.ashx?id=2857207&use=l&cat=p&typeid=i","cat":295020},{"id":31662,"n":"Sirop La Maison Guiot Mûre / Cassis - 70cl","p":3.43,"u":"4,90 €/L","img":"https://fd5-photos.leclercdrive.fr/image.ashx?id=2857186&use=l&cat=p&typeid=i","cat":295020},{"id":31680,"n":"Lingettes bébé Mots d'Enfants Ultra-douces - x24","p":1.25,"u":"0,05 €/P","img":"https://fd5-photos.leclercdrive.fr/image.ashx?id=2856501&use=l&cat=p&typeid=i","cat":284738},{"id":31709,"n":"Viande boeuf séchée Saint Azay 10 tranches - 80g","p":3.78,"u":"47,25 €/KG","img":"https://fd5-photos.leclercdrive.fr/image.ashx?id=2979568&use=l&cat=p&typeid=i","cat":316007},{"id":31714,"n":"Pur jus de pomme Bio Village Bio - 6x20cl","p":3.25,"u":"2,71 €/L","img":"https://fd5-photos.leclercdrive.fr/image.ashx?id=2077442&use=l&cat=p&typeid=i","cat":284524},{"id":31717,"n":"Parmigiano Reg AOP Casa Azzurra Râpé -  60g","p":1.39,"u":"23,17 €/KG","img":"https://fd5-photos.leclercdrive.fr/image.ashx?id=2261951&use=l&cat=p&typeid=i","cat":314035},{"id":31724,"n":"Boisson Jafaden Cranberry Myrtille - 1L","p":1.77,"u":"1,77 €/L","img":"https://fd5-photos.leclercdrive.fr/image.ashx?id=2591403&use=l&cat=p&typeid=i","cat":284915},{"id":31725,"n":"Boisson énergisante X-tense Canette - 4x50cl","p":3.12,"u":"1,56 €/L","img":"https://fd5-photos.leclercdrive.fr/image.ashx?id=2956068&use=l&cat=p&typeid=i","cat":284533},{"id":31728,"n":"Jus de pomme Jafaden Nectar - 2L","p":2.15,"u":"1,08 €/L","img":"https://fd5-photos.leclercdrive.fr/image.ashx?id=2956077&use=l&cat=p&typeid=i","cat":284522},{"id":31729,"n":"Jus de pomme Jafaden A base de concentré - 1L","p":0.95,"u":"0,95 €/L","img":"https://fd5-photos.leclercdrive.fr/image.ashx?id=2550842&use=l&cat=p&typeid=i","cat":284522},{"id":31730,"n":"Pur jus de pomme Jafaden 1L","p":0.99,"u":"0,99 €/L","img":"https://fd5-photos.leclercdrive.fr/image.ashx?id=1936638&use=l&cat=p&typeid=i","cat":284522},{"id":31731,"n":"Thé glacé Fresh Tea Pêche - 1L","p":1.03,"u":"1,03 €/L","img":"https://fd5-photos.leclercdrive.fr/image.ashx?id=3002791&use=l&cat=p&typeid=i","cat":295019},{"id":31733,"n":"Pur jus multifruits Jafaden 1L","p":1.39,"u":"1,39 €/L","img":"https://fd5-photos.leclercdrive.fr/image.ashx?id=2890006&use=l&cat=p&typeid=i","cat":284917},{"id":31735,"n":"Nectar multifruits Jafaden 1L","p":1.75,"u":"1,75 €/L","img":"https://fd5-photos.leclercdrive.fr/image.ashx?id=2956089&use=l&cat=p&typeid=i","cat":284917},{"id":31736,"n":"Nectar Jafaden Goyave - 1L","p":2.08,"u":"2,08 €/L","img":"https://fd5-photos.leclercdrive.fr/image.ashx?id=2956095&use=l&cat=p&typeid=i","cat":284916},{"id":31737,"n":"Nectar Jafaden Passion - 1L","p":2.71,"u":"2,71 €/L","img":"https://fd5-photos.leclercdrive.fr/image.ashx?id=2959602&use=l&cat=p&typeid=i","cat":284916},{"id":31918,"n":"Sucre Tablier Blanc En morceaux - 1kg","p":1.99,"u":"1,99 €/KG","img":"https://fd5-photos.leclercdrive.fr/image.ashx?id=3010425&use=l&cat=p&typeid=i","cat":284502},{"id":31920,"n":"Matière grasse Rustica à tartiner 50%MG Omega 3 - 500g","p":1.98,"u":"3,96 €/KG","img":"https://fd5-photos.leclercdrive.fr/image.ashx?id=2904556&use=l&cat=p&typeid=i","cat":315229},{"id":31970,"n":"Soin visage Carré Homme Anti-âge anti-fatigue Q10- 50ml","p":3.7,"u":"74,00 €/L","img":"https://fd5-photos.leclercdrive.fr/image.ashx?id=2809689&use=l&cat=p&typeid=i","cat":284622},{"id":31983,"n":"Cidre rosé Les Goelleries 2.5%vol. - 75cl","p":2.29,"u":"3,05 €/L","img":"https://fd5-photos.leclercdrive.fr/image.ashx?id=2842295&use=l&cat=p&typeid=i","cat":334880},{"id":31985,"n":"Couches bébé Mots d'Enfants -T4 Ultra confort - 7/18kg - x26","p":5.55,"u":"0,21 €/P","img":"https://fd5-photos.leclercdrive.fr/image.ashx?id=2699456&use=l&cat=p&typeid=i","cat":284737},{"id":32054,"n":"Eau minérale gazeuse St Diery  Naturelle - 6x50cl","p":1.45,"u":"0,48 €/L","img":"https://fd5-photos.leclercdrive.fr/image.ashx?id=2423532&use=l&cat=p&typeid=i","cat":284536},{"id":32064,"n":"Mousse à raser Carré Homme Sensible - 250ml","p":1.39,"u":"5,56 €/L","img":"https://fd5-photos.leclercdrive.fr/image.ashx?id=2704681&use=l&cat=p&typeid=i","cat":284617},{"id":32065,"n":"Couches bébé Mots d'Enfants T4 Douceur - 7/18kg - x74 changes","p":10.6,"u":"0,14 €/P","img":"https://fd5-photos.leclercdrive.fr/image.ashx?id=2699468&use=l&cat=p&typeid=i","cat":284737},{"id":32087,"n":"Yaourts vanille Soignon au lait de chèvre - 4x125g","p":2.24,"u":"4,48 €/KG","img":"https://fd5-photos.leclercdrive.fr/image.ashx?id=2518247&use=l&cat=p&typeid=i","cat":314998},{"id":32098,"n":"Biscuits Dinosaurus Lotus  Chocolat noir - 225g","p":2.08,"u":"9,24 €/KG","img":"https://fd5-photos.leclercdrive.fr/image.ashx?id=2859812&use=l&cat=p&typeid=i","cat":284488},{"id":32103,"n":"Goûter laitier Récré O'Lé Gourdes Chocolat - 4x85g","p":2.14,"u":"6,29 €/KG","img":"https://fd5-photos.leclercdrive.fr/image.ashx?id=3008824&use=l&cat=p&typeid=i","cat":284506},{"id":32104,"n":"Goûter laitier Récré O'Lé Gourdes Saveur Vanille - 4x85g","p":2.17,"u":"6,38 €/KG","img":"https://fd5-photos.leclercdrive.fr/image.ashx?id=3008827&use=l&cat=p&typeid=i","cat":284506},{"id":32125,"n":"Mélange Fruité Tokapi Fruits et graines - 110g","p":1.65,"u":"15,00 €/KG","img":"https://fd5-photos.leclercdrive.fr/image.ashx?id=2794003&use=l&cat=p&typeid=i","cat":284448},{"id":32183,"n":"Couches bébé Mots d'Enfants T4+ Douceur - 9/20kg - x70 changes","p":10.8,"u":"0,15 €/P","img":"https://fd5-photos.leclercdrive.fr/image.ashx?id=2904574&use=l&cat=p&typeid=i","cat":284737},{"id":32186,"n":"Couches bébé Mots d'Enfants T5 Douceur - 11/25kg - x66","p":10.7,"u":"0,16 €/P","img":"https://fd5-photos.leclercdrive.fr/image.ashx?id=2907195&use=l&cat=p&typeid=i","cat":284737},{"id":32202,"n":"Couches bébé Mots d'Enfants T3 Douceur - 4/9kg - x90 changes","p":11.4,"u":"0,13 €/P","img":"https://fd5-photos.leclercdrive.fr/image.ashx?id=2904571&use=l&cat=p&typeid=i","cat":284737},{"id":32213,"n":"Bacon fumé Herta Barquette 100g","p":2.27,"u":"22,70 €/KG","img":"https://fd5-photos.leclercdrive.fr/image.ashx?id=2876236&use=l&cat=p&typeid=i","cat":316011},{"id":32216,"n":"Sandwich XXL Daunat Poulet rôti Mayonnaise - 230g","p":2.1,"u":"9,13 €/KG","img":"https://fd5-photos.leclercdrive.fr/image.ashx?id=2892706&use=l&cat=p&typeid=i","cat":333658},{"id":32217,"n":"Sandwich XXL Daunat Thon Oeuf Crudités - 230g","p":1.69,"u":"7,35 €/KG","img":"https://fd5-photos.leclercdrive.fr/image.ashx?id=2892697&use=l&cat=p&typeid=i","cat":333658},{"id":32255,"n":"Déodorant Manava Pierre d'alun/Aloé véra - 200ml","p":1.44,"u":"7,20 €/L","img":"https://fd5-photos.leclercdrive.fr/image.ashx?id=2710494&use=l&cat=p&typeid=i","cat":284595},{"id":32258,"n":"Couches bébé Mots d'Enfants -T3 Ultra confort - 4/9kg - x29","p":5.99,"u":"0,21 €/P","img":"https://fd5-photos.leclercdrive.fr/image.ashx?id=2699453&use=l&cat=p&typeid=i","cat":284737},{"id":32267,"n":"Emmental fromage rapé Les Croisés - 325g","p":2.65,"u":"8,15 €/KG","img":"https://fd5-photos.leclercdrive.fr/image.ashx?id=2942786&use=l&cat=p&typeid=i","cat":314035},{"id":32269,"n":"Maasdam fromage bloc  Les Croisés - 330g","p":2.47,"u":"7,48 €/KG","img":"https://fd5-photos.leclercdrive.fr/image.ashx?id=2081690&use=l&cat=p&typeid=i","cat":314034},{"id":32271,"n":"Pizza Turini Jambon emmental - 200g","p":1.22,"u":"6,10 €/KG","img":"https://fd5-photos.leclercdrive.fr/image.ashx?id=3010581&use=l&cat=p&typeid=i","cat":333679},{"id":32286,"n":"Papillons d'Alsace NRT 250g","p":1.39,"u":"5,56 €/KG","img":"https://fd5-photos.leclercdrive.fr/image.ashx?id=2839992&use=l&cat=p&typeid=i","cat":284427},{"id":32291,"n":"Bonbons sans sucres Confiséo Aux plantes - 150g","p":2.49,"u":"16,60 €/KG","img":"https://fd5-photos.leclercdrive.fr/image.ashx?id=2934700&use=l&cat=p&typeid=i","cat":304252},{"id":32304,"n":"Aubergines Notre Jardin Grillées 600g","p":3.49,"u":"5,82 €/KG","img":"https://fd5-photos.leclercdrive.fr/image.ashx?id=2873132&use=l&cat=p&typeid=i","cat":319805},{"id":32307,"n":"Le Rossignol Les Croisés 29%mg - 250g","p":2.16,"u":"8,64 €/KG","img":"https://fd5-photos.leclercdrive.fr/image.ashx?id=2343100&use=l&cat=p&typeid=i","cat":329558},{"id":32317,"n":"Apéritif Lagoa Cocktail Planteur sans alcool 75cl","p":3.04,"u":"4,05 €/L","img":"https://fd5-photos.leclercdrive.fr/image.ashx?id=2047868&use=l&cat=p&typeid=i","cat":284549},{"id":32320,"n":"AOC Champagne Blanc de Blancs Brut Pol Carson - 75cl","p":21.99,"u":"29,32 €/L","img":"https://fd5-photos.leclercdrive.fr/image.ashx?id=2909897&use=l&cat=p&typeid=i","cat":284542},{"id":32335,"n":"100% Pur jus d'orange Jafaden Très pulpé - 1L","p":2.61,"u":"2,61 €/L","img":"https://fd5-photos.leclercdrive.fr/image.ashx?id=2869272&use=l&cat=p&typeid=i","cat":284521},{"id":32339,"n":"Sirop Frucci Pamplemousse Rose - 75cl","p":3.65,"u":"4,87 €/L","img":"https://fd5-photos.leclercdrive.fr/image.ashx?id=2909900&use=l&cat=p&typeid=i","cat":295020},{"id":32352,"n":"Emmental fromage râpé bio Bio village - 200g","p":2.31,"u":"11,55 €/KG","img":"https://fd5-photos.leclercdrive.fr/image.ashx?id=1972558&use=l&cat=p&typeid=i","cat":314035},{"id":32371,"n":"Petits pots  Babybio Bio Carotte quinoa - 8mois 2x200g","p":2.67,"u":"6,68 €/KG","img":"https://fd5-photos.leclercdrive.fr/image.ashx?id=2834512&use=l&cat=p&typeid=i","cat":312239},{"id":32380,"n":"Farine de blé Eco+ 1kg","p":0.54,"u":"0,54 €/KG","img":"https://fd5-photos.leclercdrive.fr/image.ashx?id=2694076&use=l&cat=p&typeid=i","cat":284503},{"id":32385,"n":"Asperges blanches très grosses En bocal - 395G","p":5.45,"u":"13,80 €/KG","img":"https://fd5-photos.leclercdrive.fr/image.ashx?id=2049013&use=l&cat=p&typeid=i","cat":312611},{"id":32386,"n":"Mélange forestier Notre Jardin 225g","p":2.57,"u":"11,42 €/KG","img":"https://fd5-photos.leclercdrive.fr/image.ashx?id=2613705&use=l&cat=p&typeid=i","cat":312612},{"id":32388,"n":"Maïs Notre Jardin Aux 2 poivrons - 270g","p":1.19,"u":"4,41 €/KG","img":"https://fd5-photos.leclercdrive.fr/image.ashx?id=2988057&use=l&cat=p&typeid=i","cat":312611},{"id":32393,"n":"Filet de poulet St Charmin Blanc Val de Loire x2 - 240g","p":5.49,"u":"22,88 €/KG","img":"https://fd5-photos.leclercdrive.fr/image.ashx?id=1921506&use=l&cat=p&typeid=i","cat":284336},{"id":32422,"n":"Poulet rôti Purée à l'ancienne La Cuisine d'Océane 300g","p":2.86,"u":"9,53 €/KG","img":"https://fd5-photos.leclercdrive.fr/image.ashx?id=2962377&use=l&cat=p&typeid=i","cat":284953},{"id":32436,"n":"AOP Côtes du Rhône rosé Cellier des Dauphins - BIB 3L","p":11.35,"u":"3,78 €/L","img":"https://fd5-photos.leclercdrive.fr/image.ashx?id=2829985&use=l&cat=p&typeid=i","cat":289560},{"id":32441,"n":"AOP Gros Plant sur Lie Château les Gillières - 75cl","p":3.75,"u":"5,00 €/L","img":"https://fd5-photos.leclercdrive.fr/image.ashx?id=2365132&use=l&cat=p&typeid=i","cat":289557},{"id":32444,"n":"AOP Cabernet d'Anjou vin rosé  Soupçon de Fruit  - 75cl","p":5.14,"u":"6,85 €/L","img":"https://fd5-photos.leclercdrive.fr/image.ashx?id=2432388&use=l&cat=p&typeid=i","cat":289558},{"id":32492,"n":"Crème glacée L'Angelys Vanille - 450g","p":5.16,"u":"11,47 €/KG","img":"https://fd5-photos.leclercdrive.fr/image.ashx?id=2963574&use=l&cat=p&typeid=i","cat":284263},{"id":32493,"n":"Crème glacée L'Angelys Caramel beurre salé - 450g","p":5.21,"u":"11,58 €/KG","img":"https://fd5-photos.leclercdrive.fr/image.ashx?id=2883188&use=l&cat=p&typeid=i","cat":284263},{"id":32497,"n":"Recharge Savon Mains Dettol Parfum Citron 250ml","p":2.11,"u":"8,44 €/L","img":"https://fd5-photos.leclercdrive.fr/image.ashx?id=2962020&use=l&cat=p&typeid=i","cat":284597},{"id":32555,"n":"Fromage Maasdam Les Croisés tranches x14 - 27.1%mg - 350g","p":3.23,"u":"9,23 €/KG","img":"https://fd5-photos.leclercdrive.fr/image.ashx?id=2026322&use=l&cat=p&typeid=i","cat":314028},{"id":32556,"n":"Gouda Les Croisés 30.5%mg portion - 250g","p":3.25,"u":"13,00 €/KG","img":"https://fd5-photos.leclercdrive.fr/image.ashx?id=2900121&use=l&cat=p&typeid=i","cat":314034},{"id":32557,"n":"Edam Les Croisés 23.7%mg portion - 250g","p":3.09,"u":"12,36 €/KG","img":"https://fd5-photos.leclercdrive.fr/image.ashx?id=2900124&use=l&cat=p&typeid=i","cat":314034},{"id":32558,"n":"Mimolette Les Croisés 23.7%mg portion - 250g","p":2.97,"u":"11,88 €/KG","img":"https://fd5-photos.leclercdrive.fr/image.ashx?id=2796049&use=l&cat=p&typeid=i","cat":314034},{"id":32631,"n":"Biscuits palmier Bio Village Bio - 100g","p":1.27,"u":"12,70 €/KG","img":"https://fd5-photos.leclercdrive.fr/image.ashx?id=2610729&use=l&cat=p&typeid=i","cat":284487},{"id":32643,"n":"Pruneaux d'Agen Couleurs Vives Dénoyautés - 500g","p":3.99,"u":"7,98 €/KG","img":"https://fd5-photos.leclercdrive.fr/image.ashx?id=2124107&use=l&cat=p&typeid=i","cat":284357},{"id":32690,"n":"Tranches de fromage Leerdammer Le Léger - 8 Tranches - 200g","p":3.71,"u":"18,55 €/KG","img":"https://fd5-photos.leclercdrive.fr/image.ashx?id=2507581&use=l&cat=p&typeid=i","cat":314028},{"id":32724,"n":"Pain grillé bio Bio Village Céréales et graines - 225g","p":1.59,"u":"7,07 €/KG","img":"https://fd5-photos.leclercdrive.fr/image.ashx?id=2595119&use=l&cat=p&typeid=i","cat":284479},{"id":32809,"n":"Filets de poulet St Charmin Val de Loire x2 - 240g","p":5.49,"u":"22,88 €/KG","img":"https://fd5-photos.leclercdrive.fr/image.ashx?id=2907084&use=l&cat=p&typeid=i","cat":284336},{"id":32817,"n":"Eau minérale Mont Blanc 6x1.5L","p":2.83,"u":"0,31 €/L","img":"https://fd5-photos.leclercdrive.fr/image.ashx?id=2401110&use=l&cat=p&typeid=i","cat":284535},{"id":32829,"n":"Litière chats Tous mes Amis Optimale - 5L","p":4.5,"u":"0,90 €/L","img":"https://fd5-photos.leclercdrive.fr/image.ashx?id=2055220&use=l&cat=p&typeid=i","cat":284683},{"id":32877,"n":"Tarte au fromage Côté Table 2x130g","p":2.71,"u":"10,42 €/KG","img":"https://fd5-photos.leclercdrive.fr/image.ashx?id=2201483&use=l&cat=p&typeid=i","cat":333680},{"id":32901,"n":"Escalopes de dinde Volandrie x2 - 240g","p":3.49,"u":"14,54 €/KG","img":"https://fd5-photos.leclercdrive.fr/image.ashx?id=2048860&use=l&cat=p&typeid=i","cat":284337},{"id":32902,"n":"Escalope de dinde Volandrie Extra fines x2 - 240g","p":3.49,"u":"14,54 €/KG","img":"https://fd5-photos.leclercdrive.fr/image.ashx?id=2595927&use=l&cat=p&typeid=i","cat":284337},{"id":32915,"n":"Oignons frits Colona 100g","p":0.91,"u":"9,10 €/KG","img":"https://fd5-photos.leclercdrive.fr/image.ashx?id=2687230&use=l&cat=p&typeid=i","cat":298297},{"id":32924,"n":"Chicorée en grains Lutun  500g","p":1.36,"u":"2,72 €/KG","img":"https://fd5-photos.leclercdrive.fr/image.ashx?id=2775601&use=l&cat=p&typeid=i","cat":284843},{"id":32925,"n":"Levure boulangère 42g","p":0.36,"u":"8,57 €/KG","img":"https://fd5-photos.leclercdrive.fr/image.ashx?id=2352489&use=l&cat=p&typeid=i","cat":294686},{"id":32934,"n":"Bière blanche 1664 Blanc 5° - 12x25cl","p":9.37,"u":"3,12 €/L","img":"https://fd5-photos.leclercdrive.fr/image.ashx?id=2886696&use=l&cat=p&typeid=i","cat":334878},{"id":32949,"n":"Gel Douche Fa Cap tonique mixte flacon- 250ml","p":1.46,"u":"5,84 €/L","img":"https://fd5-photos.leclercdrive.fr/image.ashx?id=2995418&use=l&cat=p&typeid=i","cat":284594},{"id":32954,"n":"Bûche glacée Eskiss Poire Chocolat - 549g","p":3.89,"u":"7,09 €/KG","img":"https://fd5-photos.leclercdrive.fr/image.ashx?id=2209852&use=l&cat=p&typeid=i","cat":284266},{"id":32957,"n":"Poitrine fumée Herta 2x100g","p":2.74,"u":"13,70 €/KG","img":"https://fd5-photos.leclercdrive.fr/image.ashx?id=2787773&use=l&cat=p&typeid=i","cat":316011},{"id":32970,"n":"Lingettes Bionaïa Démaquillantes Bio x25","p":1.04,"u":"0,04 €/P","img":"https://fd5-photos.leclercdrive.fr/image.ashx?id=2376025&use=l&cat=p&typeid=i","cat":284603},{"id":32972,"n":"Gel nettoyant Inell Visage 3 en 1 - 150ml","p":2.95,"u":"19,67 €/L","img":"https://fd5-photos.leclercdrive.fr/image.ashx?id=2644849&use=l&cat=p&typeid=i","cat":284603},{"id":32973,"n":"Eau micellaire Inell 500ml","p":2.36,"u":"4,72 €/L","img":"https://fd5-photos.leclercdrive.fr/image.ashx?id=1938870&use=l&cat=p&typeid=i","cat":284603},{"id":32982,"n":"Pâtes coquillettes Turini Les 3 min - 1kg","p":1.43,"u":"1,43 €/KG","img":"https://fd5-photos.leclercdrive.fr/image.ashx?id=2607530&use=l&cat=p&typeid=i","cat":284427},{"id":32985,"n":"Riz long Comptoir du Grain Cuisson rapide - 2kg","p":3.36,"u":"1,68 €/KG","img":"https://fd5-photos.leclercdrive.fr/image.ashx?id=2226197&use=l&cat=p&typeid=i","cat":284428},{"id":32986,"n":"Pâtes penne Turini Les 3 min - 500g","p":0.99,"u":"1,98 €/KG","img":"https://fd5-photos.leclercdrive.fr/image.ashx?id=2744240&use=l&cat=p&typeid=i","cat":284427},{"id":33017,"n":"Eau gazeuse  Badoit rouge fortement pétillante - 6x1l","p":3.36,"u":"0,56 €/L","img":"https://fd5-photos.leclercdrive.fr/image.ashx?id=2831783&use=l&cat=p&typeid=i","cat":284536},{"id":33019,"n":"Crème Nourrissante Nivea Visage Corps Mains - 150ml","p":1.87,"u":"12,47 €/L","img":"https://fd5-photos.leclercdrive.fr/image.ashx?id=2600536&use=l&cat=p&typeid=i","cat":325350},{"id":33034,"n":"AOC Crémant Bourgogne brut Veuve Ambal - Tastevine - 75cl","p":7.95,"u":"10,60 €/L","img":"https://fd5-photos.leclercdrive.fr/image.ashx?id=1965240&use=l&cat=p&typeid=i","cat":284545},{"id":33036,"n":"Beurre allégé Les Croisés Doux - 60% MG - 250g","p":1.87,"u":"7,48 €/KG","img":"https://fd5-photos.leclercdrive.fr/image.ashx?id=2893319&use=l&cat=p&typeid=i","cat":284379},{"id":33046,"n":"Tuiles Tokapi Epicé - 170g","p":1.39,"u":"8,18 €/KG","img":"https://fd5-photos.leclercdrive.fr/image.ashx?id=2641277&use=l&cat=p&typeid=i","cat":287899},{"id":33063,"n":"Lait de toilette Mots d'Enfants Extra-doux - 750ml","p":3.69,"u":"4,92 €/L","img":"https://fd5-photos.leclercdrive.fr/image.ashx?id=2266495&use=l&cat=p&typeid=i","cat":284741},{"id":33098,"n":"Viande hachée Férial 15%mg - 400G","p":5.49,"u":"13,73 €/KG","img":"https://fd5-photos.leclercdrive.fr/image.ashx?id=2966517&use=l&cat=p&typeid=i","cat":319779},{"id":33150,"n":"Blanquette Weight Watchers Poulet 300g","p":3.18,"u":"10,60 €/KG","img":"https://fd5-photos.leclercdrive.fr/image.ashx?id=2880739&use=l&cat=p&typeid=i","cat":333665},{"id":33151,"n":"Préparation culinaire Soja Délisse - 5%mg - 3x20cl","p":1.89,"u":"3,15 €/L","img":"https://fd5-photos.leclercdrive.fr/image.ashx?id=2970741&use=l&cat=p&typeid=i","cat":316069},{"id":33197,"n":"Café moulu Plantation Colombie - 250g","p":3.87,"u":"15,48 €/KG","img":"https://fd5-photos.leclercdrive.fr/image.ashx?id=2824268&use=l&cat=p&typeid=i","cat":284750},{"id":33199,"n":"Sirop Eco+ Fraise - 1L","p":2.43,"u":"2,43 €/L","img":"https://fd5-photos.leclercdrive.fr/image.ashx?id=2959701&use=l&cat=p&typeid=i","cat":295020},{"id":33251,"n":"Déodorant Manava peux sensibles Anti-transpirant spray - 200ml","p":1.29,"u":"6,45 €/L","img":"https://fd5-photos.leclercdrive.fr/image.ashx?id=2886454&use=l&cat=p&typeid=i","cat":284595},{"id":33252,"n":"Mini feuilletés Côté Table Escargot x16 - 170g","p":5.49,"u":"32,29 €/KG","img":"https://fd5-photos.leclercdrive.fr/image.ashx?id=2600408&use=l&cat=p&typeid=i","cat":319774},{"id":33255,"n":"Pâtes farfalle Turini Les 3 min - 500g","p":1.07,"u":"2,14 €/KG","img":"https://fd5-photos.leclercdrive.fr/image.ashx?id=2669723&use=l&cat=p&typeid=i","cat":284427},{"id":33262,"n":"Céréales Corn Flakes Kellogg's 500g","p":2.47,"u":"4,94 €/KG","img":"https://fd5-photos.leclercdrive.fr/image.ashx?id=2522005&use=l&cat=p&typeid=i","cat":309513},{"id":33269,"n":"Pommes de terre Pom'lisse Grenaille - 450g","p":2.49,"u":"5,53 €/KG","img":"https://fd5-photos.leclercdrive.fr/image.ashx?id=2704708&use=l&cat=p&typeid=i","cat":319792},{"id":33299,"n":"Sérum physiologique Mots d'Enfants 5ml x40","p":2.19,"u":"10,95 €/L","img":"https://fd5-photos.leclercdrive.fr/image.ashx?id=3014209&use=l&cat=p&typeid=i","cat":284741},{"id":33301,"n":"Soda light  Pulp'Orange Orange Bouteille - 1,5L","p":1.39,"u":"0,93 €/L","img":"https://fd5-photos.leclercdrive.fr/image.ashx?id=2922412&use=l&cat=p&typeid=i","cat":284532},{"id":33302,"n":"Pâtes cannelloni Turini 250g","p":0.99,"u":"3,96 €/KG","img":"https://fd5-photos.leclercdrive.fr/image.ashx?id=2980468&use=l&cat=p&typeid=i","cat":284427},{"id":33334,"n":"Crème hydratante Mots d'Enfants Bébé - 100ml","p":2.38,"u":"23,80 €/L","img":"https://fd5-photos.leclercdrive.fr/image.ashx?id=3014218&use=l&cat=p&typeid=i","cat":284741},{"id":33335,"n":"Eau nettoyante Mots d'Enfants Hydratante - 750ml","p":3.15,"u":"4,20 €/L","img":"https://fd5-photos.leclercdrive.fr/image.ashx?id=3015075&use=l&cat=p&typeid=i","cat":284741},{"id":33336,"n":"Gel lavant bébé Mots d'Enfants Corps et cheveux - 750ml","p":3.15,"u":"4,20 €/L","img":"https://fd5-photos.leclercdrive.fr/image.ashx?id=3014224&use=l&cat=p&typeid=i","cat":284740},{"id":33399,"n":"Pâte d'amande 40% Vahiné Tricolore 150g","p":2.23,"u":"14,87 €/KG","img":"https://fd5-photos.leclercdrive.fr/image.ashx?id=2014370&use=l&cat=p&typeid=i","cat":284504},{"id":33442,"n":"Cocktail fruits de mer Escal 900g","p":8.79,"u":"9,77 €/KG","img":"https://fd5-photos.leclercdrive.fr/image.ashx?id=2438609&use=l&cat=p&typeid=i","cat":319787},{"id":33499,"n":"Jus de pomme pétillant Champomy Pink Pomme Raisin - 75cl","p":2.84,"u":"3,79 €/L","img":"https://fd5-photos.leclercdrive.fr/image.ashx?id=2688638&use=l&cat=p&typeid=i","cat":289460},{"id":33583,"n":"Dés de fromage salade Boursin Figue et 3 noix - 120g","p":2.09,"u":"17,42 €/KG","img":"https://fd5-photos.leclercdrive.fr/image.ashx?id=2865668&use=l&cat=p&typeid=i","cat":314027},{"id":33595,"n":"Monster Munch Salé - 85g","p":0.92,"u":"10,82 €/KG","img":"https://fd5-photos.leclercdrive.fr/image.ashx?id=2971598&use=l&cat=p&typeid=i","cat":284449},{"id":33596,"n":"Monster Munch Jambon fromage - 85g","p":0.97,"u":"11,41 €/KG","img":"https://fd5-photos.leclercdrive.fr/image.ashx?id=2971604&use=l&cat=p&typeid=i","cat":284449},{"id":33600,"n":"Monster Munch Ketchup - 85g","p":0.99,"u":"11,65 €/KG","img":"https://fd5-photos.leclercdrive.fr/image.ashx?id=2996932&use=l&cat=p&typeid=i","cat":284449},{"id":33680,"n":"Croquettes grands chiens Lydog Boeuf Volaille - 14.5kg","p":18.7,"u":"1,29 €/KG","img":"https://fd5-photos.leclercdrive.fr/image.ashx?id=2054975&use=l&cat=p&typeid=i","cat":284672},{"id":33698,"n":"Cuisse de poulet Maître Coq Jaune avec partie dos 1.4kg","p":4.8,"u":"3,43 €/KG","img":"https://fd5-photos.leclercdrive.fr/image.ashx?id=2551129&use=l&cat=p&typeid=i","cat":284336},{"id":33745,"n":"IGP Pays d'Oc rosé Cinsault  Syrah Ormes de Cambras - BIB 5L","p":15.51,"u":"3,10 €/L","img":"https://fd5-photos.leclercdrive.fr/image.ashx?id=2445118&use=l&cat=p&typeid=i","cat":289560},{"id":33749,"n":"IGP Terres du Midi Listel Vin rosé 12% vol - BIB 3L","p":12.66,"u":"4,22 €/L","img":"https://fd5-photos.leclercdrive.fr/image.ashx?id=2883468&use=l&cat=p&typeid=i","cat":289560},{"id":33792,"n":"Crème mains bio Bio NaÏa Hydratante - 100ml","p":1.99,"u":"19,90 €/L","img":"https://fd5-photos.leclercdrive.fr/image.ashx?id=2558811&use=l&cat=p&typeid=i","cat":325354},{"id":33802,"n":"Lait Démaquillant bio Bio Naïa Visage 250ml","p":2.56,"u":"10,24 €/L","img":"https://fd5-photos.leclercdrive.fr/image.ashx?id=2399752&use=l&cat=p&typeid=i","cat":284603},{"id":33804,"n":"Déodorant Manava Douceur satin 200ml","p":1.44,"u":"7,20 €/L","img":"https://fd5-photos.leclercdrive.fr/image.ashx?id=2835202&use=l&cat=p&typeid=i","cat":284595},{"id":33805,"n":"Lingettes désinfectantes Clair Anti-bactériennes x40","p":1.05,"u":"0,03 €/P","img":"https://fd5-photos.leclercdrive.fr/image.ashx?id=2768095&use=l&cat=p&typeid=i","cat":325358},{"id":33811,"n":"Pastis de Marseille 45%vol - 1L","p":16.35,"u":"16,35 €/L","img":"https://fd5-photos.leclercdrive.fr/image.ashx?id=2637817&use=l&cat=p&typeid=i","cat":284548},{"id":33816,"n":"Bâtonnets Dentastix Pedigree Moyen chien x56 - 1440g","p":13.81,"u":"9,86 €/KG","img":"https://fd5-photos.leclercdrive.fr/image.ashx?id=2980185&use=l&cat=p&typeid=i","cat":294527},{"id":33820,"n":"Friandises chat Catisfactions Saumon - 60g","p":1.02,"u":"17,00 €/KG","img":"https://fd5-photos.leclercdrive.fr/image.ashx?id=2912605&use=l&cat=p&typeid=i","cat":285285},{"id":33824,"n":"Pur jus multifruits Jafaden  Orange Carotte Banane - 1L","p":2.29,"u":"2,29 €/L","img":"https://fd5-photos.leclercdrive.fr/image.ashx?id=2841157&use=l&cat=p&typeid=i","cat":284917},{"id":33848,"n":"Pur jus multifruits Jafaden  Orange Clémentine Banane - 1L","p":2.35,"u":"2,35 €/L","img":"https://fd5-photos.leclercdrive.fr/image.ashx?id=2841163&use=l&cat=p&typeid=i","cat":284917},{"id":33849,"n":"Shampooing bio Bio naïa 250ml","p":1.8,"u":"7,20 €/L","img":"https://fd5-photos.leclercdrive.fr/image.ashx?id=2822117&use=l&cat=p&typeid=i","cat":284606},{"id":33850,"n":"Eponges multi-usage Mamison Vertes - X6","p":1.75,"u":"0,29 €/P","img":"https://fd5-photos.leclercdrive.fr/image.ashx?id=2175768&use=l&cat=p&typeid=i","cat":284667},{"id":33885,"n":"Olives noires  Rustica Dénoyautées - 180g","p":1.23,"u":"6,83 €/KG","img":"https://fd5-photos.leclercdrive.fr/image.ashx?id=1698893&use=l&cat=p&typeid=i","cat":284458},{"id":33887,"n":"Pains grillés complet Epi d'or 400g","p":1.57,"u":"3,93 €/KG","img":"https://fd5-photos.leclercdrive.fr/image.ashx?id=2555943&use=l&cat=p&typeid=i","cat":284479},{"id":33889,"n":"Pain précuit Epi d'or Petits pains x6 - 300g","p":0.99,"u":"3,30 €/KG","img":"https://fd5-photos.leclercdrive.fr/image.ashx?id=3013603&use=l&cat=p&typeid=i","cat":325069},{"id":33891,"n":"Paëlla royale Côté Table 300g","p":3.39,"u":"11,30 €/KG","img":"https://fd5-photos.leclercdrive.fr/image.ashx?id=2393872&use=l&cat=p&typeid=i","cat":284953},{"id":33892,"n":"Poule au riz Côté table 300g","p":2.31,"u":"7,70 €/KG","img":"https://fd5-photos.leclercdrive.fr/image.ashx?id=2393875&use=l&cat=p&typeid=i","cat":284953},{"id":33909,"n":"P'tit sablé P'tit Déli Au sel de Guérande 130g","p":1.09,"u":"8,38 €/KG","img":"https://fd5-photos.leclercdrive.fr/image.ashx?id=2666566&use=l&cat=p&typeid=i","cat":284487},{"id":33910,"n":"Biscuit Petit beurre P'tit Déli Chocolat noir pocket - 250g","p":2.39,"u":"9,56 €/KG","img":"https://fd5-photos.leclercdrive.fr/image.ashx?id=750629&use=l&cat=p&typeid=i","cat":284488},{"id":33915,"n":"Veau aux légumes Côté table Barquette 280g","p":2.29,"u":"8,18 €/KG","img":"https://fd5-photos.leclercdrive.fr/image.ashx?id=2476152&use=l&cat=p&typeid=i","cat":284953},{"id":33918,"n":"Pâtes torsettes Turini Blé complet - 500g","p":0.99,"u":"1,98 €/KG","img":"https://fd5-photos.leclercdrive.fr/image.ashx?id=2607527&use=l&cat=p&typeid=i","cat":284427},{"id":33923,"n":"Filets d'Anchois Pêche Océan Marinés Nature - 100g","p":1.99,"u":"19,90 €/KG","img":"https://fd5-photos.leclercdrive.fr/image.ashx?id=2992513&use=l&cat=p&typeid=i","cat":285190},{"id":33989,"n":"Coq au vin Côté Table 400g","p":2.54,"u":"6,35 €/KG","img":"https://fd5-photos.leclercdrive.fr/image.ashx?id=2977876&use=l&cat=p&typeid=i","cat":284441},{"id":33992,"n":"Soda Coca-Cola Zéro Cherry  Bouteille - 1,25L","p":1.48,"u":"1,18 €/L","img":"https://fd5-photos.leclercdrive.fr/image.ashx?id=2678158&use=l&cat=p&typeid=i","cat":284530},{"id":34006,"n":"Boisson aux fruits Capri Sun Tropical - 10x20cl","p":3.38,"u":"1,69 €/L","img":"https://fd5-photos.leclercdrive.fr/image.ashx?id=2506399&use=l&cat=p&typeid=i","cat":295018},{"id":34044,"n":"Brie Ermitage 800g","p":7.63,"u":"9,54 €/KG","img":"https://fd5-photos.leclercdrive.fr/image.ashx?id=2642453&use=l&cat=p&typeid=i","cat":314033},{"id":34072,"n":"Tomates cerises mélangées Barquette 400g","p":2.99,"u":"7,48 €/KG","img":"https://fd5-photos.leclercdrive.fr/image.ashx?id=1633238&use=l&cat=p&typeid=i","cat":284352},{"id":34106,"n":"Dosettes café Plantation  Classique - x36 - 250g","p":3.72,"u":"14,88 €/KG","img":"https://fd5-photos.leclercdrive.fr/image.ashx?id=2622109&use=l&cat=p&typeid=i","cat":293238},{"id":34107,"n":"Dosettes café Plantation  Corsé - x36 - 250g","p":3.72,"u":"14,88 €/KG","img":"https://fd5-photos.leclercdrive.fr/image.ashx?id=2622112&use=l&cat=p&typeid=i","cat":293238},{"id":34177,"n":"Effilés aux legumes Purina One Poulet / Boeufs - 4x85g","p":2.13,"u":"6,26 €/KG","img":"https://fd5-photos.leclercdrive.fr/image.ashx?id=2467483&use=l&cat=p&typeid=i","cat":285286},{"id":34178,"n":"Sachet repas chats Purina One Viandes et Poissons - 4x85g","p":2.1,"u":"6,18 €/KG","img":"https://fd5-photos.leclercdrive.fr/image.ashx?id=2467486&use=l&cat=p&typeid=i","cat":285286},{"id":34183,"n":"Tortilla Tables du monde Oignons 500g","p":2.89,"u":"5,78 €/KG","img":"https://fd5-photos.leclercdrive.fr/image.ashx?id=794123&use=l&cat=p&typeid=i","cat":333673},{"id":34184,"n":"Filets poulet blanc Maître Coq 600g","p":6.75,"u":"11,25 €/KG","img":"https://fd5-photos.leclercdrive.fr/image.ashx?id=2551156&use=l&cat=p&typeid=i","cat":284336},{"id":34185,"n":"Filets poulet jaune Maitre coq 600g","p":6.97,"u":"11,62 €/KG","img":"https://fd5-photos.leclercdrive.fr/image.ashx?id=2551159&use=l&cat=p&typeid=i","cat":284336},{"id":34187,"n":"Aiguillettes poulet Maitre coq Jaune - 450g","p":5.5,"u":"12,22 €/KG","img":"https://fd5-photos.leclercdrive.fr/image.ashx?id=2551165&use=l&cat=p&typeid=i","cat":284336},{"id":34188,"n":"Poulet Label Rouge Blanc  IGP Volailles du Maine 1,25kg","p":10.55,"u":"8,44 €/KG","img":"https://fd5-photos.leclercdrive.fr/image.ashx?id=2411746&use=l&cat=p&typeid=i","cat":284336},{"id":34196,"n":"Gratin Fleury Michon Choux-fleur jambon 280g","p":2.99,"u":"10,68 €/KG","img":"https://fd5-photos.leclercdrive.fr/image.ashx?id=3003293&use=l&cat=p&typeid=i","cat":333665},{"id":34198,"n":"Filet poulet blanc Douce France  x2 -300G","p":3.9,"u":"13,00 €/KG","img":"https://fd5-photos.leclercdrive.fr/image.ashx?id=2305323&use=l&cat=p&typeid=i","cat":284336},{"id":34204,"n":"Lait corps bio Bio naïa 250ml","p":3.53,"u":"14,12 €/L","img":"https://fd5-photos.leclercdrive.fr/image.ashx?id=2431131&use=l&cat=p&typeid=i","cat":325349},{"id":34241,"n":"Manchons de poulet Côté Croc Barbecue - 250g","p":2.49,"u":"9,96 €/KG","img":"https://fd5-photos.leclercdrive.fr/image.ashx?id=2560482&use=l&cat=p&typeid=i","cat":333685},{"id":34326,"n":"Dosettes café Plantation  Caramel - x10 - 70g","p":1.63,"u":"23,29 €/KG","img":"https://fd5-photos.leclercdrive.fr/image.ashx?id=2824277&use=l&cat=p&typeid=i","cat":293238},{"id":34327,"n":"Dosettes café Plantation Noisette - x10 - 70g","p":1.82,"u":"26,00 €/KG","img":"https://fd5-photos.leclercdrive.fr/image.ashx?id=2664578&use=l&cat=p&typeid=i","cat":293238},{"id":34333,"n":"Boisson à base de vin rosé Very Framboise - 75cl","p":2.85,"u":"3,80 €/L","img":"https://fd5-photos.leclercdrive.fr/image.ashx?id=2446632&use=l&cat=p&typeid=i","cat":304569},{"id":34350,"n":"Shampooing sec Vitanove Cheveux normaux - 150ml","p":1.87,"u":"12,47 €/L","img":"https://fd5-photos.leclercdrive.fr/image.ashx?id=2669720&use=l&cat=p&typeid=i","cat":289143},{"id":34361,"n":"Préparation pain Tablier Blanc Farine pour pain nature - 1kg","p":1.35,"u":"1,35 €/KG","img":"https://fd5-photos.leclercdrive.fr/image.ashx?id=2832951&use=l&cat=p&typeid=i","cat":284503},{"id":34519,"n":"Vin mousseux brut rosé  produit en Allemagne -75cl","p":2.98,"u":"3,97 €/L","img":"https://fd5-photos.leclercdrive.fr/image.ashx?id=2523359&use=l&cat=p&typeid=i","cat":284544},{"id":34560,"n":"AOP Picpoul de Pinet blanc Ormarine - 75 cl","p":4.95,"u":"6,60 €/L","img":"https://fd5-photos.leclercdrive.fr/image.ashx?id=2962326&use=l&cat=p&typeid=i","cat":289557},{"id":34660,"n":"Pruneaux d'Agen Couleurs Vives Dénoyautés - 250g","p":2.99,"u":"11,96 €/KG","img":"https://fd5-photos.leclercdrive.fr/image.ashx?id=2093129&use=l&cat=p&typeid=i","cat":284357},{"id":34672,"n":"Ail blanc Panier du Primeur A mijoter et à confire x3","p":2.99,"u":"1,00 €/P","img":"https://fd5-photos.leclercdrive.fr/image.ashx?id=2958720&use=l&cat=p&typeid=i","cat":284352},{"id":34693,"n":"Briochettes pépites Epi d'Or Chocolat au lait x12 - 500g","p":2.44,"u":"4,88 €/KG","img":"https://fd5-photos.leclercdrive.fr/image.ashx?id=2867913&use=l&cat=p&typeid=i","cat":293505},{"id":34694,"n":"Briochettes pépites Epi d'Or Chocolat - x12 500g","p":2.79,"u":"5,58 €/KG","img":"https://fd5-photos.leclercdrive.fr/image.ashx?id=2867910&use=l&cat=p&typeid=i","cat":293505},{"id":34763,"n":"Huile Cheveux Elsève Sublimateur Cheveu sec - 100ml","p":10.82,"u":"108,20 €/L","img":"https://fd5-photos.leclercdrive.fr/image.ashx?id=2870671&use=l&cat=p&typeid=i","cat":284608},{"id":34813,"n":"Thé Britley Citron - x25 - 40g","p":0.88,"u":"22,00 €/KG","img":"https://fd5-photos.leclercdrive.fr/image.ashx?id=2897784&use=l&cat=p&typeid=i","cat":293233},{"id":34841,"n":"Rillettes Tradilège poulet rôti 220g","p":1.79,"u":"8,14 €/KG","img":"https://fd5-photos.leclercdrive.fr/image.ashx?id=2930924&use=l&cat=p&typeid=i","cat":316008},{"id":34845,"n":"IGP Vinaigre balsamique Maille 50cl","p":3.21,"u":"6,42 €/L","img":"https://fd5-photos.leclercdrive.fr/image.ashx?id=2866178&use=l&cat=p&typeid=i","cat":298543},{"id":34908,"n":"Fromage frais Petit Yoplait Nature 3.8%MG - 6x60g","p":1.37,"u":"3,81 €/KG","img":"https://fd5-photos.leclercdrive.fr/image.ashx?id=2811026&use=l&cat=p&typeid=i","cat":284409},{"id":34915,"n":"Fromage frais Petit Yoplait Nature 3.8%MG - 12x60g","p":1.82,"u":"2,53 €/KG","img":"https://fd5-photos.leclercdrive.fr/image.ashx?id=2811029&use=l&cat=p&typeid=i","cat":284409},{"id":34919,"n":"Fromage frais Petit Yoplait Nature 0%MG - 12x60g","p":2.37,"u":"3,29 €/KG","img":"https://fd5-photos.leclercdrive.fr/image.ashx?id=2811023&use=l&cat=p&typeid=i","cat":315000},{"id":34928,"n":"Bière blonde Falsbourg 4.2%vol. - 10x25cl","p":4.59,"u":"1,84 €/L","img":"https://fd5-photos.leclercdrive.fr/image.ashx?id=2637907&use=l&cat=p&typeid=i","cat":334873},{"id":34943,"n":"Blanc de poulet Fleury Michon rôti à la broche x4 - 120g","p":1.55,"u":"12,92 €/KG","img":"https://fd5-photos.leclercdrive.fr/image.ashx?id=2977288&use=l&cat=p&typeid=i","cat":316010},{"id":34952,"n":"Ratatouille à la Provençale NRT 650g","p":3.3,"u":"5,08 €/KG","img":"https://fd5-photos.leclercdrive.fr/image.ashx?id=2771390&use=l&cat=p&typeid=i","cat":312612},{"id":34955,"n":"Vin mousseux Pol Rémy Gala brut 75cl","p":2.67,"u":"3,56 €/L","img":"https://fd5-photos.leclercdrive.fr/image.ashx?id=2105518&use=l&cat=p&typeid=i","cat":284544},{"id":34957,"n":"Vin mousseux Paul Bur Brut 75cl","p":3.3,"u":"4,40 €/L","img":"https://fd5-photos.leclercdrive.fr/image.ashx?id=2101450&use=l&cat=p&typeid=i","cat":284544},{"id":34958,"n":"Vin mousseux Paul Bur Demi-sec - 75cl","p":3.14,"u":"4,19 €/L","img":"https://fd5-photos.leclercdrive.fr/image.ashx?id=2020158&use=l&cat=p&typeid=i","cat":284544},{"id":34967,"n":"Eau minérale naturelle St Amand 6x2L","p":2.89,"u":"0,24 €/L","img":"https://fd5-photos.leclercdrive.fr/image.ashx?id=2549615&use=l&cat=p&typeid=i","cat":284535},{"id":34973,"n":"Bière Trois Monts Grande réserve 9.5%vol. - 75cl","p":2.84,"u":"3,79 €/L","img":"https://fd5-photos.leclercdrive.fr/image.ashx?id=2548376&use=l&cat=p&typeid=i","cat":334852},{"id":34974,"n":"Bière brune Chimay Première  Rouge 7%vol. - 75cl","p":3.73,"u":"4,97 €/L","img":"https://fd5-photos.leclercdrive.fr/image.ashx?id=1579872&use=l&cat=p&typeid=i","cat":334872},{"id":34975,"n":"Bière Cuvée des Trolls Blonde - 7.5%vol. - 75cl","p":4.98,"u":"6,64 €/L","img":"https://fd5-photos.leclercdrive.fr/image.ashx?id=2611083&use=l&cat=p&typeid=i","cat":334872},{"id":34982,"n":"Bûche chèvre Soignon 200g","p":2.19,"u":"10,95 €/KG","img":"https://fd5-photos.leclercdrive.fr/image.ashx?id=2995325&use=l&cat=p&typeid=i","cat":314031},{"id":34999,"n":"Nuggets Croustillant Père Dodu  Poulet x10 - 200g","p":2.05,"u":"10,25 €/KG","img":"https://fd5-photos.leclercdrive.fr/image.ashx?id=2956975&use=l&cat=p&typeid=i","cat":333684},{"id":35008,"n":"Céréales Special K Kellogg's Nature - 750g","p":3.95,"u":"5,27 €/KG","img":"https://fd5-photos.leclercdrive.fr/image.ashx?id=2586288&use=l&cat=p&typeid=i","cat":309512},{"id":35010,"n":"Mélange safran Ducros 14 doses -  8.4g","p":3.11,"u":"388,75 €/KG","img":"https://fd5-photos.leclercdrive.fr/image.ashx?id=2486590&use=l&cat=p&typeid=i","cat":298297},{"id":35022,"n":"Cordon bleu Le Gaulois Dinde x4 - 400g","p":2.96,"u":"7,40 €/KG","img":"https://fd5-photos.leclercdrive.fr/image.ashx?id=2860226&use=l&cat=p&typeid=i","cat":333683},{"id":35034,"n":"Eau minérale gazeuse Perrier  Canettes - 6x33cl","p":2.72,"u":"1,37 €/L","img":"https://fd5-photos.leclercdrive.fr/image.ashx?id=2672554&use=l&cat=p&typeid=i","cat":284536},{"id":35046,"n":"Sangria Festalie 7%vol. - 3L","p":3.65,"u":"1,22 €/L","img":"https://fd5-photos.leclercdrive.fr/image.ashx?id=2515497&use=l&cat=p&typeid=i","cat":286032},{"id":35049,"n":"Scotch Whisky Baird's 40%vol - 50cl","p":9.51,"u":"19,02 €/L","img":"https://fd5-photos.leclercdrive.fr/image.ashx?id=2913687&use=l&cat=p&typeid=i","cat":284547},{"id":35108,"n":"Bière blonde Affligem 6,7%vol. - 12x25cl","p":9.28,"u":"3,09 €/L","img":"https://fd5-photos.leclercdrive.fr/image.ashx?id=2639405&use=l&cat=p&typeid=i","cat":334852},{"id":35117,"n":"Riste d'aubergines provençale NRT - 650g","p":3.99,"u":"6,14 €/KG","img":"https://fd5-photos.leclercdrive.fr/image.ashx?id=2771387&use=l&cat=p&typeid=i","cat":284441},{"id":35138,"n":"Yaourt SMARTIES Vanille bonbons chocolat 4x120g","p":2.24,"u":"4,67 €/KG","img":"https://fd5-photos.leclercdrive.fr/image.ashx?id=2571038&use=l&cat=p&typeid=i","cat":284414},{"id":35146,"n":"Fromages râpé spécial Pizza  Les Croisés - 125g","p":1.62,"u":"12,96 €/KG","img":"https://fd5-photos.leclercdrive.fr/image.ashx?id=2946175&use=l&cat=p&typeid=i","cat":314035},{"id":35147,"n":"Fromage Cheddar Burger Les Croisés 20 Tranches - 340g","p":1.99,"u":"5,85 €/KG","img":"https://fd5-photos.leclercdrive.fr/image.ashx?id=2946844&use=l&cat=p&typeid=i","cat":314028},{"id":35148,"n":"Fromage Emmental Croque Les Croisés 20 Tranches - 340g","p":2.01,"u":"5,91 €/KG","img":"https://fd5-photos.leclercdrive.fr/image.ashx?id=2946847&use=l&cat=p&typeid=i","cat":314028},{"id":35155,"n":"Tablette de chocolat noir Lindt Fleur de sel - 100g","p":2.16,"u":"21,60 €/KG","img":"https://fd5-photos.leclercdrive.fr/image.ashx?id=2681595&use=l&cat=p&typeid=i","cat":284956},{"id":35159,"n":"Croco Haribo Sachet bonbons - 280g","p":1.2,"u":"4,29 €/KG","img":"https://fd5-photos.leclercdrive.fr/image.ashx?id=2446467&use=l&cat=p&typeid=i","cat":304250},{"id":35160,"n":"Croissants Pasquier x16 - 640g","p":3.65,"u":"5,70 €/KG","img":"https://fd5-photos.leclercdrive.fr/image.ashx?id=2853056&use=l&cat=p&typeid=i","cat":296366},{"id":35182,"n":"Boisson énergisante Monster Original - 50cl","p":1.3,"u":"2,60 €/L","img":"https://fd5-photos.leclercdrive.fr/image.ashx?id=2510163&use=l&cat=p&typeid=i","cat":284533},{"id":35183,"n":"Boisson énergisante Monster Original Canette - 4x50cl","p":5.2,"u":"2,60 €/L","img":"https://fd5-photos.leclercdrive.fr/image.ashx?id=2210242&use=l&cat=p&typeid=i","cat":284533},{"id":35230,"n":"Nonnettes de Dijon NRT Orange - 200g","p":3.99,"u":"19,95 €/KG","img":"https://fd5-photos.leclercdrive.fr/image.ashx?id=2622326&use=l&cat=p&typeid=i","cat":284493},{"id":35262,"n":"yaourt aux fruits bifidus activia 0%mg - 12x125g","p":4.76,"u":"3,17 €/KG","img":"https://fd5-photos.leclercdrive.fr/image.ashx?id=2741697&use=l&cat=p&typeid=i","cat":315000},{"id":35296,"n":"Filet poulet Tradilège rôti sans nitrite 4 tranches - 120g","p":1.89,"u":"15,75 €/KG","img":"https://fd5-photos.leclercdrive.fr/image.ashx?id=2989790&use=l&cat=p&typeid=i","cat":316010},{"id":35300,"n":"Jambon supérieur Tradilège À l'étouffée 6 tranches - 240g","p":2.92,"u":"12,17 €/KG","img":"https://fd5-photos.leclercdrive.fr/image.ashx?id=2991521&use=l&cat=p&typeid=i","cat":316009},{"id":35308,"n":"Beurre Tendre Elle&Vire Demi-Sel - 80% MG - 250g","p":2.86,"u":"11,44 €/KG","img":"https://fd5-photos.leclercdrive.fr/image.ashx?id=2604773&use=l&cat=p&typeid=i","cat":284379},{"id":35309,"n":"Beurre Tendre Elle&Vire Doux - 82% MG - 250g","p":2.89,"u":"11,56 €/KG","img":"https://fd5-photos.leclercdrive.fr/image.ashx?id=2765629&use=l&cat=p&typeid=i","cat":284379},{"id":35333,"n":"Bain de bouche Sanogyl Multi Protection - 500ml","p":3.24,"u":"6,48 €/L","img":"https://fd5-photos.leclercdrive.fr/image.ashx?id=2638256&use=l&cat=p&typeid=i","cat":284613},{"id":35398,"n":"Eau Micellaire Garnier Peaux Sensibles - 400ml","p":2.82,"u":"7,05 €/L","img":"https://fd5-photos.leclercdrive.fr/image.ashx?id=2926593&use=l&cat=p&typeid=i","cat":284603},{"id":35425,"n":"Déodorant spray Monsavon Fleur de cerisier - 100ml","p":2.55,"u":"25,50 €/L","img":"https://fd5-photos.leclercdrive.fr/image.ashx?id=2904628&use=l&cat=p&typeid=i","cat":284595},{"id":35433,"n":"Tampons Doulys Compact Super plus - x20","p":2.6,"u":"0,13 €/P","img":"https://fd5-photos.leclercdrive.fr/image.ashx?id=2965509&use=l&cat=p&typeid=i","cat":284626},{"id":35503,"n":"Gel à raser Williams Peaux sensibles 200ml","p":2.47,"u":"12,35 €/L","img":"https://fd5-photos.leclercdrive.fr/image.ashx?id=1966625&use=l&cat=p&typeid=i","cat":284617},{"id":35537,"n":"Recharge savon mains Palmolive Antibactérien -  250ml","p":0.59,"u":"2,36 €/L","img":"https://fd5-photos.leclercdrive.fr/image.ashx?id=2833180&use=l&cat=p&typeid=i","cat":284597},{"id":35646,"n":"Bière blonde Falsbourg Canette - 4.2%vol. - 50cl","p":0.69,"u":"1,38 €/L","img":"https://fd5-photos.leclercdrive.fr/image.ashx?id=2637904&use=l&cat=p&typeid=i","cat":334853},{"id":35647,"n":"Bière blonde Falsbourg Canette - 4.2%vol. - 6x33cl","p":2.69,"u":"1,36 €/L","img":"https://fd5-photos.leclercdrive.fr/image.ashx?id=2637913&use=l&cat=p&typeid=i","cat":334853},{"id":35649,"n":"Petits boudins créole Tradilège Au piment de Cayenne - 300g","p":3.44,"u":"11,47 €/KG","img":"https://fd5-photos.leclercdrive.fr/image.ashx?id=2651810&use=l&cat=p&typeid=i","cat":316012},{"id":35650,"n":"Minis boudins blancs Tradilège Noix de muscade et porto - 300g","p":3.99,"u":"13,30 €/KG","img":"https://fd5-photos.leclercdrive.fr/image.ashx?id=2821007&use=l&cat=p&typeid=i","cat":316012},{"id":35676,"n":"Vin mousseux rosé X noir  Brut 75cl","p":6.2,"u":"8,27 €/L","img":"https://fd5-photos.leclercdrive.fr/image.ashx?id=2670719&use=l&cat=p&typeid=i","cat":284544},{"id":35720,"n":"Barquette chat Sheba Poissons en terrine - 12x85g","p":6.54,"u":"6,41 €/KG","img":"https://fd5-photos.leclercdrive.fr/image.ashx?id=2759637&use=l&cat=p&typeid=i","cat":285286},{"id":35723,"n":"Liqueur Curaçao bleu Giffard 25%vol. - 50cl","p":7.79,"u":"15,58 €/L","img":"https://fd5-photos.leclercdrive.fr/image.ashx?id=1650446&use=l&cat=p&typeid=i","cat":286032},{"id":35728,"n":"Spécialité au soja Nat & Vie Framboise-passion 4x100g","p":1.42,"u":"3,55 €/KG","img":"https://fd5-photos.leclercdrive.fr/image.ashx?id=2901455&use=l&cat=p&typeid=i","cat":316071},{"id":35730,"n":"Crème dessert Délisse Vanille Billes 3 chocolats 4x117g","p":2.15,"u":"4,59 €/KG","img":"https://fd5-photos.leclercdrive.fr/image.ashx?id=2965503&use=l&cat=p&typeid=i","cat":285041},{"id":35731,"n":"Crème dessert Chocolat Délisse Mix'n croc color 4x120g","p":2.09,"u":"4,35 €/KG","img":"https://fd5-photos.leclercdrive.fr/image.ashx?id=2965506&use=l&cat=p&typeid=i","cat":285041},{"id":35735,"n":"Bière blanche Hilbörg Canette - 4.5%vol. - 50cl","p":0.99,"u":"1,98 €/L","img":"https://fd5-photos.leclercdrive.fr/image.ashx?id=2913693&use=l&cat=p&typeid=i","cat":334853},{"id":35784,"n":"Bière triple Maredsous Blonde - 10%vol. - 33cl","p":2.06,"u":"6,24 €/L","img":"https://fd5-photos.leclercdrive.fr/image.ashx?id=2371278&use=l&cat=p&typeid=i","cat":334872},{"id":35785,"n":"Bière belge Rince Cochon Fruits rouges - 7.5%vol. - 50cl","p":1.97,"u":"3,94 €/L","img":"https://fd5-photos.leclercdrive.fr/image.ashx?id=1741472&use=l&cat=p&typeid=i","cat":334853},{"id":35788,"n":"Café Soluble Nescafé 200g","p":5.85,"u":"29,25 €/KG","img":"https://fd5-photos.leclercdrive.fr/image.ashx?id=2810627&use=l&cat=p&typeid=i","cat":284843},{"id":35790,"n":"Nettoyant ménager Uni Vert Multi-surfaces 1L","p":1.53,"u":"1,53 €/L","img":"https://fd5-photos.leclercdrive.fr/image.ashx?id=2520837&use=l&cat=p&typeid=i","cat":284907},{"id":35791,"n":"Flammekueche d'Alsace NRT 600g","p":4.35,"u":"7,25 €/KG","img":"https://fd5-photos.leclercdrive.fr/image.ashx?id=2743894&use=l&cat=p&typeid=i","cat":333680},{"id":35811,"n":"Barquette chat Sheba  Boucher en terrine - 12x85g","p":6.56,"u":"6,43 €/KG","img":"https://fd5-photos.leclercdrive.fr/image.ashx?id=2759634&use=l&cat=p&typeid=i","cat":285286},{"id":35815,"n":"Matière grasse St Hubert  Omega 3 - 52% MG - 255g","p":2.01,"u":"7,88 €/KG","img":"https://fd5-photos.leclercdrive.fr/image.ashx?id=2734093&use=l&cat=p&typeid=i","cat":315229},{"id":35816,"n":"Matière grasse St Hubert Omega3 52% MG - demi-sel - 255g","p":1.99,"u":"7,80 €/KG","img":"https://fd5-photos.leclercdrive.fr/image.ashx?id=2734096&use=l&cat=p&typeid=i","cat":315229},{"id":35817,"n":"Mélange de matières grasses Le Fleurier - 53%mg - 510g","p":3.57,"u":"7,00 €/KG","img":"https://fd5-photos.leclercdrive.fr/image.ashx?id=2978023&use=l&cat=p&typeid=i","cat":315229},{"id":35823,"n":"Roquefort AOP en portions Les Croisés - 25gx4 -100g","p":2.31,"u":"23,10 €/KG","img":"https://fd5-photos.leclercdrive.fr/image.ashx?id=2645945&use=l&cat=p&typeid=i","cat":314032},{"id":35825,"n":"Fromage Pavé d'Affinois Original - 200g","p":2.41,"u":"12,05 €/KG","img":"https://fd5-photos.leclercdrive.fr/image.ashx?id=3002078&use=l&cat=p&typeid=i","cat":314033},{"id":35830,"n":"Yaourt La Laitière   Fruits panachés - 8x125g","p":3.79,"u":"3,79 €/KG","img":"https://fd5-photos.leclercdrive.fr/image.ashx?id=2744590&use=l&cat=p&typeid=i","cat":286006},{"id":35846,"n":"Yaourt à boire Délisse Vanille - 850g","p":1.49,"u":"1,75 €/KG","img":"https://fd5-photos.leclercdrive.fr/image.ashx?id=2775890&use=l&cat=p&typeid=i","cat":284415},{"id":35847,"n":"Yaourt à boire Délisse Framboise - 850g","p":1.35,"u":"1,59 €/KG","img":"https://fd5-photos.leclercdrive.fr/image.ashx?id=2777797&use=l&cat=p&typeid=i","cat":284415},{"id":35850,"n":"Jambon fumé Tradilège Avec couenne -4 tranches - 160g","p":2.49,"u":"15,56 €/KG","img":"https://fd5-photos.leclercdrive.fr/image.ashx?id=2448327&use=l&cat=p&typeid=i","cat":316009},{"id":35906,"n":"Gourdes Goûters lactés Délisse Chocolat - 4x85g","p":1.75,"u":"5,15 €/KG","img":"https://fd5-photos.leclercdrive.fr/image.ashx?id=2681424&use=l&cat=p&typeid=i","cat":284506},{"id":35907,"n":"Cassoulet mitonné   William Saurin - 840g","p":2.86,"u":"3,40 €/KG","img":"https://fd5-photos.leclercdrive.fr/image.ashx?id=2890148&use=l&cat=p&typeid=i","cat":284440},{"id":35909,"n":"Test de grossesse Medicaid 1 pièce","p":1.09,"img":"https://fd5-photos.leclercdrive.fr/image.ashx?id=2432758&use=l&cat=p&typeid=i","cat":324482},{"id":35917,"n":"Bière blonde Forte Extra Strong Canette - 8.4%vol. - 50cl","p":1.15,"u":"2,30 €/L","img":"https://fd5-photos.leclercdrive.fr/image.ashx?id=2927998&use=l&cat=p&typeid=i","cat":334853},{"id":35918,"n":"Jus de pomme Jafaden A base de concentré - 6x20cl","p":1.32,"u":"1,10 €/L","img":"https://fd5-photos.leclercdrive.fr/image.ashx?id=2366881&use=l&cat=p&typeid=i","cat":284524},{"id":35919,"n":"Jus de raisin Jafaden Briquettes - 6x20cl","p":2.46,"u":"2,05 €/L","img":"https://fd5-photos.leclercdrive.fr/image.ashx?id=2989935&use=l&cat=p&typeid=i","cat":284915},{"id":35921,"n":"Pur jus de pomme Jafaden 1,5L","p":1.48,"u":"0,99 €/L","img":"https://fd5-photos.leclercdrive.fr/image.ashx?id=1936641&use=l&cat=p&typeid=i","cat":284522},{"id":35922,"n":"Bière blonde Forte Extra Strong Canette - 10%vol - 50cl","p":1.19,"u":"2,38 €/L","img":"https://fd5-photos.leclercdrive.fr/image.ashx?id=2928004&use=l&cat=p&typeid=i","cat":334853},{"id":35924,"n":"Cocktail Punch planteur Lagoa 15%vol - 70cl","p":4.29,"u":"6,13 €/L","img":"https://fd5-photos.leclercdrive.fr/image.ashx?id=2958338&use=l&cat=p&typeid=i","cat":284551},{"id":35927,"n":"Cocktail Mojito Lagoa 15%vol - 70cl","p":4.99,"u":"7,13 €/L","img":"https://fd5-photos.leclercdrive.fr/image.ashx?id=2958344&use=l&cat=p&typeid=i","cat":284551},{"id":35954,"n":"AOC Buzet vin rosé Terrasses d'Autan - BIB 3L","p":12.99,"u":"4,33 €/L","img":"https://fd5-photos.leclercdrive.fr/image.ashx?id=2893558&use=l&cat=p&typeid=i","cat":289560},{"id":35979,"n":"Gaufrettes amusantes Nord NRT 175g","p":2.45,"u":"14,00 €/KG","img":"https://fd5-photos.leclercdrive.fr/image.ashx?id=724000&use=l&cat=p&typeid=i","cat":284487},{"id":35990,"n":"Effervescent d'Artigny Grand classic rose - 75cl","p":3.25,"u":"4,33 €/L","img":"https://fd5-photos.leclercdrive.fr/image.ashx?id=2854402&use=l&cat=p&typeid=i","cat":289460},{"id":35995,"n":"Lait de toilette Mots d'Enfants Bio - 250ml","p":2.35,"u":"9,40 €/L","img":"https://fd5-photos.leclercdrive.fr/image.ashx?id=2485080&use=l&cat=p&typeid=i","cat":284741},{"id":36010,"n":"Bâtonnets Trium Vanille chocolat blanc x4 -308g","p":2.59,"u":"8,41 €/KG","img":"https://fd5-photos.leclercdrive.fr/image.ashx?id=1914951&use=l&cat=p&typeid=i","cat":284265},{"id":36040,"n":"Spécialité laitière UHT Délisse Semi-épaisse 4%mg - 3x20cl","p":2.21,"u":"3,68 €/L","img":"https://fd5-photos.leclercdrive.fr/image.ashx?id=3002599&use=l&cat=p&typeid=i","cat":284381},{"id":36041,"n":"Crème semi-épaisse entière UHT Délisse 30%mg - 3x20cl","p":3.5,"u":"5,83 €/L","img":"https://fd5-photos.leclercdrive.fr/image.ashx?id=2494099&use=l&cat=p&typeid=i","cat":284381},{"id":36125,"n":"Haricots blancs Notre Jardin 250g","p":0.85,"u":"3,40 €/KG","img":"https://fd5-photos.leclercdrive.fr/image.ashx?id=3002602&use=l&cat=p&typeid=i","cat":312606},{"id":36191,"n":"Allumettes fumées Tradilège VPF 2x75g","p":1.59,"u":"10,60 €/KG","img":"https://fd5-photos.leclercdrive.fr/image.ashx?id=2943680&use=l&cat=p&typeid=i","cat":316011},{"id":36194,"n":"Dés de jambon Tradilège Maxi format 2x125g","p":2.47,"u":"9,88 €/KG","img":"https://fd5-photos.leclercdrive.fr/image.ashx?id=2970465&use=l&cat=p&typeid=i","cat":316011},{"id":36197,"n":"Truite fumée Landvika Mini tranches - 100g","p":2.71,"u":"27,10 €/KG","img":"https://fd5-photos.leclercdrive.fr/image.ashx?id=2159415&use=l&cat=p&typeid=i","cat":285188},{"id":36198,"n":"Lardons supérieurs Tradilège Fumés maxi format 2x200g","p":3.39,"u":"8,48 €/KG","img":"https://fd5-photos.leclercdrive.fr/image.ashx?id=2921381&use=l&cat=p&typeid=i","cat":316011},{"id":36200,"n":"Coton Démaquillant Eco+ Prédécoupé - 200g","p":1.57,"u":"7,85 €/KG","img":"https://fd5-photos.leclercdrive.fr/image.ashx?id=2724535&use=l&cat=p&typeid=i","cat":285593},{"id":36201,"n":"Crème hydratante Eco+ Visage et corps - 250ml","p":1.59,"u":"6,36 €/L","img":"https://fd5-photos.leclercdrive.fr/image.ashx?id=2487410&use=l&cat=p&typeid=i","cat":325350},{"id":36206,"n":"Mousse à raser hydratante Eco+ Peaux normales - 300ml","p":0.85,"u":"2,83 €/L","img":"https://fd5-photos.leclercdrive.fr/image.ashx?id=2422683&use=l&cat=p&typeid=i","cat":284617},{"id":36267,"n":"Noix St Jacques NRT de Normandie - 300g","p":16.95,"u":"56,50 €/KG","img":"https://fd5-photos.leclercdrive.fr/image.ashx?id=2699819&use=l&cat=p&typeid=i","cat":319787},{"id":36268,"n":"Soufflés ExtraTerrestres Tokapi Jambon fromage - 80g","p":0.84,"u":"10,50 €/KG","img":"https://fd5-photos.leclercdrive.fr/image.ashx?id=2922929&use=l&cat=p&typeid=i","cat":284449},{"id":36269,"n":"Soufflés ExtraTerrestres Tokapi Ketchup - 80g","p":0.8,"u":"10,00 €/KG","img":"https://fd5-photos.leclercdrive.fr/image.ashx?id=1915578&use=l&cat=p&typeid=i","cat":284449},{"id":36310,"n":"Shampooing Nateïs Argile Pamplemousse - 250ml","p":1.39,"u":"5,56 €/L","img":"https://fd5-photos.leclercdrive.fr/image.ashx?id=2358697&use=l&cat=p&typeid=i","cat":284606},{"id":36311,"n":"Shampooing Nateïs Huile d'argan - 250ml","p":1.29,"u":"5,16 €/L","img":"https://fd5-photos.leclercdrive.fr/image.ashx?id=2652906&use=l&cat=p&typeid=i","cat":284606},{"id":36313,"n":"Shampooing extra-doux Nateïs Karité / Huile d'avocat - 250ml","p":1.39,"u":"5,56 €/L","img":"https://fd5-photos.leclercdrive.fr/image.ashx?id=2345559&use=l&cat=p&typeid=i","cat":284606},{"id":36314,"n":"Shampooing Nateïs Fleur de tilleul pomme verte - 250ml","p":1.27,"u":"5,08 €/L","img":"https://fd5-photos.leclercdrive.fr/image.ashx?id=2369645&use=l&cat=p&typeid=i","cat":284606},{"id":36346,"n":"Rondelé au Bleu d'Aveyron 125g","p":1.8,"u":"14,40 €/KG","img":"https://fd5-photos.leclercdrive.fr/image.ashx?id=2877751&use=l&cat=p&typeid=i","cat":314029},{"id":36347,"n":"Rondelé aux Noix 125g","p":1.65,"u":"13,20 €/KG","img":"https://fd5-photos.leclercdrive.fr/image.ashx?id=2967732&use=l&cat=p&typeid=i","cat":314029},{"id":36354,"n":"Crème hydratante Mots d'Enfants Bio visage et corps - 75ml","p":2.19,"u":"29,20 €/L","img":"https://fd5-photos.leclercdrive.fr/image.ashx?id=3015078&use=l&cat=p&typeid=i","cat":284741},{"id":36355,"n":"Compote Douceur du Verger  Pomme Rhubarbe - 4x100g","p":1.28,"u":"3,20 €/KG","img":"https://fd5-photos.leclercdrive.fr/image.ashx?id=2991437&use=l&cat=p&typeid=i","cat":284416},{"id":36394,"n":"Yaourt aromatisé aux Fruits Panachés Frulos - 16x125g","p":3.33,"u":"1,67 €/KG","img":"https://fd5-photos.leclercdrive.fr/image.ashx?id=2799895&use=l&cat=p&typeid=i","cat":286006},{"id":36395,"n":"Yaourt Nature Sucré Yoplait - 12x125g","p":2.62,"u":"1,75 €/KG","img":"https://fd5-photos.leclercdrive.fr/image.ashx?id=2796827&use=l&cat=p&typeid=i","cat":284409},{"id":36396,"n":"Gâteau fourré Mini BN Chocolat 175g","p":1.81,"u":"10,34 €/KG","img":"https://fd5-photos.leclercdrive.fr/image.ashx?id=2746854&use=l&cat=p&typeid=i","cat":284488},{"id":36397,"n":"Biscuits Mini BN Goûter à la fraise - 175g","p":1.79,"u":"10,23 €/KG","img":"https://fd5-photos.leclercdrive.fr/image.ashx?id=2748212&use=l&cat=p&typeid=i","cat":284489},{"id":36399,"n":"Pizza La Pizz Sodebo Chèvre lardons - 470g","p":3.32,"u":"7,06 €/KG","img":"https://fd5-photos.leclercdrive.fr/image.ashx?id=2851494&use=l&cat=p&typeid=i","cat":333679},{"id":36400,"n":"Pizza La Pizz Sodebo 4 fromages - 470g","p":3.18,"u":"6,77 €/KG","img":"https://fd5-photos.leclercdrive.fr/image.ashx?id=2905366&use=l&cat=p&typeid=i","cat":333679},{"id":36401,"n":"Pizza Dolce Sodebo 4 fromaggi - 380g","p":3.94,"u":"10,37 €/KG","img":"https://fd5-photos.leclercdrive.fr/image.ashx?id=2921636&use=l&cat=p&typeid=i","cat":333679},{"id":36402,"n":"Pizza Dolce Sodebo Prosciutto Jambon Mozza - 400g","p":3.38,"u":"8,45 €/KG","img":"https://fd5-photos.leclercdrive.fr/image.ashx?id=2919277&use=l&cat=p&typeid=i","cat":333679},{"id":36403,"n":"Pizza Dolce Sodebo Campanella Jambon Speck - 380g","p":3.56,"u":"9,37 €/KG","img":"https://fd5-photos.leclercdrive.fr/image.ashx?id=2921639&use=l&cat=p&typeid=i","cat":333679},{"id":36404,"n":"Pizza Dolce Sodebo Regina Jambon Champignons 400g","p":3.68,"u":"9,20 €/KG","img":"https://fd5-photos.leclercdrive.fr/image.ashx?id=3008251&use=l&cat=p&typeid=i","cat":333679},{"id":36412,"n":"Compote Douceur du Verger Coupelle pomme - 16x100g","p":3.09,"u":"1,93 €/KG","img":"https://fd5-photos.leclercdrive.fr/image.ashx?id=2663515&use=l&cat=p&typeid=i","cat":284508},{"id":36414,"n":"Compote Douceur du Verger Coupelle pomme - 8x100g","p":1.89,"u":"2,36 €/KG","img":"https://fd5-photos.leclercdrive.fr/image.ashx?id=2663509&use=l&cat=p&typeid=i","cat":284508},{"id":36416,"n":"Compote Douceur du Verger Coupelle pomme rhubarbe -4x100g","p":1.3,"u":"3,25 €/KG","img":"https://fd5-photos.leclercdrive.fr/image.ashx?id=2663521&use=l&cat=p&typeid=i","cat":284508},{"id":36417,"n":"Compote Douceur du Verger Gourdes multivariétés - 4x90g","p":1.69,"u":"4,69 €/KG","img":"https://fd5-photos.leclercdrive.fr/image.ashx?id=2805030&use=l&cat=p&typeid=i","cat":284508},{"id":36418,"n":"Compote Douceur du Verger Gourdes Pomme Poire - 4x90g","p":1.49,"u":"4,14 €/KG","img":"https://fd5-photos.leclercdrive.fr/image.ashx?id=2837054&use=l&cat=p&typeid=i","cat":284508},{"id":36419,"n":"Compote Douceur du Verger Coupelle pomme - 4x100g","p":0.99,"u":"2,48 €/KG","img":"https://fd5-photos.leclercdrive.fr/image.ashx?id=2663527&use=l&cat=p&typeid=i","cat":284508},{"id":36441,"n":"Aiguillettes poulet Tradilège Rôti - 2x75g","p":2.02,"u":"13,47 €/KG","img":"https://fd5-photos.leclercdrive.fr/image.ashx?id=2994375&use=l&cat=p&typeid=i","cat":316011},{"id":36445,"n":"Râpé de jambon Tradilège Fumé - 150g","p":1.79,"u":"11,93 €/KG","img":"https://fd5-photos.leclercdrive.fr/image.ashx?id=2970468&use=l&cat=p&typeid=i","cat":316011},{"id":36454,"n":"Pastilles NRT  Du Bassin de Vichy - 230g","p":0.98,"u":"4,26 €/KG","img":"https://fd5-photos.leclercdrive.fr/image.ashx?id=2771079&use=l&cat=p&typeid=i","cat":304252},{"id":36475,"n":"Thé glacé Fresh Tea Pêche - 6x25cl","p":2.85,"u":"1,90 €/L","img":"https://fd5-photos.leclercdrive.fr/image.ashx?id=2622263&use=l&cat=p&typeid=i","cat":295019},{"id":36498,"n":"IGP vin rouge Merlot Bio Pays d'Oc 13.5% vol - 75cl","p":3.49,"u":"4,65 €/L","img":"https://fd5-photos.leclercdrive.fr/image.ashx?id=2756900&use=l&cat=p&typeid=i","cat":289556},{"id":36504,"n":"Pizza La Pizz Sodebo Jambon emmental - 470g","p":2.76,"u":"5,87 €/KG","img":"https://fd5-photos.leclercdrive.fr/image.ashx?id=2886786&use=l&cat=p&typeid=i","cat":333679},{"id":36633,"n":"Glace Cône Nestlé Extrême Crème brulée x6 - 426g","p":3.29,"u":"7,72 €/KG","img":"https://fd5-photos.leclercdrive.fr/image.ashx?id=2831672&use=l&cat=p&typeid=i","cat":284264},{"id":36649,"n":"Infusion Tiséa pomme cannelle 25 sachets 55g","p":1.38,"u":"25,09 €/KG","img":"https://fd5-photos.leclercdrive.fr/image.ashx?id=2469562&use=l&cat=p&typeid=i","cat":293234},{"id":36704,"n":"Sucre en morceaux Daddy Demi-morceaux rond - 750g","p":1.71,"u":"2,28 €/KG","img":"https://fd5-photos.leclercdrive.fr/image.ashx?id=2907947&use=l&cat=p&typeid=i","cat":284502},{"id":36710,"n":"Sucre canne Béghin Say Pure - en morceaux - 750g","p":2.41,"u":"3,21 €/KG","img":"https://fd5-photos.leclercdrive.fr/image.ashx?id=2948830&use=l&cat=p&typeid=i","cat":284502},{"id":36711,"n":"Sucre cassonade Béghin Say En poudre - 750g","p":2.32,"u":"3,09 €/KG","img":"https://fd5-photos.leclercdrive.fr/image.ashx?id=2949928&use=l&cat=p&typeid=i","cat":284502},{"id":36714,"n":"Sucre en poudre Saint Louis 1kg","p":2.19,"u":"2,19 €/KG","img":"https://fd5-photos.leclercdrive.fr/image.ashx?id=2624242&use=l&cat=p&typeid=i","cat":284502},{"id":36721,"n":"Lait chat et chaton Whiskas 3x200ml","p":2.69,"u":"4,48 €/L","img":"https://fd5-photos.leclercdrive.fr/image.ashx?id=2759670&use=l&cat=p&typeid=i","cat":285285},{"id":36811,"n":"Chewing-gum Freedent Fraise 5x10 dragées 70g","p":2.35,"u":"33,57 €/KG","img":"https://fd5-photos.leclercdrive.fr/image.ashx?id=2325485&use=l&cat=p&typeid=i","cat":304251},{"id":36819,"n":"Chocolat Noir After Eight Fourré Menthe - 300g","p":4.6,"u":"15,33 €/KG","img":"https://fd5-photos.leclercdrive.fr/image.ashx?id=2348782&use=l&cat=p&typeid=i","cat":284499},{"id":36833,"n":"BB Crème teintée médium Inell Hydratante 5 en 1 - 50ml","p":3.45,"u":"69,00 €/L","img":"https://fd5-photos.leclercdrive.fr/image.ashx?id=2822120&use=l&cat=p&typeid=i","cat":325345},{"id":36834,"n":"BB Crème teintée clair Inell  Hydratante 5en1 - 50ml","p":3.45,"u":"69,00 €/L","img":"https://fd5-photos.leclercdrive.fr/image.ashx?id=2822123&use=l&cat=p&typeid=i","cat":325345},{"id":36835,"n":"Crochets anti-mites Insectivor Lavande 2x3ml","p":1.69,"u":"0,85 €/P","img":"https://fd5-photos.leclercdrive.fr/image.ashx?id=2849581&use=l&cat=p&typeid=i","cat":298368},{"id":36849,"n":"Recharges plumeaux Clair Jetables x10","p":4.46,"u":"0,45 €/P","img":"https://fd5-photos.leclercdrive.fr/image.ashx?id=2832948&use=l&cat=p&typeid=i","cat":325364},{"id":36886,"n":"Miel de montagne L'Apiculteur Crémeux - 500g","p":5.79,"u":"11,58 €/KG","img":"https://fd5-photos.leclercdrive.fr/image.ashx?id=2310926&use=l&cat=p&typeid=i","cat":287643},{"id":36917,"n":"Canistrelli Corse NRT Amandes - 300g","p":3.65,"u":"12,17 €/KG","img":"https://fd5-photos.leclercdrive.fr/image.ashx?id=2622329&use=l&cat=p&typeid=i","cat":284487},{"id":36919,"n":"Rillettes de thon blanc NRT Au sel de Guérande - 125g","p":2.19,"u":"17,52 €/KG","img":"https://fd5-photos.leclercdrive.fr/image.ashx?id=2775451&use=l&cat=p&typeid=i","cat":303867},{"id":36982,"n":"Assortiment biscuits P'tit Déli Boîte en fer - 750g","p":7.58,"u":"10,11 €/KG","img":"https://fd5-photos.leclercdrive.fr/image.ashx?id=2998469&use=l&cat=p&typeid=i","cat":284490},{"id":37053,"n":"Sucre pure canne Beghin Say Petits morceaux - 1kg","p":3.02,"u":"3,02 €/KG","img":"https://fd5-photos.leclercdrive.fr/image.ashx?id=2949922&use=l&cat=p&typeid=i","cat":284502},{"id":37054,"n":"Sucre pure canne Beghin Say Morceaux - 1kg","p":2.47,"u":"2,47 €/KG","img":"https://fd5-photos.leclercdrive.fr/image.ashx?id=2978688&use=l&cat=p&typeid=i","cat":284502},{"id":37107,"n":"Gel lavant mains Manava Spécial cuisine - 300ml","p":0.99,"u":"3,30 €/L","img":"https://fd5-photos.leclercdrive.fr/image.ashx?id=2935495&use=l&cat=p&typeid=i","cat":284597},{"id":37199,"n":"Poêlée Notre Jardin Parisienne 750g","p":2.24,"u":"2,99 €/KG","img":"https://fd5-photos.leclercdrive.fr/image.ashx?id=2865062&use=l&cat=p&typeid=i","cat":319823},{"id":37255,"n":"Céréales Extra Kellogg's Noisettes Caramelisées - 500g","p":3.13,"u":"6,26 €/KG","img":"https://fd5-photos.leclercdrive.fr/image.ashx?id=2736598&use=l&cat=p&typeid=i","cat":309512},{"id":37260,"n":"Boisson au thé Fresh Tea Citron vert - 1,5L","p":1.22,"u":"0,81 €/L","img":"https://fd5-photos.leclercdrive.fr/image.ashx?id=2622257&use=l&cat=p&typeid=i","cat":295019},{"id":37261,"n":"Boisson au thé Fresh Tea Mangue - 1,5L","p":1.24,"u":"0,83 €/L","img":"https://fd5-photos.leclercdrive.fr/image.ashx?id=2622260&use=l&cat=p&typeid=i","cat":295019},{"id":37262,"n":"Boisson au thé Fresh Tea Framboise - 1,5L","p":1.33,"u":"0,89 €/L","img":"https://fd5-photos.leclercdrive.fr/image.ashx?id=2982619&use=l&cat=p&typeid=i","cat":295019},{"id":37278,"n":"Orangina Pik Haribo Sachet bonbons acidulés - 250g","p":1.67,"u":"6,68 €/KG","img":"https://fd5-photos.leclercdrive.fr/image.ashx?id=2806090&use=l&cat=p&typeid=i","cat":304250},{"id":37281,"n":"Bonbons Longfizz Lutti 200g","p":1.21,"u":"6,05 €/KG","img":"https://fd5-photos.leclercdrive.fr/image.ashx?id=2962173&use=l&cat=p&typeid=i","cat":304250},{"id":37283,"n":"Compote bio Bio Village Pomme châtaigne - 4x100g","p":1.89,"u":"4,73 €/KG","img":"https://fd5-photos.leclercdrive.fr/image.ashx?id=725380&use=l&cat=p&typeid=i","cat":284416},{"id":37286,"n":"Paëlla royale Marie 900g","p":4.69,"u":"5,21 €/KG","img":"https://fd5-photos.leclercdrive.fr/image.ashx?id=2996770&use=l&cat=p&typeid=i","cat":284254},{"id":37405,"n":"Foie de morue Connétable MSC Nature - 121g","p":2.09,"u":"17,27 €/KG","img":"https://fd5-photos.leclercdrive.fr/image.ashx?id=2918718&use=l&cat=p&typeid=i","cat":305147},{"id":37417,"n":"Boisson à base de vin rosé  Festalie - 75 cl","p":2.52,"u":"3,36 €/L","img":"https://fd5-photos.leclercdrive.fr/image.ashx?id=2774900&use=l&cat=p&typeid=i","cat":304569},{"id":37426,"n":"Bière blonde Kronenbourg 4,2° - 6x50cl canettes","p":5.46,"u":"1,82 €/L","img":"https://fd5-photos.leclercdrive.fr/image.ashx?id=2203508&use=l&cat=p&typeid=i","cat":334853},{"id":37428,"n":"Pétillant Festalie sans alcool Framboise - 75cl","p":3.1,"u":"4,13 €/L","img":"https://fd5-photos.leclercdrive.fr/image.ashx?id=2017262&use=l&cat=p&typeid=i","cat":289460},{"id":37436,"n":"Brosse à dents enfant Dentamyl Clignotante - Multicoloris x1","p":1.99,"img":"https://fd5-photos.leclercdrive.fr/image.ashx?id=1953648&use=l&cat=p&typeid=i","cat":288897},{"id":37438,"n":"Papier cuisson Elembal Rouleau 15m","p":1.79,"img":"https://fd5-photos.leclercdrive.fr/image.ashx?id=2824952&use=l&cat=p&typeid=i","cat":334134},{"id":37452,"n":"Lardons de volaille Tradilège Nature 2x75g","p":1.75,"u":"11,67 €/KG","img":"https://fd5-photos.leclercdrive.fr/image.ashx?id=2882355&use=l&cat=p&typeid=i","cat":316011},{"id":37453,"n":"Lardons de volaille Tradilège Fumés 2x75g","p":1.75,"u":"11,67 €/KG","img":"https://fd5-photos.leclercdrive.fr/image.ashx?id=2882358&use=l&cat=p&typeid=i","cat":316011},{"id":37456,"n":"Saucisse fumée Tradilège VPF x3 375g","p":3.18,"u":"8,48 €/KG","img":"https://fd5-photos.leclercdrive.fr/image.ashx?id=2659085&use=l&cat=p&typeid=i","cat":316012},{"id":37467,"n":"Infusion Tiséa Fruits rouges 25 sachets 40g","p":0.92,"u":"23,00 €/KG","img":"https://fd5-photos.leclercdrive.fr/image.ashx?id=2922506&use=l&cat=p&typeid=i","cat":293234},{"id":37468,"n":"Jambon cru Fine Fondante Aoste Sans conservateur - x6 - 100g","p":3.51,"u":"35,10 €/KG","img":"https://fd5-photos.leclercdrive.fr/image.ashx?id=2937172&use=l&cat=p&typeid=i","cat":316007},{"id":37540,"n":"Compote bébé Bio Village Bio Pomme vanille 4 mois 4x100g","p":1.99,"u":"4,98 €/KG","img":"https://fd5-photos.leclercdrive.fr/image.ashx?id=2704750&use=l&cat=p&typeid=i","cat":312387},{"id":37541,"n":"Compote bébé Bio Village Bio Pomme /Banane 4 mois 4x100g","p":1.89,"u":"4,73 €/KG","img":"https://fd5-photos.leclercdrive.fr/image.ashx?id=2704753&use=l&cat=p&typeid=i","cat":312387},{"id":37542,"n":"Compote bébé Bio Village bio Poire williams - 4 mois -4x100g","p":1.89,"u":"4,73 €/KG","img":"https://fd5-photos.leclercdrive.fr/image.ashx?id=2704747&use=l&cat=p&typeid=i","cat":312387},{"id":37580,"n":"Soupe Régal Soupe Légumes et vermicelles - 1L","p":1.84,"u":"1,84 €/L","img":"https://fd5-photos.leclercdrive.fr/image.ashx?id=2983802&use=l&cat=p&typeid=i","cat":284462},{"id":37615,"n":"Rasoirs jetables Eco+ x10","p":0.71,"u":"0,07 €/P","img":"https://fd5-photos.leclercdrive.fr/image.ashx?id=2913642&use=l&cat=p&typeid=i","cat":284616},{"id":37623,"n":"Trancetto Balconi Cacao x10 280g","p":1.27,"u":"4,54 €/KG","img":"https://fd5-photos.leclercdrive.fr/image.ashx?id=2878414&use=l&cat=p&typeid=i","cat":284495},{"id":37632,"n":"Choucroute Charles Christ Petits lardons et riesling 790g","p":1.9,"u":"2,41 €/KG","img":"https://fd5-photos.leclercdrive.fr/image.ashx?id=2805867&use=l&cat=p&typeid=i","cat":284441},{"id":37774,"n":"Recharge Dentamyl Brosse à dents électrique x2","p":6.99,"u":"3,50 €/P","img":"https://fd5-photos.leclercdrive.fr/image.ashx?id=2790967&use=l&cat=p&typeid=i","cat":297133},{"id":37778,"n":"Lait corps Inell Réparateur - 250ml","p":2.33,"u":"9,32 €/L","img":"https://fd5-photos.leclercdrive.fr/image.ashx?id=2691664&use=l&cat=p&typeid=i","cat":325349},{"id":37842,"n":"Thé glacé zéro Fresh Tea  Pêche - 1,5L","p":1.28,"u":"0,85 €/L","img":"https://fd5-photos.leclercdrive.fr/image.ashx?id=2622266&use=l&cat=p&typeid=i","cat":295019},{"id":37843,"n":"100% Pur jus d'orange Jafaden Sans pulpe - 2L","p":3.54,"u":"1,77 €/L","img":"https://fd5-photos.leclercdrive.fr/image.ashx?id=2796052&use=l&cat=p&typeid=i","cat":284521},{"id":37863,"n":"Compresses stériles Primoplast Ultra-douces x20","p":2.6,"u":"0,13 €/P","img":"https://fd5-photos.leclercdrive.fr/image.ashx?id=2832960&use=l&cat=p&typeid=i","cat":284630},{"id":37864,"n":"Bouchons oreilles Primoplast Mousse x8","p":3.99,"u":"0,50 €/P","img":"https://fd5-photos.leclercdrive.fr/image.ashx?id=2856516&use=l&cat=p&typeid=i","cat":284630},{"id":37866,"n":"Lavette Mamisson Microfibre spécial vitres x1","p":0.85,"img":"https://fd5-photos.leclercdrive.fr/image.ashx?id=2595107&use=l&cat=p&typeid=i","cat":284667},{"id":37867,"n":"Rillettes Tradilège poulet 110g","p":1.4,"u":"12,73 €/KG","img":"https://fd5-photos.leclercdrive.fr/image.ashx?id=2683586&use=l&cat=p&typeid=i","cat":316008},{"id":37875,"n":"Sucre en poudre Beghin Say Extra fin - 750g","p":2.02,"u":"2,69 €/KG","img":"https://fd5-photos.leclercdrive.fr/image.ashx?id=2313882&use=l&cat=p&typeid=i","cat":284502},{"id":37948,"n":"Cuisto Dingo (2 à 6 joueurs) Jeu de société - Dès 4 ans","p":18.5,"img":"https://fd5-photos.leclercdrive.fr/image.ashx?id=1723778&use=l&cat=p&typeid=i","cat":334378},{"id":38022,"n":"Barquette allégée Elle&Vire Doux - 20% MG - 250g","p":1.89,"u":"7,56 €/KG","img":"https://fd5-photos.leclercdrive.fr/image.ashx?id=2763460&use=l&cat=p&typeid=i","cat":284379},{"id":38027,"n":"Quinoa gourmand Tipiak 400g","p":2.26,"u":"5,65 €/KG","img":"https://fd5-photos.leclercdrive.fr/image.ashx?id=2640617&use=l&cat=p&typeid=i","cat":284429},{"id":38035,"n":"Shampooing Petit Nateis 2en1 Enfants - 250ml","p":1.35,"u":"5,40 €/L","img":"https://fd5-photos.leclercdrive.fr/image.ashx?id=2626799&use=l&cat=p&typeid=i","cat":284606},{"id":38054,"n":"Thé glacé pétillant Liptonic  Ice Tea Pêche - 1,5L","p":2.03,"u":"1,35 €/L","img":"https://fd5-photos.leclercdrive.fr/image.ashx?id=2159598&use=l&cat=p&typeid=i","cat":295019},{"id":38059,"n":"Sauce Pitta Colona Spécial Kebab - 840g","p":4.5,"u":"5,36 €/KG","img":"https://fd5-photos.leclercdrive.fr/image.ashx?id=2687125&use=l&cat=p&typeid=i","cat":318431},{"id":38220,"n":"Pansements Primoplast Anti-ampoules x6","p":3.15,"img":"https://fd5-photos.leclercdrive.fr/image.ashx?id=2832954&use=l&cat=p&typeid=i","cat":284630},{"id":38226,"n":"Compresses stériles Primoplast Gaze x60","p":4.99,"u":"0,08 €/P","img":"https://fd5-photos.leclercdrive.fr/image.ashx?id=2834181&use=l&cat=p&typeid=i","cat":284630},{"id":38227,"n":"Compresses stériles Primoplast Gaze x10","p":1.3,"u":"0,13 €/P","img":"https://fd5-photos.leclercdrive.fr/image.ashx?id=2856510&use=l&cat=p&typeid=i","cat":284630},{"id":38228,"n":"Vaseline Primoplast Tube 50ml","p":1.47,"u":"29,40 €/L","img":"https://fd5-photos.leclercdrive.fr/image.ashx?id=2856519&use=l&cat=p&typeid=i","cat":284630},{"id":38230,"n":"Mouchoirs blancs 4 plis Caresse Pock kid mouchoirs papier x10","p":1.12,"u":"0,11 €/P","img":"https://fd5-photos.leclercdrive.fr/image.ashx?id=2856687&use=l&cat=p&typeid=i","cat":284638},{"id":38232,"n":"Mouchoirs blancs 3 plis Caresse Boîte décor aléatoire Kids -x60","p":1.75,"u":"0,03 €/P","img":"https://fd5-photos.leclercdrive.fr/image.ashx?id=2814432&use=l&cat=p&typeid=i","cat":284638},{"id":38234,"n":"Dessert - P'tit Brassé Nestlé Banane - dès 6 mois - 4x100g","p":1.76,"u":"4,40 €/KG","img":"https://fd5-photos.leclercdrive.fr/image.ashx?id=2615131&use=l&cat=p&typeid=i","cat":312392},{"id":38272,"n":"Bière brune Page 24 7.9%vol. - 75cl","p":3.45,"u":"4,60 €/L","img":"https://fd5-photos.leclercdrive.fr/image.ashx?id=1742258&use=l&cat=p&typeid=i","cat":334852},{"id":38273,"n":"Bière triple Page 24 7,9% vol. - 75cl","p":3.5,"u":"4,67 €/L","img":"https://fd5-photos.leclercdrive.fr/image.ashx?id=1742255&use=l&cat=p&typeid=i","cat":334872},{"id":38276,"n":"Bière ambrée Westmalle double 7%vol. - 33cl","p":1.8,"u":"5,45 €/L","img":"https://fd5-photos.leclercdrive.fr/image.ashx?id=2433491&use=l&cat=p&typeid=i","cat":334852},{"id":38297,"n":"Matière grasse St Hubert Omega3 52%mg - demi-sel - 510g","p":3.33,"u":"6,53 €/KG","img":"https://fd5-photos.leclercdrive.fr/image.ashx?id=2734099&use=l&cat=p&typeid=i","cat":315229},{"id":38298,"n":"Matière grasse St Hubert Omega 3 - 52%mg - doux - 510g","p":3.33,"u":"6,53 €/KG","img":"https://fd5-photos.leclercdrive.fr/image.ashx?id=2734108&use=l&cat=p&typeid=i","cat":315229},{"id":38304,"n":"Taboulé Pierre Martinet Au poulet - 300g","p":1.66,"u":"5,53 €/KG","img":"https://fd5-photos.leclercdrive.fr/image.ashx?id=2990529&use=l&cat=p&typeid=i","cat":333657},{"id":38345,"n":"Vodka premium Grey Goose Original 40° - 70cl","p":36.99,"pp":32.99,"u":"47,13 €/L","img":"https://fd5-photos.leclercdrive.fr/image.ashx?id=2848331&use=l&cat=p&typeid=i","cat":284550},{"id":38373,"n":"Rasoirs jetables Siliss 3 lames x6","p":1.98,"u":"0,50 €/P","img":"https://fd5-photos.leclercdrive.fr/image.ashx?id=2873549&use=l&cat=p&typeid=i","cat":325352},{"id":38374,"n":"Brosse à dents Dentamyl Super pro interdent x1","p":1.3,"img":"https://fd5-photos.leclercdrive.fr/image.ashx?id=2790970&use=l&cat=p&typeid=i","cat":284614},{"id":38380,"n":"Rasoir Gillette Proglide Flexball manuel x1","p":10.76,"img":"https://fd5-photos.leclercdrive.fr/image.ashx?id=2682394&use=l&cat=p&typeid=i","cat":284616},{"id":38524,"n":"Tendres perles Blé Tipiak Prêt en 5 min - 350g","p":1.54,"u":"4,40 €/KG","img":"https://fd5-photos.leclercdrive.fr/image.ashx?id=2640614&use=l&cat=p&typeid=i","cat":284429},{"id":38533,"n":"Bière blonde Leffe Rituel 9° Perfect Draft- Fût 6L","p":47.9,"u":"7,98 €/L","img":"https://fd5-photos.leclercdrive.fr/image.ashx?id=2180508&use=l&cat=p&typeid=i","cat":334879},{"id":38544,"n":"Collant opaque Well Accord parfait noir T1","p":7.7,"img":"https://fd5-photos.leclercdrive.fr/image.ashx?id=2056485&use=l&cat=p&typeid=i","cat":334130},{"id":38574,"n":"Crayons de couleur Colorpep's Maped - 14 crayons + 4 offerts","p":2.3,"img":"https://fd5-photos.leclercdrive.fr/image.ashx?id=2384256&use=l&cat=p&typeid=i","cat":284696},{"id":38705,"n":"Chocolat Pâtissier Nestlé Dessert - 2x205g","p":5.86,"u":"14,29 €/KG","img":"https://fd5-photos.leclercdrive.fr/image.ashx?id=2959491&use=l&cat=p&typeid=i","cat":285562},{"id":38757,"n":"Bâtonnets Trium Pistache - x4 280g","p":3.6,"u":"12,86 €/KG","img":"https://fd5-photos.leclercdrive.fr/image.ashx?id=2920773&use=l&cat=p&typeid=i","cat":284265},{"id":38764,"n":"Cidre artisanal Les Goelleries Brut 5,5% - 75cl","p":2.49,"u":"3,32 €/L","img":"https://fd5-photos.leclercdrive.fr/image.ashx?id=2842301&use=l&cat=p&typeid=i","cat":334880},{"id":38765,"n":"Soda Jean's Cola Cherry Bouteille - 1,5L","p":1.49,"u":"0,99 €/L","img":"https://fd5-photos.leclercdrive.fr/image.ashx?id=2957551&use=l&cat=p&typeid=i","cat":284530},{"id":38773,"n":"Pur jus d'orange Jafaden Avec pulpe - 1,5L","p":3.0,"u":"2,00 €/L","img":"https://fd5-photos.leclercdrive.fr/image.ashx?id=2796058&use=l&cat=p&typeid=i","cat":284521},{"id":38776,"n":"AOC Côtes du Marmandais vin rosé Terrasses d'Autan - 75cl","p":2.99,"u":"3,99 €/L","img":"https://fd5-photos.leclercdrive.fr/image.ashx?id=2710497&use=l&cat=p&typeid=i","cat":289558},{"id":38780,"n":"Shampooing Manava Anti-pelliculaire 500ml","p":1.0,"u":"2,00 €/L","img":"https://fd5-photos.leclercdrive.fr/image.ashx?id=1903863&use=l&cat=p&typeid=i","cat":284606},{"id":38787,"n":"Huggies® Little Swimmers® Maxipack Taille 5-6 x19","p":11.85,"u":"0,62 €/P","img":"https://fd5-photos.leclercdrive.fr/image.ashx?id=2844709&use=l&cat=p&typeid=i","cat":290634},{"id":38802,"n":"Déodorant spray Manava Pierre d'alun/Aloe Vera - 100ml","p":1.44,"u":"14,40 €/L","img":"https://fd5-photos.leclercdrive.fr/image.ashx?id=3013609&use=l&cat=p&typeid=i","cat":284595},{"id":38803,"n":"Déodorant spray grenade Manava A l'huile sauge sclarée - 100ml","p":1.39,"u":"13,90 €/L","img":"https://fd5-photos.leclercdrive.fr/image.ashx?id=2656448&use=l&cat=p&typeid=i","cat":284595},{"id":38804,"n":"Déodorant spray Manava Invisible 100ml","p":1.39,"u":"13,90 €/L","img":"https://fd5-photos.leclercdrive.fr/image.ashx?id=2692958&use=l&cat=p&typeid=i","cat":284595},{"id":38812,"n":"Pains au lait Pasquier x10 - 350g","p":1.33,"u":"3,80 €/KG","img":"https://fd5-photos.leclercdrive.fr/image.ashx?id=2576940&use=l&cat=p&typeid=i","cat":293505},{"id":38857,"n":"Fromage Boursin cuisine Ail & fines herbes - 240g","p":2.41,"u":"10,04 €/KG","img":"https://fd5-photos.leclercdrive.fr/image.ashx?id=2615418&use=l&cat=p&typeid=i","cat":314029},{"id":38985,"n":"Beurre Grand Fermage  Demi-sel - 80% MG - 250g","p":2.53,"u":"10,12 €/KG","img":"https://fd5-photos.leclercdrive.fr/image.ashx?id=2915569&use=l&cat=p&typeid=i","cat":284379},{"id":39003,"n":"Actifidus Délisse Fruits panachés - 16x125g","p":5.15,"u":"2,58 €/KG","img":"https://fd5-photos.leclercdrive.fr/image.ashx?id=2440724&use=l&cat=p&typeid=i","cat":315000},{"id":39009,"n":"Pain de mie complet Epi d'Or Extra moelleux - 500g","p":1.79,"u":"3,58 €/KG","img":"https://fd5-photos.leclercdrive.fr/image.ashx?id=2860742&use=l&cat=p&typeid=i","cat":284477},{"id":39021,"n":"AOP Saumur Champigny rouge Plessis Duval Champigny - 75cl","p":6.19,"u":"8,25 €/L","img":"https://fd5-photos.leclercdrive.fr/image.ashx?id=2941041&use=l&cat=p&typeid=i","cat":289556},{"id":39024,"n":"AOP Entre-deux-mers blanc Cuvée Hortense - 75cl","p":4.95,"u":"6,60 €/L","img":"https://fd5-photos.leclercdrive.fr/image.ashx?id=2516068&use=l&cat=p&typeid=i","cat":289557},{"id":39044,"n":"AOP Côtes de Duras blanc SecretdeBerticot Sauvignon 75cl","p":4.45,"u":"5,93 €/L","img":"https://fd5-photos.leclercdrive.fr/image.ashx?id=1649966&use=l&cat=p&typeid=i","cat":289557},{"id":39051,"n":"AOC Buzet rosé L'Excellence - 75cl","p":3.8,"u":"5,07 €/L","img":"https://fd5-photos.leclercdrive.fr/image.ashx?id=2833420&use=l&cat=p&typeid=i","cat":289558},{"id":39061,"n":"Film étirable Alfapac Rouleau 35m x 29cm","p":1.49,"img":"https://fd5-photos.leclercdrive.fr/image.ashx?id=2918268&use=l&cat=p&typeid=i","cat":334134},{"id":39067,"n":"Tablettes lave vaisselle Sun Classic x60 - 570g","p":7.12,"u":"12,49 €/KG","img":"https://fd5-photos.leclercdrive.fr/image.ashx?id=2775745&use=l&cat=p&typeid=i","cat":284656},{"id":39100,"n":"Rasoirs jetables Bic 3 lames - 2x8","p":5.64,"u":"0,35 €/P","img":"https://fd5-photos.leclercdrive.fr/image.ashx?id=2957005&use=l&cat=p&typeid=i","cat":284616},{"id":39107,"n":"Gel lavant Manava Savon de Marseille - 300ml","p":1.06,"u":"3,53 €/L","img":"https://fd5-photos.leclercdrive.fr/image.ashx?id=2935498&use=l&cat=p&typeid=i","cat":284597},{"id":39120,"n":"Eau minérale naturelle Vittel Bouchon sport - 6x75cl","p":2.99,"u":"0,66 €/L","img":"https://fd5-photos.leclercdrive.fr/image.ashx?id=2774478&use=l&cat=p&typeid=i","cat":284535},{"id":39122,"n":"Fromage de chèvre Soignon Bûche Sainte Maure - 300g","p":3.18,"u":"10,60 €/KG","img":"https://fd5-photos.leclercdrive.fr/image.ashx?id=2963331&use=l&cat=p&typeid=i","cat":314031},{"id":39172,"n":"AOP Cabernet d'Anjou vin rosé Les Caractères - 75cl","p":3.99,"u":"5,32 €/L","img":"https://fd5-photos.leclercdrive.fr/image.ashx?id=2908846&use=l&cat=p&typeid=i","cat":289558},{"id":39182,"n":"Pain de mie 100% Mie Harrys Complet sans croûte Maxi - 650g","p":2.43,"u":"3,74 €/KG","img":"https://fd5-photos.leclercdrive.fr/image.ashx?id=2517438&use=l&cat=p&typeid=i","cat":284477},{"id":39233,"n":"AOP Côtes de Provence rosé Estandon - 75cl","p":5.5,"u":"7,33 €/L","img":"https://fd5-photos.leclercdrive.fr/image.ashx?id=2868966&use=l&cat=p&typeid=i","cat":289558},{"id":39259,"n":"Planteur Jafaden Cocktail sans alcool - 1L","p":2.35,"u":"2,35 €/L","img":"https://fd5-photos.leclercdrive.fr/image.ashx?id=2956726&use=l&cat=p&typeid=i","cat":284916},{"id":39261,"n":"Cidre doux Les Goelleries 2%vol. - 3x33cl","p":3.35,"u":"3,38 €/L","img":"https://fd5-photos.leclercdrive.fr/image.ashx?id=2856525&use=l&cat=p&typeid=i","cat":334880},{"id":39266,"n":"AOP Corse vin rosé Terres Ocrées - 75cl","p":4.99,"u":"6,65 €/L","img":"https://fd5-photos.leclercdrive.fr/image.ashx?id=2865242&use=l&cat=p&typeid=i","cat":289558},{"id":39268,"n":"AOP Bergerac vin blanc sec Terrasses d'Autan - 75cl","p":2.99,"u":"3,99 €/L","img":"https://fd5-photos.leclercdrive.fr/image.ashx?id=2858108&use=l&cat=p&typeid=i","cat":289557},{"id":39270,"n":"AOP Touraine Sauvignon vin Blanc - Les Caractères - 75cl","p":4.99,"u":"6,65 €/L","img":"https://fd5-photos.leclercdrive.fr/image.ashx?id=2699693&use=l&cat=p&typeid=i","cat":289557},{"id":39271,"n":"AOP Alsace Pinot gris  vin blanc Rebmann - 75 cl","p":4.99,"u":"6,65 €/L","img":"https://fd5-photos.leclercdrive.fr/image.ashx?id=2907467&use=l&cat=p&typeid=i","cat":289557},{"id":39328,"n":"Vin mousseux Kriter Brut 3x20cl","p":5.16,"u":"8,60 €/L","img":"https://fd5-photos.leclercdrive.fr/image.ashx?id=2538509&use=l&cat=p&typeid=i","cat":284544},{"id":39331,"n":"Shampooing Manava Beurre de karité 500ml","p":1.35,"u":"2,70 €/L","img":"https://fd5-photos.leclercdrive.fr/image.ashx?id=1884643&use=l&cat=p&typeid=i","cat":284606},{"id":39332,"n":"Shampooing Manava Cheveux normaux à gras 500ml","p":1.28,"u":"2,56 €/L","img":"https://fd5-photos.leclercdrive.fr/image.ashx?id=1885059&use=l&cat=p&typeid=i","cat":284606},{"id":39338,"n":"Moutarde Savora Amora 385g","p":2.13,"u":"5,53 €/KG","img":"https://fd5-photos.leclercdrive.fr/image.ashx?id=2775685&use=l&cat=p&typeid=i","cat":288850},{"id":39376,"n":"Pur jus d'orange Tropicana Sans pulpe - 1,5L","p":3.22,"u":"2,15 €/L","img":"https://fd5-photos.leclercdrive.fr/image.ashx?id=2509637&use=l&cat=p&typeid=i","cat":284521},{"id":39418,"n":"Boisson Sunny Delight Doux California - 1,25L","p":2.09,"u":"1,67 €/L","img":"https://fd5-photos.leclercdrive.fr/image.ashx?id=2309963&use=l&cat=p&typeid=i","cat":285435},{"id":39421,"n":"Jus innocent pomme 900ml","p":2.68,"u":"2,98 €/L","img":"https://fd5-photos.leclercdrive.fr/image.ashx?id=2891703&use=l&cat=p&typeid=i","cat":284354},{"id":39443,"n":"Jus innocent  orange avec pulpe 1.5L","p":3.93,"u":"2,62 €/L","img":"https://fd5-photos.leclercdrive.fr/image.ashx?id=2891223&use=l&cat=p&typeid=i","cat":285435},{"id":39444,"n":"Jus innocent orange avec pulpe 900ml","p":2.76,"u":"3,07 €/L","img":"https://fd5-photos.leclercdrive.fr/image.ashx?id=2891700&use=l&cat=p&typeid=i","cat":285435},{"id":39445,"n":"Confiture Douceur Du Verger Extra myrtilles allegée - 340g","p":1.89,"u":"5,56 €/KG","img":"https://fd5-photos.leclercdrive.fr/image.ashx?id=2965515&use=l&cat=p&typeid=i","cat":284480},{"id":39472,"n":"Mousse aux oeufs Bonne Maman Chocolat au lait - 4x50g","p":2.36,"u":"11,80 €/KG","img":"https://fd5-photos.leclercdrive.fr/image.ashx?id=2571512&use=l&cat=p&typeid=i","cat":284417},{"id":39475,"n":"Barre chocolatée Balisto Fruits des bois - x10 - 185g","p":2.76,"u":"14,92 €/KG","img":"https://fd5-photos.leclercdrive.fr/image.ashx?id=1930983&use=l&cat=p&typeid=i","cat":284498},{"id":39480,"n":"Chips ondulées Pom'Lisse Nature - 6x30g","p":1.57,"u":"8,72 €/KG","img":"https://fd5-photos.leclercdrive.fr/image.ashx?id=2728246&use=l&cat=p&typeid=i","cat":284447},{"id":39485,"n":"Barre chocolatée Balisto Miel amande - x10 barres - 185g","p":2.85,"u":"15,41 €/KG","img":"https://fd5-photos.leclercdrive.fr/image.ashx?id=1930977&use=l&cat=p&typeid=i","cat":284498},{"id":39491,"n":"Coq Maître Coq Poulet Fromage - 1kg","p":8.73,"u":"8,73 €/KG","img":"https://fd5-photos.leclercdrive.fr/image.ashx?id=2877820&use=l&cat=p&typeid=i","cat":333683},{"id":39498,"n":"Biscottes Epi d'Or Gout brioché x36 - 300g","p":1.51,"u":"5,03 €/KG","img":"https://fd5-photos.leclercdrive.fr/image.ashx?id=2684028&use=l&cat=p&typeid=i","cat":284479},{"id":39503,"n":"Chocolat Pâtissier Tablette dOr Praliné - 200g","p":2.15,"u":"10,75 €/KG","img":"https://fd5-photos.leclercdrive.fr/image.ashx?id=2565619&use=l&cat=p&typeid=i","cat":285562},{"id":39513,"n":"Soupe Velouté Régal  Poireaux St Jacques - 1L","p":3.8,"u":"3,80 €/L","img":"https://fd5-photos.leclercdrive.fr/image.ashx?id=2800243&use=l&cat=p&typeid=i","cat":284462},{"id":39515,"n":"Friandises pour chien Lydog Sticks au poulet - x5 - 42g","p":0.94,"u":"22,38 €/KG","img":"https://fd5-photos.leclercdrive.fr/image.ashx?id=1947268&use=l&cat=p&typeid=i","cat":294527},{"id":39517,"n":"Thé vert Twinings Citron x25 sachets -50g","p":2.18,"u":"43,60 €/KG","img":"https://fd5-photos.leclercdrive.fr/image.ashx?id=2893012&use=l&cat=p&typeid=i","cat":293233},{"id":39521,"n":"Cacahuètes enrobées Tokapi Salées - 150g","p":0.85,"u":"5,67 €/KG","img":"https://fd5-photos.leclercdrive.fr/image.ashx?id=1957812&use=l&cat=p&typeid=i","cat":284448},{"id":39523,"n":"Cacahuètes enrobées Tokapi Paprika - 150g","p":0.99,"u":"6,60 €/KG","img":"https://fd5-photos.leclercdrive.fr/image.ashx?id=1972828&use=l&cat=p&typeid=i","cat":284448},{"id":39524,"n":"Cacahuètes enrobées Tokapi Epicées - 150g","p":0.85,"u":"5,67 €/KG","img":"https://fd5-photos.leclercdrive.fr/image.ashx?id=2033239&use=l&cat=p&typeid=i","cat":284448},{"id":39529,"n":"Jus de citron Rustica Sicile - 50cl","p":1.67,"u":"3,34 €/L","img":"https://fd5-photos.leclercdrive.fr/image.ashx?id=2974804&use=l&cat=p&typeid=i","cat":288383},{"id":39530,"n":"Dessert bébé BabyBio Bio 6 mois Pomme / Fraise - 260g","p":1.91,"u":"7,35 €/KG","img":"https://fd5-photos.leclercdrive.fr/image.ashx?id=2827509&use=l&cat=p&typeid=i","cat":312388},{"id":39534,"n":"Barres énergétiques Ovomaltine x5 barres - 100g","p":2.33,"u":"23,30 €/KG","img":"https://fd5-photos.leclercdrive.fr/image.ashx?id=2413029&use=l&cat=p&typeid=i","cat":318652},{"id":39541,"n":"Madeleine P'tit Déli Coquilles napées chocolat -300g","p":2.62,"u":"8,73 €/KG","img":"https://fd5-photos.leclercdrive.fr/image.ashx?id=2583262&use=l&cat=p&typeid=i","cat":284492},{"id":39545,"n":"Soupe Poule au pot Régal Soupe  Déshydratée - 72g","p":0.84,"u":"11,67 €/KG","img":"https://fd5-photos.leclercdrive.fr/image.ashx?id=2656381&use=l&cat=p&typeid=i","cat":284463},{"id":39551,"n":"Tablettes pour chien Lydog Boeuf, poulet, agneau - 104g","p":1.22,"u":"11,73 €/KG","img":"https://fd5-photos.leclercdrive.fr/image.ashx?id=1201189&use=l&cat=p&typeid=i","cat":294527},{"id":39554,"n":"Mélange 4 champignons N.Jardin 230g","p":2.57,"u":"11,17 €/KG","img":"https://fd5-photos.leclercdrive.fr/image.ashx?id=2072719&use=l&cat=p&typeid=i","cat":312610},{"id":39558,"n":"Croquettes chat Tous mes amis Stérilisés - 2kg","p":3.24,"u":"1,62 €/KG","img":"https://fd5-photos.leclercdrive.fr/image.ashx?id=2301490&use=l&cat=p&typeid=i","cat":284680},{"id":39569,"n":"Céréales Jordans Country Crisp Chocolat Noir 70% - 550g","p":3.5,"u":"6,36 €/KG","img":"https://fd5-photos.leclercdrive.fr/image.ashx?id=3000836&use=l&cat=p&typeid=i","cat":309512},{"id":39570,"n":"Céréales Jordans Country Crisp 4 Noix - 550g","p":3.13,"u":"5,69 €/KG","img":"https://fd5-photos.leclercdrive.fr/image.ashx?id=2973487&use=l&cat=p&typeid=i","cat":309512},{"id":39572,"n":"Biscuits batonnets P'tit Déli Chocolat au lait 90g","p":1.29,"u":"14,33 €/KG","img":"https://fd5-photos.leclercdrive.fr/image.ashx?id=2927182&use=l&cat=p&typeid=i","cat":284488},{"id":39616,"n":"Sirop Moulin de Valdonne Fraise - 70cl","p":3.31,"u":"4,73 €/L","img":"https://fd5-photos.leclercdrive.fr/image.ashx?id=2170559&use=l&cat=p&typeid=i","cat":295020},{"id":39617,"n":"Sirop Moulin de Valdonne Menthe - 70cl","p":3.0,"u":"4,29 €/L","img":"https://fd5-photos.leclercdrive.fr/image.ashx?id=2170550&use=l&cat=p&typeid=i","cat":295020},{"id":39621,"n":"Boisson énergisante Red Bull 4x355ml","p":6.27,"u":"4,42 €/L","img":"https://fd5-photos.leclercdrive.fr/image.ashx?id=3011983&use=l&cat=p&typeid=i","cat":284533},{"id":39651,"n":"Sel fin iodé Cérébos Boîte 125g","p":0.45,"u":"3,60 €/KG","img":"https://fd5-photos.leclercdrive.fr/image.ashx?id=2817536&use=l&cat=p&typeid=i","cat":284457},{"id":39707,"n":"Recharge de gaz Clairgaz Propane - 11kg","p":31.9,"u":"2,90 €/KG","img":"https://fd5-photos.leclercdrive.fr/image.ashx?id=764897&use=l&cat=p&typeid=i","cat":335916},{"id":39708,"n":"Recharge de gaz Butagaz Butane - Cube - 6kg","p":23.95,"u":"3,99 €/KG","img":"https://fd5-photos.leclercdrive.fr/image.ashx?id=1759303&use=l&cat=p&typeid=i","cat":335916},{"id":39709,"n":"Recharge de gaz Butagaz Viseo Butane 10kg","p":32.95,"u":"3,30 €/KG","img":"https://fd5-photos.leclercdrive.fr/image.ashx?id=1752364&use=l&cat=p&typeid=i","cat":335916},{"id":39710,"n":"Recharge de gaz Butagaz Butane - 13kg","p":37.9,"u":"2,92 €/KG","img":"https://fd5-photos.leclercdrive.fr/image.ashx?id=1752358&use=l&cat=p&typeid=i","cat":335916},{"id":39711,"n":"Recharge de gaz Butagaz Propane - Cube - 5kg","p":23.95,"u":"4,79 €/KG","img":"https://fd5-photos.leclercdrive.fr/image.ashx?id=1759306&use=l&cat=p&typeid=i","cat":335916},{"id":39712,"n":"Recharge de gaz Butagaz Propane - 13kg","p":37.9,"u":"2,92 €/KG","img":"https://fd5-photos.leclercdrive.fr/image.ashx?id=1752361&use=l&cat=p&typeid=i","cat":335916},{"id":39715,"n":"Recharge de gaz Primagaz Butane Twiny - 6kg","p":19.95,"u":"3,33 €/KG","img":"https://fd5-photos.leclercdrive.fr/image.ashx?id=2340249&use=l&cat=p&typeid=i","cat":335916},{"id":39717,"n":"Recharge de gaz Primagaz Propane Twiny - 5,1kg","p":19.95,"u":"3,91 €/KG","img":"https://fd5-photos.leclercdrive.fr/image.ashx?id=2348032&use=l&cat=p&typeid=i","cat":335916},{"id":39743,"n":"Bière blonde 8.6 Gold Canette 50cl - 8.6%vol","p":1.43,"u":"2,86 €/L","img":"https://fd5-photos.leclercdrive.fr/image.ashx?id=1883591&use=l&cat=p&typeid=i","cat":334853},{"id":39770,"n":"Edulcorant Canderel Pot, poudre 80g","p":2.29,"u":"28,63 €/KG","img":"https://fd5-photos.leclercdrive.fr/image.ashx?id=2811020&use=l&cat=p&typeid=i","cat":324846},{"id":39777,"n":"AOP Crémant d'Alsace Blanc Brut Arthur Metz - 75cl","p":5.95,"u":"7,93 €/L","img":"https://fd5-photos.leclercdrive.fr/image.ashx?id=2422926&use=l&cat=p&typeid=i","cat":284544},{"id":39783,"n":"Liqueur Malibu Coco 18% vol - 1L","p":15.45,"u":"15,45 €/L","img":"https://fd5-photos.leclercdrive.fr/image.ashx?id=2396881&use=l&cat=p&typeid=i","cat":284551},{"id":39827,"n":"Sauce Algerienne Colona 500ml","p":2.45,"u":"4,90 €/L","img":"https://fd5-photos.leclercdrive.fr/image.ashx?id=2687182&use=l&cat=p&typeid=i","cat":318431},{"id":39856,"n":"Sirop Frucci  Citron vert - 75cl","p":3.29,"u":"4,39 €/L","img":"https://fd5-photos.leclercdrive.fr/image.ashx?id=2842307&use=l&cat=p&typeid=i","cat":295020},{"id":39871,"n":"Pur jus d'orange Jafaden 4x20cl","p":3.33,"u":"4,16 €/L","img":"https://fd5-photos.leclercdrive.fr/image.ashx?id=2802293&use=l&cat=p&typeid=i","cat":284521},{"id":39889,"n":"Tendres perles Blé Tipiak Prêt en 4 min - 700g","p":2.95,"u":"4,21 €/KG","img":"https://fd5-photos.leclercdrive.fr/image.ashx?id=2789095&use=l&cat=p&typeid=i","cat":284429},{"id":39894,"n":"Bière blanche Hilbörg 4,5%vol. -  6x25cl","p":3.45,"u":"2,30 €/L","img":"https://fd5-photos.leclercdrive.fr/image.ashx?id=2913706&use=l&cat=p&typeid=i","cat":334878},{"id":39934,"n":"Yaourts à la Grecque Délisse Nature - 8x125g","p":2.15,"u":"2,15 €/KG","img":"https://fd5-photos.leclercdrive.fr/image.ashx?id=2699480&use=l&cat=p&typeid=i","cat":314999},{"id":39941,"n":"Laque Fixation Forte 24h Dop Vivelle - 250ml","p":3.73,"u":"14,92 €/L","img":"https://fd5-photos.leclercdrive.fr/image.ashx?id=2457239&use=l&cat=p&typeid=i","cat":284609},{"id":39942,"n":"Laque Fixation 24H Extrême Dop Vivelle - 250ml","p":4.13,"u":"16,52 €/L","img":"https://fd5-photos.leclercdrive.fr/image.ashx?id=2575624&use=l&cat=p&typeid=i","cat":284609},{"id":39943,"n":"Laque fixation Extra-Forte Dop Vivelle - 250ml","p":3.66,"u":"14,64 €/L","img":"https://fd5-photos.leclercdrive.fr/image.ashx?id=2457236&use=l&cat=p&typeid=i","cat":284609},{"id":39946,"n":"Crème de nuit L'Oréal Paris Revitalift anti-rides - 50ml","p":7.85,"u":"157,00 €/L","img":"https://fd5-photos.leclercdrive.fr/image.ashx?id=2865869&use=l&cat=p&typeid=i","cat":325345},{"id":39951,"n":"Crème dessert Délisse Pistache - 4x125g","p":0.89,"u":"1,78 €/KG","img":"https://fd5-photos.leclercdrive.fr/image.ashx?id=2441333&use=l&cat=p&typeid=i","cat":285041},{"id":39952,"n":"Dessert Liégeois Délisse Vanille Chocolat - 8x100g","p":2.09,"u":"2,61 €/KG","img":"https://fd5-photos.leclercdrive.fr/image.ashx?id=1868869&use=l&cat=p&typeid=i","cat":285042},{"id":39953,"n":"crème dessert chocolat danette pop billes 3 chocolats - 4x117g","p":2.33,"u":"4,98 €/KG","img":"https://fd5-photos.leclercdrive.fr/image.ashx?id=2926230&use=l&cat=p&typeid=i","cat":285041},{"id":39954,"n":"Crème dessert vanille Danette  Billes 3 chocolats - 4x117g","p":2.33,"u":"4,98 €/KG","img":"https://fd5-photos.leclercdrive.fr/image.ashx?id=2926227&use=l&cat=p&typeid=i","cat":285041},{"id":39961,"n":"Emiettés de sardines Gastromer Citron - 150g","p":1.99,"pp":1.31,"u":"8,73 €/KG","img":"https://fd5-photos.leclercdrive.fr/image.ashx?id=1605758&use=l&cat=p&typeid=i","cat":285191},{"id":39967,"n":"Poivre gris moulu Ducros n°7 - 90g","p":2.55,"u":"28,33 €/KG","img":"https://fd5-photos.leclercdrive.fr/image.ashx?id=2983207&use=l&cat=p&typeid=i","cat":284457},{"id":39970,"n":"Poivre noir moulu Ducros N°8 - 38g","p":2.07,"u":"54,47 €/KG","img":"https://fd5-photos.leclercdrive.fr/image.ashx?id=2311051&use=l&cat=p&typeid=i","cat":284457},{"id":39972,"n":"Basilic Ducros 11g","p":1.24,"u":"112,73 €/KG","img":"https://fd5-photos.leclercdrive.fr/image.ashx?id=2559469&use=l&cat=p&typeid=i","cat":298297},{"id":39974,"n":"Plat bébé Blédina 6 mois  Purée butternut poulet - 2x200g","p":2.56,"u":"6,40 €/KG","img":"https://fd5-photos.leclercdrive.fr/image.ashx?id=2975080&use=l&cat=p&typeid=i","cat":312236},{"id":39988,"n":"Crème de douche Manava Douceur de crème - 250ml","p":1.05,"u":"4,20 €/L","img":"https://fd5-photos.leclercdrive.fr/image.ashx?id=2699282&use=l&cat=p&typeid=i","cat":284594},{"id":39989,"n":"Savon douceur Manava 1/4 de crème 100g","p":0.93,"u":"9,30 €/KG","img":"https://fd5-photos.leclercdrive.fr/image.ashx?id=2331318&use=l&cat=p&typeid=i","cat":284597},{"id":39990,"n":"Savon Manava Fleur de Tiaré orchidée 100g","p":0.89,"u":"8,90 €/KG","img":"https://fd5-photos.leclercdrive.fr/image.ashx?id=2751898&use=l&cat=p&typeid=i","cat":284597},{"id":39992,"n":"Gel douche Manava Monoï de Polynésie 250ml","p":1.15,"u":"4,60 €/L","img":"https://fd5-photos.leclercdrive.fr/image.ashx?id=2626805&use=l&cat=p&typeid=i","cat":284594},{"id":39994,"n":"Lait douche Manava Fleur d'oranger 250ml","p":1.29,"u":"5,16 €/L","img":"https://fd5-photos.leclercdrive.fr/image.ashx?id=2618335&use=l&cat=p&typeid=i","cat":284594},{"id":40003,"n":"Saucisson Justin Bridou La Juste Sèche - 275g","p":3.56,"u":"12,95 €/KG","img":"https://fd5-photos.leclercdrive.fr/image.ashx?id=2756927&use=l&cat=p&typeid=i","cat":316006},{"id":40004,"n":"Saucisson Mini Justin Bridou  Bâton de Berger - 100g","p":2.03,"u":"20,30 €/KG","img":"https://fd5-photos.leclercdrive.fr/image.ashx?id=3011440&use=l&cat=p&typeid=i","cat":316006},{"id":40006,"n":"Houmous Extra l'Atelier Blini 175g","p":2.68,"u":"15,31 €/KG","img":"https://fd5-photos.leclercdrive.fr/image.ashx?id=2795093&use=l&cat=p&typeid=i","cat":315999},{"id":40010,"n":"Emiettés de thon chorizo  Gastromer - 150g","p":1.99,"pp":1.31,"u":"8,73 €/KG","img":"https://fd5-photos.leclercdrive.fr/image.ashx?id=2049910&use=l&cat=p&typeid=i","cat":285191},{"id":40017,"n":"Tzatziki Blini Extra - 175g","p":2.74,"u":"15,66 €/KG","img":"https://fd5-photos.leclercdrive.fr/image.ashx?id=2973703&use=l&cat=p&typeid=i","cat":315999},{"id":40033,"n":"Yaourt nature sucré Yoplait - 16x125g","p":3.26,"u":"1,63 €/KG","img":"https://fd5-photos.leclercdrive.fr/image.ashx?id=2796821&use=l&cat=p&typeid=i","cat":284409},{"id":40034,"n":"Menthe Pastille Giffard 24%vol - 70cl","p":11.85,"pp":10.85,"u":"15,50 €/L","img":"https://fd5-photos.leclercdrive.fr/image.ashx?id=2529903&use=l&cat=p&typeid=i","cat":286032},{"id":40038,"n":"Bière Lindemans Kriek 3.5%vol. - 25cl","p":1.75,"u":"7,00 €/L","img":"https://fd5-photos.leclercdrive.fr/image.ashx?id=2830894&use=l&cat=p&typeid=i","cat":334872},{"id":40090,"n":"Lait corps Inell Nourrissant - 250ml","p":2.33,"u":"9,32 €/L","img":"https://fd5-photos.leclercdrive.fr/image.ashx?id=2691661&use=l&cat=p&typeid=i","cat":325349},{"id":40107,"n":"Adoucissant Hyperdou Provence - 750ml","p":1.99,"u":"2,65 €/L","img":"https://fd5-photos.leclercdrive.fr/image.ashx?id=2614473&use=l&cat=p&typeid=i","cat":284650},{"id":40122,"n":"AOP Côtes de Provence vin rosé Terres Ocrées - 75cl - 13%","p":4.99,"u":"6,65 €/L","img":"https://fd5-photos.leclercdrive.fr/image.ashx?id=2896895&use=l&cat=p&typeid=i","cat":289558},{"id":40133,"n":"Gaufrettes Paille d'Or LU Framboise - 170g","p":1.79,"u":"10,53 €/KG","img":"https://fd5-photos.leclercdrive.fr/image.ashx?id=2883753&use=l&cat=p&typeid=i","cat":284489},{"id":40134,"n":"Biscottes Heudebert  Nature - 830g","p":3.21,"u":"3,87 €/KG","img":"https://fd5-photos.leclercdrive.fr/image.ashx?id=2473705&use=l&cat=p&typeid=i","cat":284479},{"id":40135,"n":"Biscottes Heudebert  Nature - 300g","p":1.26,"u":"4,20 €/KG","img":"https://fd5-photos.leclercdrive.fr/image.ashx?id=2368291&use=l&cat=p&typeid=i","cat":284479},{"id":40142,"n":"Compote Douceur du Verger Coupelle multivariétés -16x100g","p":3.99,"u":"2,49 €/KG","img":"https://fd5-photos.leclercdrive.fr/image.ashx?id=2663533&use=l&cat=p&typeid=i","cat":284508},{"id":40169,"n":"IGP Sel fin Le Guérandais  Label rouge - 250g","p":2.1,"u":"8,40 €/KG","img":"https://fd5-photos.leclercdrive.fr/image.ashx?id=2457887&use=l&cat=p&typeid=i","cat":284457},{"id":40180,"n":"Emiettés surimi crabe Gastromer 150g","p":1.99,"pp":1.31,"u":"8,73 €/KG","img":"https://fd5-photos.leclercdrive.fr/image.ashx?id=1605662&use=l&cat=p&typeid=i","cat":285191},{"id":40215,"n":"Petit pot soir Babybio Bio P.pois maïs riz, 6 mois 2x200g","p":2.53,"u":"6,33 €/KG","img":"https://fd5-photos.leclercdrive.fr/image.ashx?id=2827476&use=l&cat=p&typeid=i","cat":312239},{"id":40217,"n":"Petits pots Babybio Bio Légumes jambon - 8mois 2x200g","p":2.8,"u":"7,00 €/KG","img":"https://fd5-photos.leclercdrive.fr/image.ashx?id=2838464&use=l&cat=p&typeid=i","cat":312236},{"id":40279,"n":"Jus innocent orange sans pulpe 900ml","p":2.46,"u":"2,73 €/L","img":"https://fd5-photos.leclercdrive.fr/image.ashx?id=2736583&use=l&cat=p&typeid=i","cat":285435},{"id":40303,"n":"Coton Duo Démaquillants Inell Ovale - Aloé véra - Disques x60","p":1.69,"img":"https://fd5-photos.leclercdrive.fr/image.ashx?id=1926957&use=l&cat=p&typeid=i","cat":285593},{"id":40311,"n":"Biscuits cacao P'tit Déli Chocolat noir/blanc - 115g","p":2.0,"u":"17,39 €/KG","img":"https://fd5-photos.leclercdrive.fr/image.ashx?id=2566197&use=l&cat=p&typeid=i","cat":284488},{"id":40318,"n":"Mini cornichons Rustica 210g","p":2.03,"u":"9,67 €/KG","img":"https://fd5-photos.leclercdrive.fr/image.ashx?id=2916704&use=l&cat=p&typeid=i","cat":284458},{"id":40330,"n":"Sablés P'tit Déli Pur beurre framboise - 100g","p":1.18,"u":"11,80 €/KG","img":"https://fd5-photos.leclercdrive.fr/image.ashx?id=2669747&use=l&cat=p&typeid=i","cat":284487},{"id":40332,"n":"Bière aromatisée Desperados 5.9%vol. - 20x25cl","p":17.99,"u":"3,60 €/L","img":"https://fd5-photos.leclercdrive.fr/image.ashx?id=2977300&use=l&cat=p&typeid=i","cat":334878},{"id":40336,"n":"Bière blonde Heineken 12x33cl","p":11.3,"u":"2,85 €/L","img":"https://fd5-photos.leclercdrive.fr/image.ashx?id=3008110&use=l&cat=p&typeid=i","cat":334873},{"id":40337,"n":"Morilles déshydratées Notre Jardin pot 30g","p":12.78,"u":"426,00 €/KG","img":"https://fd5-photos.leclercdrive.fr/image.ashx?id=2418332&use=l&cat=p&typeid=i","cat":284352},{"id":40342,"n":"Serviette Tena Lady - Maxi Night - x12","p":6.22,"u":"0,52 €/P","img":"https://fd5-photos.leclercdrive.fr/image.ashx?id=2597232&use=l&cat=p&typeid=i","cat":284628},{"id":40412,"n":"Thon entier Petit Navire Huile de tournesol - 160g","p":1.86,"u":"11,63 €/KG","img":"https://fd5-photos.leclercdrive.fr/image.ashx?id=2523846&use=l&cat=p&typeid=i","cat":303867},{"id":40430,"n":"Plat bébé soir Blédiner 8 mois  Patate douce carotte - 2x200g","p":2.14,"u":"5,35 €/KG","img":"https://fd5-photos.leclercdrive.fr/image.ashx?id=2902969&use=l&cat=p&typeid=i","cat":312239},{"id":40490,"n":"Compote Andros Pomme abricot - 8x100g","p":4.54,"u":"5,68 €/KG","img":"https://fd5-photos.leclercdrive.fr/image.ashx?id=2968097&use=l&cat=p&typeid=i","cat":284416},{"id":40491,"n":"Compotes Andros Pomme poire 8x100g","p":2.76,"u":"3,45 €/KG","img":"https://fd5-photos.leclercdrive.fr/image.ashx?id=2883943&use=l&cat=p&typeid=i","cat":284416},{"id":40493,"n":"Panna Cotta Délisse Fruits rouges - 4x90g","p":2.19,"u":"6,08 €/KG","img":"https://fd5-photos.leclercdrive.fr/image.ashx?id=1846157&use=l&cat=p&typeid=i","cat":284419},{"id":40494,"n":"Compotes Andros Pomme châtaigne 8x100g","p":2.89,"u":"3,61 €/KG","img":"https://fd5-photos.leclercdrive.fr/image.ashx?id=2988611&use=l&cat=p&typeid=i","cat":284416},{"id":40495,"n":"Gâteau mix max Balconi Cacao 350g","p":1.84,"u":"5,26 €/KG","img":"https://fd5-photos.leclercdrive.fr/image.ashx?id=2878408&use=l&cat=p&typeid=i","cat":284495},{"id":40519,"n":"Kit fajitas Old El Paso extra doux - 478g","p":4.93,"u":"10,31 €/KG","img":"https://fd5-photos.leclercdrive.fr/image.ashx?id=2765405&use=l&cat=p&typeid=i","cat":288993},{"id":40522,"n":"Préparation cassis NRT D'Ile de France - 315g","p":3.77,"u":"11,97 €/KG","img":"https://fd5-photos.leclercdrive.fr/image.ashx?id=779320&use=l&cat=p&typeid=i","cat":284480},{"id":40573,"n":"Tablette chocolat Milka Chocolat lait/Noisette - 2x100g","p":3.33,"u":"16,65 €/KG","img":"https://fd5-photos.leclercdrive.fr/image.ashx?id=2832422&use=l&cat=p&typeid=i","cat":284497},{"id":40586,"n":"Glaces Yéti Best Of - 8 bâtonnets - 360g","p":3.6,"u":"10,00 €/KG","img":"https://fd5-photos.leclercdrive.fr/image.ashx?id=1921194&use=l&cat=p&typeid=i","cat":285250},{"id":40610,"n":"Pérail Lou Pérac Fromage de brebis - 100g","p":2.08,"u":"20,80 €/KG","img":"https://fd5-photos.leclercdrive.fr/image.ashx?id=2848545&use=l&cat=p&typeid=i","cat":314031},{"id":40612,"n":"Fromage de Brebis Etorki  180g","p":3.43,"u":"19,06 €/KG","img":"https://fd5-photos.leclercdrive.fr/image.ashx?id=2702816&use=l&cat=p&typeid=i","cat":329184},{"id":40626,"n":"AOC Rosé de Loire vin rosé Les Caractères - 75cl","p":3.69,"u":"4,92 €/L","img":"https://fd5-photos.leclercdrive.fr/image.ashx?id=2756149&use=l&cat=p&typeid=i","cat":289558},{"id":40627,"n":"AOC Rosé d'Anjou vin rosé Les Caractères - 75cl","p":3.89,"u":"5,19 €/L","img":"https://fd5-photos.leclercdrive.fr/image.ashx?id=2925707&use=l&cat=p&typeid=i","cat":289558},{"id":40631,"n":"Levure Chimique Alsacienne alsa 8 sachets - 88g","p":0.61,"u":"6,93 €/KG","img":"https://fd5-photos.leclercdrive.fr/image.ashx?id=3009335&use=l&cat=p&typeid=i","cat":294686},{"id":40633,"n":"IGP Var rosé Restanques - 75cl","p":3.2,"u":"4,27 €/L","img":"https://fd5-photos.leclercdrive.fr/image.ashx?id=2753070&use=l&cat=p&typeid=i","cat":289558},{"id":40649,"n":"Pansement Primoplast Transparents x40","p":0.99,"u":"0,02 €/P","img":"https://fd5-photos.leclercdrive.fr/image.ashx?id=2832957&use=l&cat=p&typeid=i","cat":284630},{"id":40656,"n":"Gel douche Manava Surgras - 500ml","p":1.85,"u":"3,70 €/L","img":"https://fd5-photos.leclercdrive.fr/image.ashx?id=2799239&use=l&cat=p&typeid=i","cat":284594},{"id":40657,"n":"Gel douche Manava Hypoallergenique - 500ml","p":1.85,"u":"3,70 €/L","img":"https://fd5-photos.leclercdrive.fr/image.ashx?id=2799165&use=l&cat=p&typeid=i","cat":284594},{"id":40666,"n":"Antiseptique Primoplast Spray - 100ml","p":2.4,"u":"24,00 €/L","img":"https://fd5-photos.leclercdrive.fr/image.ashx?id=2856522&use=l&cat=p&typeid=i","cat":284630},{"id":40676,"n":"Beurre Tendre Président Demi-sel - 80% MG - 250g","p":3.33,"u":"13,32 €/KG","img":"https://fd5-photos.leclercdrive.fr/image.ashx?id=2731420&use=l&cat=p&typeid=i","cat":284379},{"id":40708,"n":"IGP Gard vin rosé Rives & Terrasses 12% vol - BIB 5L","p":13.99,"u":"2,80 €/L","img":"https://fd5-photos.leclercdrive.fr/image.ashx?id=2882325&use=l&cat=p&typeid=i","cat":289560},{"id":40723,"n":"Fromage à tartiner Les Croisés Echalote et Ciboulette - 150g","p":1.66,"u":"11,07 €/KG","img":"https://fd5-photos.leclercdrive.fr/image.ashx?id=2476158&use=l&cat=p&typeid=i","cat":314029},{"id":40736,"n":"Saumon fumé Labeyrie Norvège 2 tranches - 75g","p":4.69,"u":"62,53 €/KG","img":"https://fd5-photos.leclercdrive.fr/image.ashx?id=2729905&use=l&cat=p&typeid=i","cat":285188},{"id":40776,"n":"Détachant avant lavage K2R  Tâche incrustée mousse  - 400mL","p":2.77,"u":"6,93 €/L","img":"https://fd5-photos.leclercdrive.fr/image.ashx?id=2101177&use=l&cat=p&typeid=i","cat":284651},{"id":40789,"n":"Yaourts à boire Délisse Fraise - 8x100g","p":1.95,"u":"2,44 €/KG","img":"https://fd5-photos.leclercdrive.fr/image.ashx?id=2762504&use=l&cat=p&typeid=i","cat":284415},{"id":40790,"n":"Yaourt brassé Bio Bio Village Nature - 4x125g","p":1.2,"u":"2,40 €/KG","img":"https://fd5-photos.leclercdrive.fr/image.ashx?id=2064624&use=l&cat=p&typeid=i","cat":284409},{"id":40796,"n":"Rôti de porc Tradilège Supérieur Maxiformat 8tr- 240 g","p":3.17,"u":"13,21 €/KG","img":"https://fd5-photos.leclercdrive.fr/image.ashx?id=2930763&use=l&cat=p&typeid=i","cat":316009},{"id":40870,"n":"Purée de courgettes Florette 2x200g","p":2.43,"u":"6,08 €/KG","img":"https://fd5-photos.leclercdrive.fr/image.ashx?id=2790006&use=l&cat=p&typeid=i","cat":333665},{"id":40872,"n":"Ecrasé de légumes Florette Pomme de terre carottes 2x200g","p":2.47,"u":"6,18 €/KG","img":"https://fd5-photos.leclercdrive.fr/image.ashx?id=2767696&use=l&cat=p&typeid=i","cat":333665},{"id":40904,"n":"Pesto rosso Turini 190g","p":1.68,"u":"8,84 €/KG","img":"https://fd5-photos.leclercdrive.fr/image.ashx?id=2546257&use=l&cat=p&typeid=i","cat":287599},{"id":40908,"n":"Sauce pizza Tomapizza Panzani aux tomates et origan - 390g","p":1.3,"u":"3,33 €/KG","img":"https://fd5-photos.leclercdrive.fr/image.ashx?id=2744626&use=l&cat=p&typeid=i","cat":288384},{"id":40948,"n":"Whisky Season Knockando 12 ans - 43%vol - 70cl","p":30.05,"u":"42,93 €/L","img":"https://fd5-photos.leclercdrive.fr/image.ashx?id=2397496&use=l&cat=p&typeid=i","cat":284547},{"id":40956,"n":"Whisky Jack Daniel's Single Barrel 70cL","p":35.77,"u":"51,10 €/L","img":"https://fd5-photos.leclercdrive.fr/image.ashx?id=2540013&use=l&cat=p&typeid=i","cat":284547},{"id":40967,"n":"AOP Bourgogne Aligoté vin blanc Antoine Barrier - 75cl","p":6.49,"u":"8,65 €/L","img":"https://fd5-photos.leclercdrive.fr/image.ashx?id=2883011&use=l&cat=p&typeid=i","cat":289557},{"id":40968,"n":"AOP Bordeaux Supérieur rouge Château Labatut Prestige - 75cl","p":3.8,"u":"5,07 €/L","img":"https://fd5-photos.leclercdrive.fr/image.ashx?id=2860973&use=l&cat=p&typeid=i","cat":289556},{"id":41002,"n":"Repas fraicheur pour chat Sheba Volaille en sauce - 6x50g","p":2.56,"u":"8,53 €/KG","img":"https://fd5-photos.leclercdrive.fr/image.ashx?id=2888097&use=l&cat=p&typeid=i","cat":285286},{"id":41006,"n":"Biscuits chien Pedigree Markies fourrés - 500g","p":1.66,"u":"3,32 €/KG","img":"https://fd5-photos.leclercdrive.fr/image.ashx?id=2254319&use=l&cat=p&typeid=i","cat":294527},{"id":41009,"n":"Friandises chat Catisfactions Fromage - 60g","p":1.03,"u":"17,17 €/KG","img":"https://fd5-photos.leclercdrive.fr/image.ashx?id=2912608&use=l&cat=p&typeid=i","cat":285285},{"id":41020,"n":"Pur jus Jafaden Clémentine - 1L","p":1.91,"u":"1,91 €/L","img":"https://fd5-photos.leclercdrive.fr/image.ashx?id=2895786&use=l&cat=p&typeid=i","cat":284915},{"id":41022,"n":"Sachet fraicheur chat Sheba Thon cabillaud en sauce - 6x50g","p":2.56,"u":"8,53 €/KG","img":"https://fd5-photos.leclercdrive.fr/image.ashx?id=2347128&use=l&cat=p&typeid=i","cat":285286},{"id":41112,"n":"Préparation de fruits Cerises noires Lucien Georgelin 320g","p":2.48,"u":"7,75 €/KG","img":"https://fd5-photos.leclercdrive.fr/image.ashx?id=1638547&use=l&cat=p&typeid=i","cat":284480},{"id":41117,"n":"Vinaigre de nettoyage Clair Citron - 750ml","p":1.95,"u":"2,60 €/L","img":"https://fd5-photos.leclercdrive.fr/image.ashx?id=2949188&use=l&cat=p&typeid=i","cat":325365},{"id":41140,"n":"Filets maquereaux Pêche Océan Naturel - 95g","p":1.48,"u":"15,58 €/KG","img":"https://fd5-photos.leclercdrive.fr/image.ashx?id=2515685&use=l&cat=p&typeid=i","cat":303868},{"id":41147,"n":"Bain de bouche Dentamyl Expert Sensitive - 500ml","p":1.89,"u":"3,78 €/L","img":"https://fd5-photos.leclercdrive.fr/image.ashx?id=2594570&use=l&cat=p&typeid=i","cat":284613},{"id":41162,"n":"Olives Apéritives Cassées à l'ail - 250g","p":2.74,"u":"10,96 €/KG","img":"https://fd5-photos.leclercdrive.fr/image.ashx?id=2833696&use=l&cat=p&typeid=i","cat":316002},{"id":41188,"n":"Captain Morgan Original Spiced Boisson à base de rhum- 70cl","p":12.95,"u":"18,50 €/L","img":"https://fd5-photos.leclercdrive.fr/image.ashx?id=2518403&use=l&cat=p&typeid=i","cat":284551},{"id":41190,"n":"Liqueur de Whisky Jack Daniel's Honey 70cL","p":19.95,"pp":17.95,"u":"25,64 €/L","img":"https://fd5-photos.leclercdrive.fr/image.ashx?id=2973982&use=l&cat=p&typeid=i","cat":286032},{"id":41212,"n":"Tomate et olive Cruscana 150g","p":2.19,"u":"14,60 €/KG","img":"https://fd5-photos.leclercdrive.fr/image.ashx?id=2790633&use=l&cat=p&typeid=i","cat":315999},{"id":41223,"n":"Chips natures paysannes Bret's Au sel de Guérande 250g","p":2.1,"u":"8,40 €/KG","img":"https://fd5-photos.leclercdrive.fr/image.ashx?id=2217651&use=l&cat=p&typeid=i","cat":284447},{"id":41237,"n":"Beurre La Motte Président Doux - 82%mg - 250g","p":3.19,"u":"12,76 €/KG","img":"https://fd5-photos.leclercdrive.fr/image.ashx?id=2896955&use=l&cat=p&typeid=i","cat":284379},{"id":41238,"n":"Beurre La Motte Président Sel de mer - 80% MG - 250g","p":3.19,"u":"12,76 €/KG","img":"https://fd5-photos.leclercdrive.fr/image.ashx?id=2896958&use=l&cat=p&typeid=i","cat":284379},{"id":41265,"n":"Abricots pelés St Mamet Boîte 4/4 475g","p":3.51,"u":"7,39 €/KG","img":"https://fd5-photos.leclercdrive.fr/image.ashx?id=2593896&use=l&cat=p&typeid=i","cat":284507},{"id":41268,"n":"Croquettes chat  Eco+ Viandes légumes-  2kg","p":2.33,"u":"1,17 €/KG","img":"https://fd5-photos.leclercdrive.fr/image.ashx?id=2932381&use=l&cat=p&typeid=i","cat":284680},{"id":41269,"n":"Croquettes chat Eco+ Poisson, céréales, légumes 2kg","p":2.48,"u":"1,24 €/KG","img":"https://fd5-photos.leclercdrive.fr/image.ashx?id=2970714&use=l&cat=p&typeid=i","cat":284680},{"id":41270,"n":"Croquettes chiens Fido Adulte - Boeuf - 3kg","p":7.08,"u":"2,36 €/KG","img":"https://fd5-photos.leclercdrive.fr/image.ashx?id=2973291&use=l&cat=p&typeid=i","cat":284672},{"id":41271,"n":"Croquettes chiens Eco+ Adulte - Boeuf - 10kg","p":9.97,"u":"1,00 €/KG","img":"https://fd5-photos.leclercdrive.fr/image.ashx?id=2946808&use=l&cat=p&typeid=i","cat":284672},{"id":41278,"n":"Croquettes chiens Eco+ Adulte - Viande -  4kg","p":3.93,"u":"0,98 €/KG","img":"https://fd5-photos.leclercdrive.fr/image.ashx?id=2946799&use=l&cat=p&typeid=i","cat":284672},{"id":41283,"n":"Sachets pour chats Gourmet Multivariétés - 12x85g","p":5.4,"u":"5,29 €/KG","img":"https://fd5-photos.leclercdrive.fr/image.ashx?id=2902343&use=l&cat=p&typeid=i","cat":285286},{"id":41285,"n":"Croquettes chaton Purina One  Junior -Poulet/Céréales - 1,5kg","p":7.34,"u":"4,89 €/KG","img":"https://fd5-photos.leclercdrive.fr/image.ashx?id=2433563&use=l&cat=p&typeid=i","cat":284680},{"id":41287,"n":"Croquettes chiens Purina One Minis chiens adultes -  1,5kg","p":5.37,"u":"3,58 €/KG","img":"https://fd5-photos.leclercdrive.fr/image.ashx?id=2899674&use=l&cat=p&typeid=i","cat":294526},{"id":41289,"n":"Croquettes chat Purina One Urinary care - Poulet - 450g","p":2.78,"u":"6,18 €/KG","img":"https://fd5-photos.leclercdrive.fr/image.ashx?id=2459940&use=l&cat=p&typeid=i","cat":284680},{"id":41291,"n":"Croquettes chat Purina One Stérilisé Adulte-Boeuf/blé -3kg","p":12.84,"u":"4,28 €/KG","img":"https://fd5-photos.leclercdrive.fr/image.ashx?id=2488043&use=l&cat=p&typeid=i","cat":284680},{"id":41293,"n":"Sachets repas chats Purina One Stérilisés - Saumon Dinde 4x85g","p":1.96,"u":"5,76 €/KG","img":"https://fd5-photos.leclercdrive.fr/image.ashx?id=2902349&use=l&cat=p&typeid=i","cat":285286},{"id":41337,"n":"Lait céréales Blédidej 9 mois Madeleine - 4x250ml","p":3.64,"u":"3,64 €/L","img":"https://fd5-photos.leclercdrive.fr/image.ashx?id=2921052&use=l&cat=p&typeid=i","cat":312226},{"id":41352,"n":"Gommage visage Inell Douceur - 75ml","p":2.0,"u":"26,67 €/L","img":"https://fd5-photos.leclercdrive.fr/image.ashx?id=2686344&use=l&cat=p&typeid=i","cat":284603},{"id":41364,"n":"Cordon bleu Côté Croc Comté - 200g","p":2.05,"u":"10,25 €/KG","img":"https://fd5-photos.leclercdrive.fr/image.ashx?id=2800240&use=l&cat=p&typeid=i","cat":333683},{"id":41366,"n":"Nuggets de poulet Côté Croc Croustillant - 200g","p":1.79,"u":"8,95 €/KG","img":"https://fd5-photos.leclercdrive.fr/image.ashx?id=2462257&use=l&cat=p&typeid=i","cat":333684},{"id":41377,"n":"Manchons de poulet Côté Croc Croustillant - 250g","p":2.59,"u":"10,36 €/KG","img":"https://fd5-photos.leclercdrive.fr/image.ashx?id=2843042&use=l&cat=p&typeid=i","cat":333685},{"id":41422,"n":"Fromage à Tartiner St Môret  Nature - 300g","p":3.32,"u":"11,07 €/KG","img":"https://fd5-photos.leclercdrive.fr/image.ashx?id=2755465&use=l&cat=p&typeid=i","cat":314029},{"id":41447,"n":"Fromage fruité bloc Les Croisés 220g","p":2.75,"u":"12,50 €/KG","img":"https://fd5-photos.leclercdrive.fr/image.ashx?id=1961168&use=l&cat=p&typeid=i","cat":314034},{"id":41460,"n":"Pain de mie 100% Mie Harrys Complet sans croûte - 500g","p":1.71,"u":"3,42 €/KG","img":"https://fd5-photos.leclercdrive.fr/image.ashx?id=2731864&use=l&cat=p&typeid=i","cat":284477},{"id":41463,"n":"Autocollants Insectivor Anti-mouches - x4","p":2.54,"u":"0,64 €/P","img":"https://fd5-photos.leclercdrive.fr/image.ashx?id=2606828&use=l&cat=p&typeid=i","cat":298368},{"id":41465,"n":"Cotons Inell Maxi confort x80","p":1.78,"img":"https://fd5-photos.leclercdrive.fr/image.ashx?id=1926969&use=l&cat=p&typeid=i","cat":284636},{"id":41466,"n":"Coton carré bébé Mots d'Enfants Aloe vera x50","p":1.67,"u":"0,03 €/P","img":"https://fd5-photos.leclercdrive.fr/image.ashx?id=3014236&use=l&cat=p&typeid=i","cat":284739},{"id":41488,"n":"Sachets Insectivor Anti-mites anti-acariens - x24","p":2.89,"u":"0,12 €/P","img":"https://fd5-photos.leclercdrive.fr/image.ashx?id=2852952&use=l&cat=p&typeid=i","cat":298368},{"id":41494,"n":"Bière Red 8.6 Canette - 7.9%vol. - 50cl","p":1.57,"u":"3,14 €/L","img":"https://fd5-photos.leclercdrive.fr/image.ashx?id=2687329&use=l&cat=p&typeid=i","cat":334853},{"id":41517,"n":"Couches bébé Mots d'Enfants T6 Douceur - 16kg+ - x58 changes","p":12.75,"img":"https://fd5-photos.leclercdrive.fr/image.ashx?id=2904577&use=l&cat=p&typeid=i","cat":284737},{"id":41524,"n":"Ossau Iraty AOP Istara Fromage de brebis - 180g","p":3.42,"u":"19,00 €/KG","img":"https://fd5-photos.leclercdrive.fr/image.ashx?id=2766193&use=l&cat=p&typeid=i","cat":329184},{"id":41534,"n":"Déodorant Spray Homme Nivea Men Black&White Original - 200ml","p":2.23,"u":"11,15 €/L","img":"https://fd5-photos.leclercdrive.fr/image.ashx?id=3005218&use=l&cat=p&typeid=i","cat":284618},{"id":41538,"n":"Déodorant Homme Stick Williams Peau Sensible 75ml","p":2.6,"u":"34,67 €/L","img":"https://fd5-photos.leclercdrive.fr/image.ashx?id=2905102&use=l&cat=p&typeid=i","cat":284618},{"id":41549,"n":"Piles Duracell CR2032 Lithium 3V - x2","p":5.2,"u":"2,60 €/P","img":"https://fd5-photos.leclercdrive.fr/image.ashx?id=3003411&use=l&cat=p&typeid=i","cat":300572},{"id":41551,"n":"Soda Schweppes Saveur Citron - 1,5L","p":1.87,"u":"1,25 €/L","img":"https://fd5-photos.leclercdrive.fr/image.ashx?id=2852417&use=l&cat=p&typeid=i","cat":284532},{"id":41556,"n":"Boisson aux fruits Oasis Orange - 2L","p":2.47,"u":"1,24 €/L","img":"https://fd5-photos.leclercdrive.fr/image.ashx?id=2688653&use=l&cat=p&typeid=i","cat":295018},{"id":41579,"n":"Macédoine déjà égouttée D'aucy  530g","p":2.19,"u":"4,13 €/KG","img":"https://fd5-photos.leclercdrive.fr/image.ashx?id=2835833&use=l&cat=p&typeid=i","cat":312612},{"id":41596,"n":"Chips Lay's Saveur spicy - 130g","p":1.19,"u":"9,15 €/KG","img":"https://fd5-photos.leclercdrive.fr/image.ashx?id=3011131&use=l&cat=p&typeid=i","cat":284447},{"id":41602,"n":"Fond d'artichauts Eco + 210g","p":1.75,"u":"8,33 €/KG","img":"https://fd5-photos.leclercdrive.fr/image.ashx?id=2822917&use=l&cat=p&typeid=i","cat":312611},{"id":41603,"n":"Coeurs d'artichauts Eco + 240g","p":1.6,"u":"6,67 €/KG","img":"https://fd5-photos.leclercdrive.fr/image.ashx?id=2674020&use=l&cat=p&typeid=i","cat":312611},{"id":41647,"n":"AOP Alsace Gewurztraminer   vin blanc Rebmann - 75 cl","p":5.99,"u":"7,99 €/L","img":"https://fd5-photos.leclercdrive.fr/image.ashx?id=2989938&use=l&cat=p&typeid=i","cat":289557},{"id":41691,"n":"AOP Cabernet d'Anjou BIO vin  rosé Les Caractères - 75cl","p":4.99,"u":"6,65 €/L","img":"https://fd5-photos.leclercdrive.fr/image.ashx?id=2816484&use=l&cat=p&typeid=i","cat":289558},{"id":41782,"n":"Whisky Talisker Skye 45,8%vol. Etui - 70cl","p":33.9,"u":"48,43 €/L","img":"https://fd5-photos.leclercdrive.fr/image.ashx?id=2165887&use=l&cat=p&typeid=i","cat":284547},{"id":41800,"n":"Mayonnaise Fine & Douce Lesieur 475g","p":2.11,"u":"4,44 €/KG","img":"https://fd5-photos.leclercdrive.fr/image.ashx?id=2918541&use=l&cat=p&typeid=i","cat":298295},{"id":41803,"n":"Asperges vertes d'aucy  21,2cl","p":2.06,"u":"20,60 €/KG","img":"https://fd5-photos.leclercdrive.fr/image.ashx?id=2597723&use=l&cat=p&typeid=i","cat":312611},{"id":41819,"n":"Sauce Andalouse Heinz - 220g","p":1.6,"u":"7,27 €/KG","img":"https://fd5-photos.leclercdrive.fr/image.ashx?id=2973327&use=l&cat=p&typeid=i","cat":318431},{"id":41821,"n":"Pomme dauphine Maison Tino 500g","p":3.9,"u":"7,80 €/KG","img":"https://fd5-photos.leclercdrive.fr/image.ashx?id=1746056&use=l&cat=p&typeid=i","cat":333665},{"id":41828,"n":"AOC Bergerac vin rosé  Terrasses d'Autan - 75cl","p":2.99,"u":"3,99 €/L","img":"https://fd5-photos.leclercdrive.fr/image.ashx?id=2865068&use=l&cat=p&typeid=i","cat":289558},{"id":41831,"n":"AOC Bordeaux Sauvignon vin  blanc Chantet Blanet - 75cl","p":3.95,"u":"5,27 €/L","img":"https://fd5-photos.leclercdrive.fr/image.ashx?id=2679750&use=l&cat=p&typeid=i","cat":289557},{"id":41835,"n":"AOC Bourgueil vin rouge Les Caractères - 75cl","p":4.49,"u":"5,99 €/L","img":"https://fd5-photos.leclercdrive.fr/image.ashx?id=2942789&use=l&cat=p&typeid=i","cat":289556},{"id":41836,"n":"AOP Bergerac vin rouge Terrasses d'Autan - 75cl","p":2.99,"u":"3,99 €/L","img":"https://fd5-photos.leclercdrive.fr/image.ashx?id=2709695&use=l&cat=p&typeid=i","cat":289556},{"id":41838,"n":"AOP Alsace Sylvaner  vin blanc Rebmann - 75 cl","p":4.49,"u":"5,99 €/L","img":"https://fd5-photos.leclercdrive.fr/image.ashx?id=2717355&use=l&cat=p&typeid=i","cat":289557},{"id":41840,"n":"AOC Costières de Nîmes vin rouge Rives & Terrasses - 75cl","p":2.99,"u":"3,99 €/L","img":"https://fd5-photos.leclercdrive.fr/image.ashx?id=2845143&use=l&cat=p&typeid=i","cat":289556},{"id":41841,"n":"AOP Bordeaux vin rouge Chantet Blanet - 75cl","p":2.89,"u":"3,85 €/L","img":"https://fd5-photos.leclercdrive.fr/image.ashx?id=2741285&use=l&cat=p&typeid=i","cat":289556},{"id":41845,"n":"Génoise fourrée Kinder Pingui Lait et cacao x8 - 240g","p":2.15,"u":"8,96 €/KG","img":"https://fd5-photos.leclercdrive.fr/image.ashx?id=2855352&use=l&cat=p&typeid=i","cat":284420},{"id":41846,"n":"Compotes Andros Panachés 16x100g","p":4.83,"u":"3,02 €/KG","img":"https://fd5-photos.leclercdrive.fr/image.ashx?id=2921343&use=l&cat=p&typeid=i","cat":284416},{"id":41860,"n":"AOC Côtes de Provence vin rosé Prestige Terres Ocrées - 75cl","p":6.49,"u":"8,65 €/L","img":"https://fd5-photos.leclercdrive.fr/image.ashx?id=2925704&use=l&cat=p&typeid=i","cat":289558},{"id":41861,"n":"AOC Luberon Rosé Rives & Terrasses - 75cl","p":3.49,"u":"4,65 €/L","img":"https://fd5-photos.leclercdrive.fr/image.ashx?id=2891893&use=l&cat=p&typeid=i","cat":289558},{"id":41862,"n":"Compotes Andros 6 Pommes  et 6 pommes fraises - 12x100g","p":3.37,"u":"2,81 €/KG","img":"https://fd5-photos.leclercdrive.fr/image.ashx?id=2988318&use=l&cat=p&typeid=i","cat":284416},{"id":41865,"n":"AOC Coteaux Varois en Provence vin rosé Terres Ocrées - 75cl","p":4.49,"u":"5,99 €/L","img":"https://fd5-photos.leclercdrive.fr/image.ashx?id=2176584&use=l&cat=p&typeid=i","cat":289558},{"id":41868,"n":"Bûche de chèvre Soignon 400g","p":4.15,"u":"10,38 €/KG","img":"https://fd5-photos.leclercdrive.fr/image.ashx?id=2840988&use=l&cat=p&typeid=i","cat":314031},{"id":41870,"n":"Pur jus d'orange Jafaden Sans pulpe - 50cl","p":1.3,"u":"2,60 €/L","img":"https://fd5-photos.leclercdrive.fr/image.ashx?id=2917652&use=l&cat=p&typeid=i","cat":284521},{"id":41876,"n":"AOP Tavel vin rosé Rives & Terrasses - 75cl","p":6.85,"u":"9,13 €/L","img":"https://fd5-photos.leclercdrive.fr/image.ashx?id=2890015&use=l&cat=p&typeid=i","cat":289558},{"id":41878,"n":"Bière aromatisée Desquiles Red 5,9%vol. - 50cl","p":1.49,"u":"2,98 €/L","img":"https://fd5-photos.leclercdrive.fr/image.ashx?id=2664809&use=l&cat=p&typeid=i","cat":334853},{"id":41880,"n":"AOC Graves vin rouge Chantet Blanet - 75cl","p":4.75,"u":"6,33 €/L","img":"https://fd5-photos.leclercdrive.fr/image.ashx?id=2721361&use=l&cat=p&typeid=i","cat":289556},{"id":41881,"n":"AOC Gaillac vin rouge Terrasses d'Autan - 75cl","p":2.99,"u":"3,99 €/L","img":"https://fd5-photos.leclercdrive.fr/image.ashx?id=2751901&use=l&cat=p&typeid=i","cat":289556},{"id":41883,"n":"Steaks Hachés Charolais Charal Pur Bœuf 12%MG - 10x100g - 1kg","p":14.36,"u":"14,36 €/KG","img":"https://fd5-photos.leclercdrive.fr/image.ashx?id=2741943&use=l&cat=p&typeid=i","cat":319778},{"id":41903,"n":"Jus de pomme Jafaden A base de concentré - 2L","p":1.85,"u":"0,93 €/L","img":"https://fd5-photos.leclercdrive.fr/image.ashx?id=2470240&use=l&cat=p&typeid=i","cat":284522},{"id":41910,"n":"Sirop de pêche de Provence NRT 70cl","p":3.2,"u":"4,57 €/L","img":"https://fd5-photos.leclercdrive.fr/image.ashx?id=2699825&use=l&cat=p&typeid=i","cat":295020},{"id":41912,"n":"Sirop fraise de Plougastel NRT 70cl","p":3.2,"u":"4,57 €/L","img":"https://fd5-photos.leclercdrive.fr/image.ashx?id=2590481&use=l&cat=p&typeid=i","cat":295020},{"id":41914,"n":"Crème hydratante Inell Visage-corps 200ml","p":2.07,"u":"10,35 €/L","img":"https://fd5-photos.leclercdrive.fr/image.ashx?id=1903869&use=l&cat=p&typeid=i","cat":325345},{"id":41915,"n":"AOP Morgon vin rouge Antoine Barrier - 75cl","p":6.99,"u":"9,32 €/L","img":"https://fd5-photos.leclercdrive.fr/image.ashx?id=2919640&use=l&cat=p&typeid=i","cat":289556},{"id":41920,"n":"Patch pureté Inell x6","p":2.4,"u":"0,40 €/P","img":"https://fd5-photos.leclercdrive.fr/image.ashx?id=2657727&use=l&cat=p&typeid=i","cat":284603},{"id":41923,"n":"Vin d'Union Européenne rosé Adrien Champaud 11% vol BIB 5L","p":8.49,"u":"1,70 €/L","img":"https://fd5-photos.leclercdrive.fr/image.ashx?id=2959707&use=l&cat=p&typeid=i","cat":289560},{"id":41924,"n":"Vin d'Union Européenne rouge Adrien Champaud 12% vol BIB 5L","p":8.49,"u":"1,70 €/L","img":"https://fd5-photos.leclercdrive.fr/image.ashx?id=2959713&use=l&cat=p&typeid=i","cat":289560},{"id":41990,"n":"Steaks Hachés Limousin Charal Pur Bœuf 12%MG - 8x125g - 1kg","p":13.59,"u":"13,59 €/KG","img":"https://fd5-photos.leclercdrive.fr/image.ashx?id=2974626&use=l&cat=p&typeid=i","cat":319778},{"id":42044,"n":"Noix de cajou Maître Prunille Sans sel, grillé, sachet 200g","p":4.68,"u":"23,40 €/KG","img":"https://fd5-photos.leclercdrive.fr/image.ashx?id=1750478&use=l&cat=p&typeid=i","cat":284357},{"id":42058,"n":"Asperges blanches d'aucy 37cl","p":2.84,"u":"13,85 €/KG","img":"https://fd5-photos.leclercdrive.fr/image.ashx?id=2665895&use=l&cat=p&typeid=i","cat":312611},{"id":42063,"n":"Madeleines Saint Michel Oeufs de poule plein air - 500g","p":1.84,"u":"3,68 €/KG","img":"https://fd5-photos.leclercdrive.fr/image.ashx?id=2936191&use=l&cat=p&typeid=i","cat":284492},{"id":42067,"n":"Biscuits p'tit déjeuner BN Chocolat - 200g","p":1.6,"u":"8,00 €/KG","img":"https://fd5-photos.leclercdrive.fr/image.ashx?id=2603468&use=l&cat=p&typeid=i","cat":284491},{"id":42081,"n":"Gaufrette wafers Balconi Noisette multi - 225g","p":1.51,"u":"6,71 €/KG","img":"https://fd5-photos.leclercdrive.fr/image.ashx?id=2854030&use=l&cat=p&typeid=i","cat":284488},{"id":42113,"n":"Haché de porc Férial Façon bouchère - x2 - 220g","p":2.69,"u":"12,23 €/KG","img":"https://fd5-photos.leclercdrive.fr/image.ashx?id=2946469&use=l&cat=p&typeid=i","cat":284332},{"id":42121,"n":"Jus de carotte Gayelord Hauser - 75cl","p":3.15,"u":"4,20 €/L","img":"https://fd5-photos.leclercdrive.fr/image.ashx?id=2923783&use=l&cat=p&typeid=i","cat":284523},{"id":42140,"n":"Sirop La Maison Guiot Grenadine - 70cl","p":3.06,"u":"4,37 €/L","img":"https://fd5-photos.leclercdrive.fr/image.ashx?id=2857195&use=l&cat=p&typeid=i","cat":295020},{"id":42188,"n":"Fromage fouetté Madame Loïk Échalote Ciboulette - 275g","p":2.65,"u":"9,64 €/KG","img":"https://fd5-photos.leclercdrive.fr/image.ashx?id=2774616&use=l&cat=p&typeid=i","cat":314029},{"id":42218,"n":"Bloc WC Bref Power  Activ'Océan toilettes - 50g x1","p":1.32,"u":"26,40 €/KG","img":"https://fd5-photos.leclercdrive.fr/image.ashx?id=2789802&use=l&cat=p&typeid=i","cat":284662},{"id":42226,"n":"Emincés de Poulet Roti Père Dod  Nature - 200g","p":2.97,"u":"14,85 €/KG","img":"https://fd5-photos.leclercdrive.fr/image.ashx?id=2957089&use=l&cat=p&typeid=i","cat":316011},{"id":42228,"n":"Emincés de Poulet Roti Père Dod  Curry - 200g","p":2.97,"u":"14,85 €/KG","img":"https://fd5-photos.leclercdrive.fr/image.ashx?id=2957092&use=l&cat=p&typeid=i","cat":316011},{"id":42235,"n":"Galette Tipiak Jambon/fromage - 2x125g","p":2.97,"u":"11,88 €/KG","img":"https://fd5-photos.leclercdrive.fr/image.ashx?id=2819334&use=l&cat=p&typeid=i","cat":319776},{"id":42292,"n":"Vinaigrette allégée Eco + Nature - 1L","p":1.02,"u":"1,02 €/L","img":"https://fd5-photos.leclercdrive.fr/image.ashx?id=2900516&use=l&cat=p&typeid=i","cat":284456},{"id":42297,"n":"Sauce caesar Rustica 50cl","p":2.59,"u":"5,18 €/L","img":"https://fd5-photos.leclercdrive.fr/image.ashx?id=1972928&use=l&cat=p&typeid=i","cat":284456},{"id":42325,"n":"Spray Nettoyant Menager Cif  Antibacterien - 750 ml","p":2.29,"u":"3,05 €/L","img":"https://fd5-photos.leclercdrive.fr/image.ashx?id=2813540&use=l&cat=p&typeid=i","cat":325357},{"id":42331,"n":"Saucisses Knacki Herta Poulet x10 - 350g","p":1.53,"u":"4,37 €/KG","img":"https://fd5-photos.leclercdrive.fr/image.ashx?id=2290431&use=l&cat=p&typeid=i","cat":316012},{"id":42341,"n":"Compotes Pom'Potes Gourdes  Multivariétés Inédits - 12x90g","p":5.59,"u":"5,18 €/KG","img":"https://fd5-photos.leclercdrive.fr/image.ashx?id=2864309&use=l&cat=p&typeid=i","cat":284508},{"id":42357,"n":"Mimolette fruitée saveurs en or 190g","p":3.3,"u":"17,37 €/KG","img":"https://fd5-photos.leclercdrive.fr/image.ashx?id=2659157&use=l&cat=p&typeid=i","cat":314034},{"id":42426,"n":"Lingettes Vanish  Anti-décoloration - x30","p":5.37,"img":"https://fd5-photos.leclercdrive.fr/image.ashx?id=2224145&use=l&cat=p&typeid=i","cat":290450},{"id":42428,"n":"Pains au chocolat Pasquier x8 - 360g","p":2.2,"u":"6,11 €/KG","img":"https://fd5-photos.leclercdrive.fr/image.ashx?id=2863446&use=l&cat=p&typeid=i","cat":296366},{"id":42433,"n":"Olives Noires Confites Tramier  Dénoyautées 250g","p":2.92,"u":"11,68 €/KG","img":"https://fd5-photos.leclercdrive.fr/image.ashx?id=2840820&use=l&cat=p&typeid=i","cat":284458},{"id":42460,"n":"Olives vertes entières Eco + 400g","p":1.07,"u":"2,68 €/KG","img":"https://fd5-photos.leclercdrive.fr/image.ashx?id=2609261&use=l&cat=p&typeid=i","cat":284458},{"id":42505,"n":"Crème dessert Mont Blanc Boîte Caramel - 570g","p":2.3,"u":"4,04 €/KG","img":"https://fd5-photos.leclercdrive.fr/image.ashx?id=3011599&use=l&cat=p&typeid=i","cat":284506},{"id":42506,"n":"Crème dessert Mont Blanc Riz au lait Vanille - 570g","p":2.55,"u":"4,47 €/KG","img":"https://fd5-photos.leclercdrive.fr/image.ashx?id=2838392&use=l&cat=p&typeid=i","cat":284506},{"id":42508,"n":"Cookies Nestlé Dessert Pépites de chocolat - 351g","p":3.97,"u":"11,31 €/KG","img":"https://fd5-photos.leclercdrive.fr/image.ashx?id=2848382&use=l&cat=p&typeid=i","cat":284505},{"id":42516,"n":"Préparation Francine Pâte à pizza - 520g","p":1.5,"u":"2,88 €/KG","img":"https://fd5-photos.leclercdrive.fr/image.ashx?id=2989123&use=l&cat=p&typeid=i","cat":284503},{"id":42560,"n":"Jus innocent ananas passion 900ml","p":2.63,"u":"2,92 €/L","img":"https://fd5-photos.leclercdrive.fr/image.ashx?id=2861740&use=l&cat=p&typeid=i","cat":285435},{"id":42563,"n":"Boisson végétale lait d'amande bio bjorg sans sucre - 1l","p":1.65,"u":"1,65 €/L","img":"https://fd5-photos.leclercdrive.fr/image.ashx?id=2939415&use=l&cat=p&typeid=i","cat":316067},{"id":42565,"n":"Vinaigre blanc d'alcool Eco +  - 1,5L","p":0.6,"u":"0,40 €/L","img":"https://fd5-photos.leclercdrive.fr/image.ashx?id=2834996&use=l&cat=p&typeid=i","cat":298543},{"id":42624,"n":"Pâtes coudes rayés Panzani 1kg","p":2.05,"u":"2,05 €/KG","img":"https://fd5-photos.leclercdrive.fr/image.ashx?id=2876029&use=l&cat=p&typeid=i","cat":284427},{"id":42628,"n":"Chips Bret's Fromage du Jura - 125g","p":1.07,"u":"8,56 €/KG","img":"https://fd5-photos.leclercdrive.fr/image.ashx?id=1916976&use=l&cat=p&typeid=i","cat":284447},{"id":42646,"n":"Lingettes lait Demak'up Peaux normales 2x25","p":4.95,"u":"0,10 €/P","img":"https://fd5-photos.leclercdrive.fr/image.ashx?id=2999880&use=l&cat=p&typeid=i","cat":284603},{"id":42649,"n":"Crème douche Manava Surgras - 250ml","p":0.94,"u":"3,76 €/L","img":"https://fd5-photos.leclercdrive.fr/image.ashx?id=2456147&use=l&cat=p&typeid=i","cat":284594},{"id":42655,"n":"Huile merveilleuse Garnier Huile d'argan & camélia - 150ml","p":6.23,"u":"41,53 €/L","img":"https://fd5-photos.leclercdrive.fr/image.ashx?id=2661730&use=l&cat=p&typeid=i","cat":284608},{"id":42665,"n":"Gel shampooing douche Fa Men Extreme cool flacon - 250ml","p":1.41,"u":"5,64 €/L","img":"https://fd5-photos.leclercdrive.fr/image.ashx?id=2995094&use=l&cat=p&typeid=i","cat":284621},{"id":42667,"n":"Soin de jour L'Oréal Paris Revitalift Anti-Âge - 50ml","p":13.97,"u":"279,40 €/L","img":"https://fd5-photos.leclercdrive.fr/image.ashx?id=2921876&use=l&cat=p&typeid=i","cat":325345},{"id":42677,"n":"Soin cheveux nutrition Dessange Cheveux secs - 100ml","p":5.36,"u":"53,60 €/L","img":"https://fd5-photos.leclercdrive.fr/image.ashx?id=2400969&use=l&cat=p&typeid=i","cat":284608},{"id":42678,"n":"Huile Cheveux Extrême Dessange Cheuveux abîmés - 100ml","p":6.0,"u":"60,00 €/L","img":"https://fd5-photos.leclercdrive.fr/image.ashx?id=2851099&use=l&cat=p&typeid=i","cat":284608},{"id":42681,"n":"Mozzarella Tradizioni d'Italia Di Bufala Campana AOP - 200g","p":3.31,"u":"16,55 €/KG","img":"https://fd5-photos.leclercdrive.fr/image.ashx?id=2954190&use=l&cat=p&typeid=i","cat":314026},{"id":42682,"n":"Parmigiano Tradizioni d'Italia Reggiano AOP 30 mois - 200g","p":5.99,"u":"29,95 €/KG","img":"https://fd5-photos.leclercdrive.fr/image.ashx?id=2661963&use=l&cat=p&typeid=i","cat":314034},{"id":42703,"n":"P'tit Basque Istara Fromage de brebis - 220g","p":5.27,"u":"23,95 €/KG","img":"https://fd5-photos.leclercdrive.fr/image.ashx?id=2759876&use=l&cat=p&typeid=i","cat":329184},{"id":42722,"n":"Tablette de chocolat Côte d'Or Noir praliné - 2x200g","p":6.68,"u":"16,70 €/KG","img":"https://fd5-photos.leclercdrive.fr/image.ashx?id=2941937&use=l&cat=p&typeid=i","cat":284956},{"id":42757,"n":"Emmental rapé Eco + 30% MG - 500g","p":3.7,"u":"7,40 €/KG","img":"https://fd5-photos.leclercdrive.fr/image.ashx?id=2942172&use=l&cat=p&typeid=i","cat":314035},{"id":42789,"n":"Cheddar Les Croisés 32% MG Tranchettes - 200g","p":2.64,"u":"13,20 €/KG","img":"https://fd5-photos.leclercdrive.fr/image.ashx?id=2796064&use=l&cat=p&typeid=i","cat":314028},{"id":42798,"n":"Miel de fleurs d'Oranger Nid d'Abeille - 250g","p":2.99,"u":"11,96 €/KG","img":"https://fd5-photos.leclercdrive.fr/image.ashx?id=2434242&use=l&cat=p&typeid=i","cat":287643},{"id":42800,"n":"Vodka Smirnoff Ice 4D 4%vol - 70cl","p":3.15,"pp":2.52,"u":"3,60 €/L","img":"https://fd5-photos.leclercdrive.fr/image.ashx?id=2111082&use=l&cat=p&typeid=i","cat":284550},{"id":42826,"n":"Nettoyant vitre cristal Clair 750 ml","p":1.75,"u":"2,33 €/L","img":"https://fd5-photos.leclercdrive.fr/image.ashx?id=1647715&use=l&cat=p&typeid=i","cat":325363},{"id":42846,"n":"Cacahuètes Menguy's Grillées et salées - 800g","p":5.5,"u":"6,88 €/KG","img":"https://fd5-photos.leclercdrive.fr/image.ashx?id=2979800&use=l&cat=p&typeid=i","cat":284448},{"id":42847,"n":"Pop corn salé Menguy's Micro-ondes - 3x90g","p":1.65,"u":"6,11 €/KG","img":"https://fd5-photos.leclercdrive.fr/image.ashx?id=2966023&use=l&cat=p&typeid=i","cat":284449},{"id":42873,"n":"Jus innocent orange carotte 900ml","p":2.75,"u":"3,06 €/L","img":"https://fd5-photos.leclercdrive.fr/image.ashx?id=2892217&use=l&cat=p&typeid=i","cat":285435},{"id":42874,"n":"Jus innocent poire pêche 900ml","p":2.78,"u":"3,09 €/L","img":"https://fd5-photos.leclercdrive.fr/image.ashx?id=2893000&use=l&cat=p&typeid=i","cat":285435},{"id":42876,"n":"Jus innocent pomme mangue 900ml","p":2.7,"u":"3,00 €/L","img":"https://fd5-photos.leclercdrive.fr/image.ashx?id=2892220&use=l&cat=p&typeid=i","cat":285435},{"id":42965,"n":"Pepites de chocolat au lait Tablier Blanc - 100g","p":2.03,"u":"20,30 €/KG","img":"https://fd5-photos.leclercdrive.fr/image.ashx?id=2723141&use=l&cat=p&typeid=i","cat":284504},{"id":42992,"n":"Tortillas chips Tokapi Fromage - 150g","p":0.99,"u":"6,60 €/KG","img":"https://fd5-photos.leclercdrive.fr/image.ashx?id=2647961&use=l&cat=p&typeid=i","cat":287899},{"id":43006,"n":"Colorants alimentaires  Tablier Blanc - 3x6ml","p":1.24,"u":"68,89 €/L","img":"https://fd5-photos.leclercdrive.fr/image.ashx?id=2487470&use=l&cat=p&typeid=i","cat":284504},{"id":43019,"n":"Biscuits animaux P'tit Déli Nappés chocolat lait - 225g","p":1.64,"u":"7,29 €/KG","img":"https://fd5-photos.leclercdrive.fr/image.ashx?id=2529602&use=l&cat=p&typeid=i","cat":284488},{"id":43049,"n":"Steak haché charolais Férial  15%mg x4 - 400g","p":6.39,"u":"15,98 €/KG","img":"https://fd5-photos.leclercdrive.fr/image.ashx?id=2823762&use=l&cat=p&typeid=i","cat":319778},{"id":43151,"n":"Rasoir jetable Wilkinson Xtreme3 Ultimate x8","p":8.99,"u":"1,12 €/P","img":"https://fd5-photos.leclercdrive.fr/image.ashx?id=2215179&use=l&cat=p&typeid=i","cat":284616},{"id":43152,"n":"Culottes Drynites Huggies Garçon - 3-5 ans x16","p":11.87,"u":"0,74 €/P","img":"https://fd5-photos.leclercdrive.fr/image.ashx?id=2844712&use=l&cat=p&typeid=i","cat":290633},{"id":43197,"n":"Tartine Grilletine de Pasquier Briochées - x18 - 242g","p":1.71,"u":"7,07 €/KG","img":"https://fd5-photos.leclercdrive.fr/image.ashx?id=2333054&use=l&cat=p&typeid=i","cat":284479},{"id":43218,"n":"Pains au lait Pasquier x20 - 700g","p":2.61,"u":"3,73 €/KG","img":"https://fd5-photos.leclercdrive.fr/image.ashx?id=2609315&use=l&cat=p&typeid=i","cat":293505},{"id":43237,"n":"Lotion démaquillante Inell Douceur yeux - 150ml","p":1.6,"u":"10,67 €/L","img":"https://fd5-photos.leclercdrive.fr/image.ashx?id=1993197&use=l&cat=p&typeid=i","cat":284603},{"id":43246,"n":"Nouilles de Savoie NRT 250g","p":1.19,"u":"4,76 €/KG","img":"https://fd5-photos.leclercdrive.fr/image.ashx?id=1279225&use=l&cat=p&typeid=i","cat":284427},{"id":43247,"n":"Tuiles apéritives Tokapi Poulet braisé - 170g","p":1.55,"u":"9,12 €/KG","img":"https://fd5-photos.leclercdrive.fr/image.ashx?id=2815752&use=l&cat=p&typeid=i","cat":287899},{"id":43266,"n":"Formule boost Daco Bello Fruits secs - 200g","p":3.6,"u":"18,00 €/KG","img":"https://fd5-photos.leclercdrive.fr/image.ashx?id=2576955&use=l&cat=p&typeid=i","cat":284357},{"id":43270,"n":"Formule éclat Daco Bello Goji - 200g","p":3.24,"u":"16,20 €/KG","img":"https://fd5-photos.leclercdrive.fr/image.ashx?id=2292901&use=l&cat=p&typeid=i","cat":316002},{"id":43271,"n":"Formule pep's Daco Bello Physalis - 200g","p":3.94,"u":"19,70 €/KG","img":"https://fd5-photos.leclercdrive.fr/image.ashx?id=2292877&use=l&cat=p&typeid=i","cat":284357},{"id":43279,"n":"Sorbet plein fruit L'Angelys Framboise - 500g","p":5.13,"u":"10,26 €/KG","img":"https://fd5-photos.leclercdrive.fr/image.ashx?id=2963556&use=l&cat=p&typeid=i","cat":284263},{"id":43286,"n":"Masque tissu Inell apaisant Hydratant x1","p":0.99,"img":"https://fd5-photos.leclercdrive.fr/image.ashx?id=2691667&use=l&cat=p&typeid=i","cat":325346},{"id":43287,"n":"Dentifrice Dentamyl Blancheur extrême - 75ml","p":0.95,"u":"12,67 €/L","img":"https://fd5-photos.leclercdrive.fr/image.ashx?id=2613837&use=l&cat=p&typeid=i","cat":284612},{"id":43292,"n":"Gel peau nette Inell Imperfection - 200ml","p":3.25,"u":"16,25 €/L","img":"https://fd5-photos.leclercdrive.fr/image.ashx?id=2078353&use=l&cat=p&typeid=i","cat":284603},{"id":43293,"n":"Lotion nettoyante Inell 200ml","p":3.29,"u":"16,45 €/L","img":"https://fd5-photos.leclercdrive.fr/image.ashx?id=2691670&use=l&cat=p&typeid=i","cat":284603},{"id":43303,"n":"Panna Cotta Fruits rouges Rians 2x120g","p":2.55,"u":"10,63 €/KG","img":"https://fd5-photos.leclercdrive.fr/image.ashx?id=2555412&use=l&cat=p&typeid=i","cat":284419},{"id":43304,"n":"Semoule au lait La Laitière Nature - 4x115g","p":1.83,"u":"3,98 €/KG","img":"https://fd5-photos.leclercdrive.fr/image.ashx?id=2686543&use=l&cat=p&typeid=i","cat":284418},{"id":43309,"n":"Dessert végétal Sojasun  Chocolat - 6x100g","p":2.25,"u":"3,75 €/KG","img":"https://fd5-photos.leclercdrive.fr/image.ashx?id=2355692&use=l&cat=p&typeid=i","cat":316071},{"id":43341,"n":"Thon mariné Petit Navire Basilic - 110g","p":1.94,"u":"17,64 €/KG","img":"https://fd5-photos.leclercdrive.fr/image.ashx?id=2542965&use=l&cat=p&typeid=i","cat":303867},{"id":43349,"n":"Laurier feuille entière Ducros 17g","p":1.52,"u":"89,41 €/KG","img":"https://fd5-photos.leclercdrive.fr/image.ashx?id=2486566&use=l&cat=p&typeid=i","cat":298297},{"id":43350,"n":"Coriandre en feuilles Ducros 7g","p":1.47,"u":"210,00 €/KG","img":"https://fd5-photos.leclercdrive.fr/image.ashx?id=2486584&use=l&cat=p&typeid=i","cat":298297},{"id":43371,"n":"AOC Saint-Nicolas-de-Bourgueil vin rouge Les Caractères - 75cl","p":4.99,"u":"6,65 €/L","img":"https://fd5-photos.leclercdrive.fr/image.ashx?id=2894734&use=l&cat=p&typeid=i","cat":289556},{"id":43374,"n":"AOC Bordeaux BIO vin rouge Chantet Blanet - 75cl","p":4.75,"u":"6,33 €/L","img":"https://fd5-photos.leclercdrive.fr/image.ashx?id=2750174&use=l&cat=p&typeid=i","cat":289556},{"id":43381,"n":"Dessert liégeois Viennois  Chocolat - 12x100g","p":3.9,"u":"3,25 €/KG","img":"https://fd5-photos.leclercdrive.fr/image.ashx?id=2875987&use=l&cat=p&typeid=i","cat":285042},{"id":43398,"n":"Fusilli Tradizioni d'Italia N°140 - 500g","p":1.52,"u":"3,04 €/KG","img":"https://fd5-photos.leclercdrive.fr/image.ashx?id=2657307&use=l&cat=p&typeid=i","cat":284427},{"id":43403,"n":"Orechiette Tradizioni d'Italia N°292 - 500g","p":1.59,"u":"3,18 €/KG","img":"https://fd5-photos.leclercdrive.fr/image.ashx?id=2699507&use=l&cat=p&typeid=i","cat":284427},{"id":43409,"n":"AOP Côtes de Bergerac moelleux Terrasses d'Autan - 75cl","p":5.19,"u":"6,92 €/L","img":"https://fd5-photos.leclercdrive.fr/image.ashx?id=2929873&use=l&cat=p&typeid=i","cat":289557},{"id":43417,"n":"IGP Pays d'Oc blanc Roche Mazet Chardonnay 12.5% vol - 75cl","p":3.45,"u":"4,60 €/L","img":"https://fd5-photos.leclercdrive.fr/image.ashx?id=2991945&use=l&cat=p&typeid=i","cat":289557},{"id":43509,"n":"Ktipiti Tables du Monde 200g","p":1.55,"u":"7,75 €/KG","img":"https://fd5-photos.leclercdrive.fr/image.ashx?id=2872448&use=l&cat=p&typeid=i","cat":315999},{"id":43602,"n":"Jus d'orange Jafaden Avec pulpe - 1.5L","p":3.39,"u":"2,26 €/L","img":"https://fd5-photos.leclercdrive.fr/image.ashx?id=2723144&use=l&cat=p&typeid=i","cat":285435},{"id":43605,"n":"Jus de clémentine Jafaden  1.5L","p":2.99,"u":"1,99 €/L","img":"https://fd5-photos.leclercdrive.fr/image.ashx?id=2723150&use=l&cat=p&typeid=i","cat":285435},{"id":43618,"n":"Flocons d'avoine Quaker Oats 550g","p":1.71,"u":"3,11 €/KG","img":"https://fd5-photos.leclercdrive.fr/image.ashx?id=2140656&use=l&cat=p&typeid=i","cat":309512},{"id":43619,"n":"AOC Blaye Côtes de Bordeaux vin rouge Chantet Blanet - 75cl","p":3.8,"u":"5,07 €/L","img":"https://fd5-photos.leclercdrive.fr/image.ashx?id=2727395&use=l&cat=p&typeid=i","cat":289556},{"id":43669,"n":"AOC Puisseguin Saint-Émilion vin rouge Chantet Blanet - 75cl","p":6.49,"u":"8,65 €/L","img":"https://fd5-photos.leclercdrive.fr/image.ashx?id=2783431&use=l&cat=p&typeid=i","cat":289556},{"id":43693,"n":"Couches Mots d'Enfants Activ+ T3 : 4/9kg - x47 changes","p":14.35,"u":"0,31 €/P","img":"https://fd5-photos.leclercdrive.fr/image.ashx?id=2699486&use=l&cat=p&typeid=i","cat":284737},{"id":43707,"n":"Laque Ultra-Forte L'Oréal Paris Thermoprotecteur - 150ml","p":5.15,"u":"34,33 €/L","img":"https://fd5-photos.leclercdrive.fr/image.ashx?id=2582237&use=l&cat=p&typeid=i","cat":284609},{"id":43719,"n":"Croquettes chat Whiskas Stérilisé poulet - 1.75kg","p":5.22,"u":"2,98 €/KG","img":"https://fd5-photos.leclercdrive.fr/image.ashx?id=2952872&use=l&cat=p&typeid=i","cat":284680},{"id":43758,"n":"AOP Brouilly vin rouge Antoine Barrier - 75cl","p":6.79,"u":"9,05 €/L","img":"https://fd5-photos.leclercdrive.fr/image.ashx?id=3004552&use=l&cat=p&typeid=i","cat":289556},{"id":43760,"n":"Biscuits fourrés Prince Vanille - 300g","p":1.42,"u":"4,73 €/KG","img":"https://fd5-photos.leclercdrive.fr/image.ashx?id=2907695&use=l&cat=p&typeid=i","cat":284488},{"id":43769,"n":"Préservatifs Skyn Manix Original - x10","p":7.75,"img":"https://fd5-photos.leclercdrive.fr/image.ashx?id=2928810&use=l&cat=p&typeid=i","cat":284631},{"id":43770,"n":"Après-shampooing Vitanov Nutrition - 750ml","p":4.08,"u":"5,44 €/L","img":"https://fd5-photos.leclercdrive.fr/image.ashx?id=1923583&use=l&cat=p&typeid=i","cat":284607},{"id":43771,"n":"Spray démelant  200ml","p":2.55,"u":"12,75 €/L","img":"https://fd5-photos.leclercdrive.fr/image.ashx?id=2712986&use=l&cat=p&typeid=i","cat":284608},{"id":43845,"n":"Friandises chats Tous mes amis Sticks au Saumon  - 3x5g - 15g","p":0.56,"u":"37,33 €/KG","img":"https://fd5-photos.leclercdrive.fr/image.ashx?id=802043&use=l&cat=p&typeid=i","cat":285285},{"id":43924,"n":"AOP Vin blanc italien  Prosecco Vilaveroni 75cl","p":7.2,"u":"9,60 €/L","img":"https://fd5-photos.leclercdrive.fr/image.ashx?id=2492351&use=l&cat=p&typeid=i","cat":289461},{"id":43930,"n":"Vin mousseux blanc Festillant Sans alcool - 75cl","p":3.47,"u":"4,63 €/L","img":"https://fd5-photos.leclercdrive.fr/image.ashx?id=2980899&use=l&cat=p&typeid=i","cat":289460},{"id":43943,"n":"Champagne Cordon rouge Mumm Millésime - 75cl","p":37.95,"pp":34.95,"u":"46,60 €/L","img":"https://fd5-photos.leclercdrive.fr/image.ashx?id=2953758&use=l&cat=p&typeid=i","cat":284542},{"id":43944,"n":"Champagne rosé G.H. Mumm Brut - 12%vol - 75cl","p":35.9,"pp":32.9,"u":"43,87 €/L","img":"https://fd5-photos.leclercdrive.fr/image.ashx?id=2998913&use=l&cat=p&typeid=i","cat":284542},{"id":43949,"n":"Vin mousseux blanc Paul Robin  Prestige - 75cl","p":15.78,"u":"21,04 €/L","img":"https://fd5-photos.leclercdrive.fr/image.ashx?id=1609160&use=l&cat=p&typeid=i","cat":289557},{"id":43950,"n":"Vin mousseux Paul Robin Rosé brut 75cl","p":16.14,"u":"21,52 €/L","img":"https://fd5-photos.leclercdrive.fr/image.ashx?id=2183574&use=l&cat=p&typeid=i","cat":284544},{"id":44016,"n":"Bocal Morilles extra séchées   Borde - 25g","p":14.99,"pp":9.89,"u":"395,60 €/KG","img":"https://fd5-photos.leclercdrive.fr/image.ashx?id=2731081&use=l&cat=p&typeid=i","cat":284352},{"id":44057,"n":"Soufflés Tornades 3D Goût emmental - 85g","p":0.72,"u":"8,47 €/KG","img":"https://fd5-photos.leclercdrive.fr/image.ashx?id=2900139&use=l&cat=p&typeid=i","cat":284449},{"id":44071,"n":"Boudins blancs Bahier Truffe x3 - 375g","p":3.79,"u":"10,11 €/KG","img":"https://fd5-photos.leclercdrive.fr/image.ashx?id=2967016&use=l&cat=p&typeid=i","cat":316012},{"id":44081,"n":"Eau aromatisée Volvic Juicy Fraise - 1,5L","p":1.31,"u":"0,87 €/L","img":"https://fd5-photos.leclercdrive.fr/image.ashx?id=2964664&use=l&cat=p&typeid=i","cat":284537},{"id":44083,"n":"Eau gazeuse  Badoit verte finement pétillante - 6x1l","p":3.5,"u":"0,58 €/L","img":"https://fd5-photos.leclercdrive.fr/image.ashx?id=2919259&use=l&cat=p&typeid=i","cat":284536},{"id":44085,"n":"Petit quatre quarts Bonne Maman x10 - 300g","p":2.79,"u":"9,30 €/KG","img":"https://fd5-photos.leclercdrive.fr/image.ashx?id=2936149&use=l&cat=p&typeid=i","cat":284492},{"id":44090,"n":"AOP Monbazillac vin blanc Moelleux Terrasses d'Autan-75cl","p":6.99,"u":"9,32 €/L","img":"https://fd5-photos.leclercdrive.fr/image.ashx?id=2756873&use=l&cat=p&typeid=i","cat":289557},{"id":44091,"n":"AOC Côtes du Rhône Villages vin rouge Rives & Terrasses - 75cl","p":3.89,"u":"5,19 €/L","img":"https://fd5-photos.leclercdrive.fr/image.ashx?id=2755064&use=l&cat=p&typeid=i","cat":289556},{"id":44095,"n":"Bière blonde Leffe 6,6% - 75cl","p":2.4,"u":"3,20 €/L","img":"https://fd5-photos.leclercdrive.fr/image.ashx?id=1720789&use=l&cat=p&typeid=i","cat":334852},{"id":44097,"n":"Quinoa 500g","p":2.84,"u":"5,68 €/KG","img":"https://fd5-photos.leclercdrive.fr/image.ashx?id=3012845&use=l&cat=p&typeid=i","cat":284429},{"id":44171,"n":"6 wraps de blé nature 370g","p":1.99,"u":"5,38 €/KG","img":"https://fd5-photos.leclercdrive.fr/image.ashx?id=2679741&use=l&cat=p&typeid=i","cat":288993},{"id":44179,"n":"Sachets détachants Texil Anti-transferts - x12","p":4.44,"u":"0,37 €/P","img":"https://fd5-photos.leclercdrive.fr/image.ashx?id=2958741&use=l&cat=p&typeid=i","cat":284651},{"id":44184,"n":"Kit fajitas Old El Paso Original doux - 500g","p":4.73,"u":"9,46 €/KG","img":"https://fd5-photos.leclercdrive.fr/image.ashx?id=2940576&use=l&cat=p&typeid=i","cat":288993},{"id":44185,"n":"Kit Burritos Old El Paso Original paprika doux - 510g","p":5.05,"u":"9,90 €/KG","img":"https://fd5-photos.leclercdrive.fr/image.ashx?id=2940579&use=l&cat=p&typeid=i","cat":288993},{"id":44186,"n":"Kit Enchiladas Old El Paso au four doux - 657g","p":4.81,"u":"7,32 €/KG","img":"https://fd5-photos.leclercdrive.fr/image.ashx?id=2759502&use=l&cat=p&typeid=i","cat":288993},{"id":44194,"n":"Confiture de lait Bonne Maman 380g","p":2.95,"u":"7,76 €/KG","img":"https://fd5-photos.leclercdrive.fr/image.ashx?id=2785430&use=l&cat=p&typeid=i","cat":284480},{"id":44197,"n":"Couches Activ+ Mots d'Enfants T4 : 7/18kg - x39 changes","p":12.89,"u":"0,33 €/P","img":"https://fd5-photos.leclercdrive.fr/image.ashx?id=2699489&use=l&cat=p&typeid=i","cat":284737},{"id":44278,"n":"Ravioli bolognaise Panzani - 400g","p":2.39,"u":"5,98 €/KG","img":"https://fd5-photos.leclercdrive.fr/image.ashx?id=2876059&use=l&cat=p&typeid=i","cat":284442},{"id":44279,"n":"Fromage apéritif Apericube Panier de campagne 24 cubes","p":2.31,"u":"18,48 €/KG","img":"https://fd5-photos.leclercdrive.fr/image.ashx?id=2882656&use=l&cat=p&typeid=i","cat":314027},{"id":44285,"n":"Thon cuisiné Saupiquet  sauce catalane 1/6 2x135g","p":2.22,"u":"8,22 €/KG","img":"https://fd5-photos.leclercdrive.fr/image.ashx?id=2731549&use=l&cat=p&typeid=i","cat":303867},{"id":44293,"n":"Emmental râpé  Entremont  français 160g","p":1.78,"u":"11,13 €/KG","img":"https://fd5-photos.leclercdrive.fr/image.ashx?id=2983153&use=l&cat=p&typeid=i","cat":314035},{"id":44296,"n":"Fromage Rouy 25%mg - 200g","p":3.22,"u":"16,10 €/KG","img":"https://fd5-photos.leclercdrive.fr/image.ashx?id=2450814&use=l&cat=p&typeid=i","cat":329558},{"id":44298,"n":"L'Ortolan familial  Fromagerie Milleret-  330g","p":3.19,"u":"9,67 €/KG","img":"https://fd5-photos.leclercdrive.fr/image.ashx?id=2226400&use=l&cat=p&typeid=i","cat":314033},{"id":44307,"n":"Fromage Tomme noire NRT IGP  des Pyrénées - 200g","p":2.45,"u":"12,25 €/KG","img":"https://fd5-photos.leclercdrive.fr/image.ashx?id=2849596&use=l&cat=p&typeid=i","cat":329184},{"id":44327,"n":"Vin Union Européenne rosé Le Tonnelier - BIB 5L","p":8.95,"u":"1,79 €/L","img":"https://fd5-photos.leclercdrive.fr/image.ashx?id=2107474&use=l&cat=p&typeid=i","cat":289560},{"id":44330,"n":"IGP Pays d'Oc blanc Roche Mazet Chardonnay 12% vol BIB 3L","p":10.55,"u":"3,52 €/L","img":"https://fd5-photos.leclercdrive.fr/image.ashx?id=2597130&use=l&cat=p&typeid=i","cat":289557},{"id":44336,"n":"Savon Noir liquide Briochin Ecocert - 1L","p":2.48,"u":"2,48 €/L","img":"https://fd5-photos.leclercdrive.fr/image.ashx?id=3011389&use=l&cat=p&typeid=i","cat":325365},{"id":44340,"n":"Cire cheveux Taft Effet mat tenue forte - 75ml","p":3.22,"u":"42,93 €/L","img":"https://fd5-photos.leclercdrive.fr/image.ashx?id=2410937&use=l&cat=p&typeid=i","cat":284609},{"id":44342,"n":"Eau de cologne Bien Etre  Verveine, Romarin - 250ml","p":4.44,"u":"17,76 €/L","img":"https://fd5-photos.leclercdrive.fr/image.ashx?id=2353668&use=l&cat=p&typeid=i","cat":291525},{"id":44356,"n":"Sauce Beurre citronné Gastromer 200g","p":1.29,"u":"6,45 €/KG","img":"https://fd5-photos.leclercdrive.fr/image.ashx?id=2504656&use=l&cat=p&typeid=i","cat":284382},{"id":44357,"n":"Sauce Hollandaise Gastromer Gastronomie de la mer - 200g","p":1.29,"u":"6,45 €/KG","img":"https://fd5-photos.leclercdrive.fr/image.ashx?id=2504659&use=l&cat=p&typeid=i","cat":284382},{"id":44361,"n":"Chocolat Pâtissier Nestlé Dessert : Noir - 205g","p":2.93,"u":"14,29 €/KG","img":"https://fd5-photos.leclercdrive.fr/image.ashx?id=2938920&use=l&cat=p&typeid=i","cat":285562},{"id":44368,"n":"Dentifrice mini voyage Dentamyl Haleine fraiche - 25ml","p":1.6,"u":"64,00 €/L","img":"https://fd5-photos.leclercdrive.fr/image.ashx?id=2658581&use=l&cat=p&typeid=i","cat":284612},{"id":44404,"n":"15 mini galettes Kauffer's Pomme de terre - 525g","p":3.95,"u":"7,52 €/KG","img":"https://fd5-photos.leclercdrive.fr/image.ashx?id=2977381&use=l&cat=p&typeid=i","cat":319792},{"id":44434,"n":"Nectar Bio Pressade Multifruits - 1,5L","p":2.16,"u":"1,44 €/L","img":"https://fd5-photos.leclercdrive.fr/image.ashx?id=2732533&use=l&cat=p&typeid=i","cat":284917},{"id":44437,"n":"AOC Buzet vin rouge Terrasses d'Autan - 75cl","p":3.99,"u":"5,32 €/L","img":"https://fd5-photos.leclercdrive.fr/image.ashx?id=2776567&use=l&cat=p&typeid=i","cat":289556},{"id":44572,"n":"AOC Bordeaux Supérieur vin rouge Chantet Blanet - 75cl","p":3.49,"u":"4,65 €/L","img":"https://fd5-photos.leclercdrive.fr/image.ashx?id=2776570&use=l&cat=p&typeid=i","cat":289556},{"id":44573,"n":"Lingettes tableau de bord TECH9 x25","p":3.14,"u":"0,13 €/P","img":"https://fd5-photos.leclercdrive.fr/image.ashx?id=2162441&use=l&cat=p&typeid=i","cat":298252},{"id":44574,"n":"Nettoyant textiles TECH9 Avec brosse - 400ml","p":4.59,"u":"11,48 €/L","img":"https://fd5-photos.leclercdrive.fr/image.ashx?id=1543900&use=l&cat=p&typeid=i","cat":298252},{"id":44575,"n":"Lingettes vitres TECH9 x25","p":2.75,"u":"0,11 €/P","img":"https://fd5-photos.leclercdrive.fr/image.ashx?id=2162444&use=l&cat=p&typeid=i","cat":298252},{"id":44736,"n":"Blanquette volaille Côté Table 900g","p":6.99,"u":"7,77 €/KG","img":"https://fd5-photos.leclercdrive.fr/image.ashx?id=2621934&use=l&cat=p&typeid=i","cat":284254},{"id":44746,"n":"Glace Mystère Extrême Vanille Meringue x4 308.6g","p":4.53,"u":"14,66 €/KG","img":"https://fd5-photos.leclercdrive.fr/image.ashx?id=2878375&use=l&cat=p&typeid=i","cat":284266},{"id":44767,"n":"Dés Gouda cumin Les Croisés 30%MG - 150g","p":1.95,"u":"13,00 €/KG","img":"https://fd5-photos.leclercdrive.fr/image.ashx?id=2532844&use=l&cat=p&typeid=i","cat":314027},{"id":44808,"n":"AOC Côtes du Rhône rouge BIO Rives & Terrasses - 75cl","p":3.99,"u":"5,32 €/L","img":"https://fd5-photos.leclercdrive.fr/image.ashx?id=2267373&use=l&cat=p&typeid=i","cat":289556},{"id":44865,"n":"Dessert fruits mixés Sojasun Abricot / Goyave - 4x100g","p":1.47,"u":"3,68 €/KG","img":"https://fd5-photos.leclercdrive.fr/image.ashx?id=2355668&use=l&cat=p&typeid=i","cat":316071},{"id":44871,"n":"Nettoyant plastique TECH9 Ecocert - 500ml","p":4.99,"u":"9,98 €/L","img":"https://fd5-photos.leclercdrive.fr/image.ashx?id=2536860&use=l&cat=p&typeid=i","cat":298252},{"id":44874,"n":"Nettoyant tissu moquette TECH9 Ecocert - 500ml","p":4.99,"u":"9,98 €/L","img":"https://fd5-photos.leclercdrive.fr/image.ashx?id=2536863&use=l&cat=p&typeid=i","cat":298252},{"id":44876,"n":"Nettoyant multi-usage TECH9 Ecocert - 500ml","p":3.4,"u":"6,80 €/L","img":"https://fd5-photos.leclercdrive.fr/image.ashx?id=2536866&use=l&cat=p&typeid=i","cat":298252},{"id":44877,"n":"Nettoyant jantes TECH9 Ecocert - 500ml","p":4.65,"u":"9,30 €/L","img":"https://fd5-photos.leclercdrive.fr/image.ashx?id=2536869&use=l&cat=p&typeid=i","cat":298252},{"id":44878,"n":"Shampooing carrosserie TECH9 Ecocert - 500ml","p":5.99,"u":"11,98 €/L","img":"https://fd5-photos.leclercdrive.fr/image.ashx?id=2536872&use=l&cat=p&typeid=i","cat":298252},{"id":44939,"n":"Mini gratins Côté Table Pomme de terre salardaise 400g","p":3.89,"u":"9,73 €/KG","img":"https://fd5-photos.leclercdrive.fr/image.ashx?id=2641289&use=l&cat=p&typeid=i","cat":319802},{"id":44941,"n":"Mini gratins Côté Table Pomme de terre Epinard  x4 480g","p":3.85,"u":"8,02 €/KG","img":"https://fd5-photos.leclercdrive.fr/image.ashx?id=2641286&use=l&cat=p&typeid=i","cat":319802},{"id":44953,"n":"Pâtes Sans gluten Barilla Spaghetti - 400g","p":1.8,"u":"4,50 €/KG","img":"https://fd5-photos.leclercdrive.fr/image.ashx?id=2647639&use=l&cat=p&typeid=i","cat":284427},{"id":44954,"n":"Pâtes Sans gluten Barilla Penne Rigate - 400g","p":1.78,"u":"4,45 €/KG","img":"https://fd5-photos.leclercdrive.fr/image.ashx?id=2975461&use=l&cat=p&typeid=i","cat":284427},{"id":44959,"n":"Lingettes démaquillantes Inell Eau micellaire x25","p":2.6,"u":"0,10 €/P","img":"https://fd5-photos.leclercdrive.fr/image.ashx?id=2764392&use=l&cat=p&typeid=i","cat":284603},{"id":44963,"n":"Stick lèvres Inell Miss pink - 1 pièce","p":1.69,"img":"https://fd5-photos.leclercdrive.fr/image.ashx?id=2691673&use=l&cat=p&typeid=i","cat":285485},{"id":44964,"n":"Alèses absorbantes Chorys 60x90cm - x16","p":6.99,"u":"0,44 €/P","img":"https://fd5-photos.leclercdrive.fr/image.ashx?id=2860076&use=l&cat=p&typeid=i","cat":284628},{"id":44976,"n":"Masque nourrisant Natéïs Cheveux secs ou abîmés - 300ml","p":2.63,"u":"8,77 €/L","img":"https://fd5-photos.leclercdrive.fr/image.ashx?id=2387340&use=l&cat=p&typeid=i","cat":284608},{"id":44977,"n":"Mousse nettoyante Inell Peaux sensibles 150ml","p":2.99,"u":"19,93 €/L","img":"https://fd5-photos.leclercdrive.fr/image.ashx?id=1993200&use=l&cat=p&typeid=i","cat":284603},{"id":44980,"n":"Gel lave-vaisselle Visior Classique x75 - 1,5L","p":4.75,"u":"3,17 €/L","img":"https://fd5-photos.leclercdrive.fr/image.ashx?id=2939061&use=l&cat=p&typeid=i","cat":284656},{"id":44982,"n":"Papier toilette Lotus Just.1 Rouleaux blancs - x6","p":3.65,"u":"0,61 €/P","img":"https://fd5-photos.leclercdrive.fr/image.ashx?id=2842915&use=l&cat=p&typeid=i","cat":284634},{"id":45014,"n":"AOC Touraine vin rouge Les Caractères - 75cl","p":4.49,"u":"5,99 €/L","img":"https://fd5-photos.leclercdrive.fr/image.ashx?id=2946187&use=l&cat=p&typeid=i","cat":289556},{"id":45015,"n":"Biscuits P'tit Déli Pépites de chocolat 300g","p":2.49,"u":"8,30 €/KG","img":"https://fd5-photos.leclercdrive.fr/image.ashx?id=2390425&use=l&cat=p&typeid=i","cat":284487},{"id":45024,"n":"AOC Mâcon Villages vin blanc Antoine Barrier - 75cl","p":7.49,"u":"9,99 €/L","img":"https://fd5-photos.leclercdrive.fr/image.ashx?id=2677104&use=l&cat=p&typeid=i","cat":289557},{"id":45029,"n":"AOP Vin blanc Muscadet Sèvre & Maine sur Lie - 75cl","p":4.19,"u":"5,59 €/L","img":"https://fd5-photos.leclercdrive.fr/image.ashx?id=2997949&use=l&cat=p&typeid=i","cat":289557},{"id":45033,"n":"AOC Côtes du Rhône vin blanc Rives & Terrasses - 75cl","p":3.99,"u":"5,32 €/L","img":"https://fd5-photos.leclercdrive.fr/image.ashx?id=2856326&use=l&cat=p&typeid=i","cat":289557},{"id":45035,"n":"AOP Alsace Riesling vin blanc Rebmann - 75 cl","p":4.85,"u":"6,47 €/L","img":"https://fd5-photos.leclercdrive.fr/image.ashx?id=2754213&use=l&cat=p&typeid=i","cat":289557},{"id":45036,"n":"AOC Alsace Riesling vin blanc Rebmann - 37,5 cl","p":3.25,"u":"8,67 €/L","img":"https://fd5-photos.leclercdrive.fr/image.ashx?id=2953407&use=l&cat=p&typeid=i","cat":289557},{"id":45038,"n":"AOP Côtes du Rhône vin rouge Grégoire XI - 75 cl","p":2.99,"u":"3,99 €/L","img":"https://fd5-photos.leclercdrive.fr/image.ashx?id=2928222&use=l&cat=p&typeid=i","cat":289556},{"id":45050,"n":"AOP Bourgogne Pinot noir vin rouge Antoine Barrier - 75cl","p":7.99,"u":"10,65 €/L","img":"https://fd5-photos.leclercdrive.fr/image.ashx?id=2694106&use=l&cat=p&typeid=i","cat":289556},{"id":45051,"n":"AOP Chablis vin blanc Antoine Barrier - 75cl","p":12.99,"u":"17,32 €/L","img":"https://fd5-photos.leclercdrive.fr/image.ashx?id=2741291&use=l&cat=p&typeid=i","cat":289557},{"id":45053,"n":"Soupe Velouté Régal Soupe Potiron fromage fondu 1L","p":2.36,"u":"2,36 €/L","img":"https://fd5-photos.leclercdrive.fr/image.ashx?id=2607572&use=l&cat=p&typeid=i","cat":284462},{"id":45055,"n":"Soupe velouté Régal Soupe Légumes du soleil 2x30cl","p":1.62,"u":"2,70 €/L","img":"https://fd5-photos.leclercdrive.fr/image.ashx?id=2054984&use=l&cat=p&typeid=i","cat":284462},{"id":45063,"n":"Biscuits sablés P'tit Déli Noix de coco - 120g","p":0.84,"u":"7,00 €/KG","img":"https://fd5-photos.leclercdrive.fr/image.ashx?id=2669750&use=l&cat=p&typeid=i","cat":284487},{"id":45066,"n":"Petits biscuits salés NRT D'Alsace - 200g","p":0.99,"u":"4,95 €/KG","img":"https://fd5-photos.leclercdrive.fr/image.ashx?id=1499668&use=l&cat=p&typeid=i","cat":297000},{"id":45068,"n":"Pâtes Sans gluten Barilla Coquillettes - 400g","p":1.78,"u":"4,45 €/KG","img":"https://fd5-photos.leclercdrive.fr/image.ashx?id=2976113&use=l&cat=p&typeid=i","cat":284427},{"id":45101,"n":"Carrés de soin Mots d'Enfants Bébés - x100","p":1.99,"u":"0,02 €/P","img":"https://fd5-photos.leclercdrive.fr/image.ashx?id=3014245&use=l&cat=p&typeid=i","cat":284739},{"id":45102,"n":"Culottes bébé Mots d'Enfants  T4 : 8/15kg - x22 changes","p":5.35,"u":"0,24 €/P","img":"https://fd5-photos.leclercdrive.fr/image.ashx?id=2907198&use=l&cat=p&typeid=i","cat":290633},{"id":45138,"n":"Biscuits Bio Bjorg complets P'tit nature - 200g","p":1.49,"u":"7,45 €/KG","img":"https://fd5-photos.leclercdrive.fr/image.ashx?id=2906157&use=l&cat=p&typeid=i","cat":284487},{"id":45145,"n":"Crème amande cuisine  Bjorg  Bio - 200ml","p":1.55,"u":"7,75 €/L","img":"https://fd5-photos.leclercdrive.fr/image.ashx?id=2851770&use=l&cat=p&typeid=i","cat":288383},{"id":45148,"n":"Boisson végétale épeautre noisette Bjorg Bio - 1L","p":2.38,"u":"2,38 €/L","img":"https://fd5-photos.leclercdrive.fr/image.ashx?id=2960804&use=l&cat=p&typeid=i","cat":316067},{"id":45149,"n":"Boisson végétale lait d'amande  chocolat bjorg bio - 1l","p":2.56,"u":"2,56 €/L","img":"https://fd5-photos.leclercdrive.fr/image.ashx?id=2939412&use=l&cat=p&typeid=i","cat":316067},{"id":45157,"n":"Boulghour Tunisienne Céréal Bio Bio repas express - 220g","p":1.82,"u":"8,27 €/KG","img":"https://fd5-photos.leclercdrive.fr/image.ashx?id=2574062&use=l&cat=p&typeid=i","cat":287600},{"id":45165,"n":"Pots soir bébé bio Babybio Légumes blé - 6 mois - 2x200g","p":2.64,"u":"6,60 €/KG","img":"https://fd5-photos.leclercdrive.fr/image.ashx?id=2827479&use=l&cat=p&typeid=i","cat":312239},{"id":45172,"n":"Chocolat noir Bio Ethiquable 72% Haïti - 100g","p":2.42,"u":"24,20 €/KG","img":"https://fd5-photos.leclercdrive.fr/image.ashx?id=2870914&use=l&cat=p&typeid=i","cat":284956},{"id":45193,"n":"Chocolat noir Bio Ethiquable  85% Madagascar - 100g","p":2.97,"u":"29,70 €/KG","img":"https://fd5-photos.leclercdrive.fr/image.ashx?id=2870881&use=l&cat=p&typeid=i","cat":284956},{"id":45194,"n":"Chocolat noir Bio Ethiquable  80% Equateur - 100g","p":2.63,"u":"26,30 €/KG","img":"https://fd5-photos.leclercdrive.fr/image.ashx?id=2870917&use=l&cat=p&typeid=i","cat":284956},{"id":45197,"n":"Quinoa boulghour  Céréal Bio  à l'Indienne bio -220g","p":2.22,"u":"10,09 €/KG","img":"https://fd5-photos.leclercdrive.fr/image.ashx?id=2574068&use=l&cat=p&typeid=i","cat":287600},{"id":45205,"n":"Biscuits fourrés Bio Bjorg  Chocolat lait noisette - 225g","p":3.78,"u":"16,80 €/KG","img":"https://fd5-photos.leclercdrive.fr/image.ashx?id=2970930&use=l&cat=p&typeid=i","cat":284488},{"id":45207,"n":"Biscuits Bio Bjorg Fourrés à la Vanille - 225g","p":3.71,"u":"16,49 €/KG","img":"https://fd5-photos.leclercdrive.fr/image.ashx?id=2912059&use=l&cat=p&typeid=i","cat":284489},{"id":45217,"n":"Galette  Céréal Bio  Bio riz légumes Colombo x2 200g","p":2.72,"u":"13,60 €/KG","img":"https://fd5-photos.leclercdrive.fr/image.ashx?id=2573510&use=l&cat=p&typeid=i","cat":284953},{"id":45227,"n":"Biscuits fourrés Bio Bjorg Citron - 225g","p":4.21,"u":"18,71 €/KG","img":"https://fd5-photos.leclercdrive.fr/image.ashx?id=2861527&use=l&cat=p&typeid=i","cat":284489},{"id":45244,"n":"boisson végétale lait d'amande  bio bjorg 1l","p":2.26,"u":"2,26 €/L","img":"https://fd5-photos.leclercdrive.fr/image.ashx?id=2967067&use=l&cat=p&typeid=i","cat":316067},{"id":45245,"n":"Boisson végétale lait d'amande  vanille bjorg bio - 1l","p":2.34,"u":"2,34 €/L","img":"https://fd5-photos.leclercdrive.fr/image.ashx?id=2991978&use=l&cat=p&typeid=i","cat":316067},{"id":45247,"n":"Maïs bio Géant Vert extra croquant - 2x140g","p":2.23,"u":"7,96 €/KG","img":"https://fd5-photos.leclercdrive.fr/image.ashx?id=2840545&use=l&cat=p&typeid=i","cat":312611},{"id":45250,"n":"Infusion bio Jardin Bio Tilleul Oranger - x20 - 30g","p":2.8,"u":"93,33 €/KG","img":"https://fd5-photos.leclercdrive.fr/image.ashx?id=2792657&use=l&cat=p&typeid=i","cat":293234},{"id":45254,"n":"Infusion Clipper Bio - Citron gingembre - 50g","p":2.07,"u":"41,40 €/KG","img":"https://fd5-photos.leclercdrive.fr/image.ashx?id=2909176&use=l&cat=p&typeid=i","cat":293234},{"id":45261,"n":"Orge riz rouge bio Céréal Bio  lentilles repas express-220g","p":1.79,"u":"7,16 €/KG","img":"https://fd5-photos.leclercdrive.fr/image.ashx?id=2574080&use=l&cat=p&typeid=i","cat":287600},{"id":45262,"n":"Orge pruneaux bio Céréal Bio  Marocain repas express-220g","p":2.15,"u":"9,77 €/KG","img":"https://fd5-photos.leclercdrive.fr/image.ashx?id=2575075&use=l&cat=p&typeid=i","cat":287600},{"id":45278,"n":"Purée potimarron Céréal Bio  lentilles bio-250g","p":1.78,"u":"7,12 €/KG","img":"https://fd5-photos.leclercdrive.fr/image.ashx?id=2574074&use=l&cat=p&typeid=i","cat":287600},{"id":45281,"n":"Riz cuisine Bio - Bjorg  20cl","p":1.35,"u":"6,75 €/L","img":"https://fd5-photos.leclercdrive.fr/image.ashx?id=2642411&use=l&cat=p&typeid=i","cat":316069},{"id":45294,"n":"Asperges blanches D'Aucy Grosses x2 410g","p":5.99,"u":"14,61 €/KG","img":"https://fd5-photos.leclercdrive.fr/image.ashx?id=2488854&use=l&cat=p&typeid=i","cat":312611},{"id":45319,"n":"Pineau blanc Charentes NRT  17% vol - 75cl","p":7.95,"u":"10,60 €/L","img":"https://fd5-photos.leclercdrive.fr/image.ashx?id=2562126&use=l&cat=p&typeid=i","cat":284913},{"id":45339,"n":"Tartine sarrasin Céréal Bio Bio - 145g","p":1.54,"u":"10,62 €/KG","img":"https://fd5-photos.leclercdrive.fr/image.ashx?id=2810792&use=l&cat=p&typeid=i","cat":284479},{"id":45340,"n":"Tartine  Céréal Bio  Bio multicéréales - 145g","p":1.48,"u":"10,21 €/KG","img":"https://fd5-photos.leclercdrive.fr/image.ashx?id=2810795&use=l&cat=p&typeid=i","cat":284479},{"id":45342,"n":"Salade bio Céréal Bio Lentilles, légumes, tofu -220g","p":1.98,"u":"9,00 €/KG","img":"https://fd5-photos.leclercdrive.fr/image.ashx?id=2574077&use=l&cat=p&typeid=i","cat":287600},{"id":45355,"n":"Thé vert Bio Clipper Au Citron - 20 sachets - 35g","p":2.16,"u":"61,71 €/KG","img":"https://fd5-photos.leclercdrive.fr/image.ashx?id=2922089&use=l&cat=p&typeid=i","cat":293233},{"id":45382,"n":"Déodorant Spray Femme Nivea Protect & Care - 200ml","p":2.56,"u":"12,80 €/L","img":"https://fd5-photos.leclercdrive.fr/image.ashx?id=2869188&use=l&cat=p&typeid=i","cat":284595},{"id":45415,"n":"Fromage Emmental Entremont Râpé  - 300g","p":3.25,"u":"10,83 €/KG","img":"https://fd5-photos.leclercdrive.fr/image.ashx?id=2983156&use=l&cat=p&typeid=i","cat":314035},{"id":45437,"n":"Bâtonnets Surimi grands Coraya x10 - 156g","p":2.5,"u":"16,03 €/KG","img":"https://fd5-photos.leclercdrive.fr/image.ashx?id=2762133&use=l&cat=p&typeid=i","cat":285189},{"id":45455,"n":"Soupe Velouté Bio Village Saveurs du sud Bio - 2x30cl","p":1.69,"u":"2,82 €/L","img":"https://fd5-photos.leclercdrive.fr/image.ashx?id=1881093&use=l&cat=p&typeid=i","cat":284462},{"id":45457,"n":"Mogette sèche IGP NRT De Vendée - 500g","p":3.09,"u":"6,18 €/KG","img":"https://fd5-photos.leclercdrive.fr/image.ashx?id=2267047&use=l&cat=p&typeid=i","cat":284430},{"id":45478,"n":"Nettoyant lave-vaisselle Visior 3x40g","p":2.9,"u":"24,17 €/KG","img":"https://fd5-photos.leclercdrive.fr/image.ashx?id=2742694&use=l&cat=p&typeid=i","cat":284657},{"id":45480,"n":"Nettoyant menthe Dentamyl Appareils dentaires x36","p":2.19,"img":"https://fd5-photos.leclercdrive.fr/image.ashx?id=2486802&use=l&cat=p&typeid=i","cat":285158},{"id":45482,"n":"Brosse à dents Petit Dentamyl Multicoloris - 2-6 ans -  x3","p":1.47,"u":"0,49 €/P","img":"https://fd5-photos.leclercdrive.fr/image.ashx?id=1962444&use=l&cat=p&typeid=i","cat":288897},{"id":45483,"n":"Pastilles javel Clair Parfum Menthe x42 - 168g","p":1.44,"u":"8,57 €/KG","img":"https://fd5-photos.leclercdrive.fr/image.ashx?id=2631447&use=l&cat=p&typeid=i","cat":284661},{"id":45498,"n":"Sacs poubelle 30L Elembal Ultra resist - x20","p":3.25,"u":"0,16 €/P","img":"https://fd5-photos.leclercdrive.fr/image.ashx?id=2958729&use=l&cat=p&typeid=i","cat":285168},{"id":45536,"n":"Taboulé Bonduelle Poulet - 300g","p":1.74,"u":"5,80 €/KG","img":"https://fd5-photos.leclercdrive.fr/image.ashx?id=2907902&use=l&cat=p&typeid=i","cat":333657},{"id":45540,"n":"Pizza l'Ovale Sodebo Jambon et fromages - 200g","p":1.25,"u":"6,25 €/KG","img":"https://fd5-photos.leclercdrive.fr/image.ashx?id=2407211&use=l&cat=p&typeid=i","cat":333679},{"id":45541,"n":"Pizza l'Ovale Sodebo 3 fromages fondants - 200g","p":1.34,"u":"6,70 €/KG","img":"https://fd5-photos.leclercdrive.fr/image.ashx?id=2723644&use=l&cat=p&typeid=i","cat":333679},{"id":45644,"n":"Recharge SpaWax Expert Veet Figue Sucrée et Lys Violet x6","p":5.13,"u":"34,20 €/KG","img":"https://fd5-photos.leclercdrive.fr/image.ashx?id=2854351&use=l&cat=p&typeid=i","cat":325351},{"id":45671,"n":"Chips Bret's Chèvre/piment d'espelette -125g","p":1.05,"u":"8,40 €/KG","img":"https://fd5-photos.leclercdrive.fr/image.ashx?id=1941593&use=l&cat=p&typeid=i","cat":284447},{"id":45708,"n":"Yaourt à boire Mini Yop Aromatisé Fraise - 8x100g","p":2.11,"u":"2,64 €/KG","img":"https://fd5-photos.leclercdrive.fr/image.ashx?id=2985159&use=l&cat=p&typeid=i","cat":284415},{"id":45710,"n":"Fromage Burger cheddar/emmental Président - 20 tranches - 340g","p":2.58,"u":"7,59 €/KG","img":"https://fd5-photos.leclercdrive.fr/image.ashx?id=2628239&use=l&cat=p&typeid=i","cat":314028},{"id":45711,"n":"Fromage Croque emmental Président - 20 tranches - 340g","p":2.79,"u":"8,21 €/KG","img":"https://fd5-photos.leclercdrive.fr/image.ashx?id=2838163&use=l&cat=p&typeid=i","cat":314028},{"id":45712,"n":"Emmental râpé fondant Président 500g","p":4.84,"u":"9,68 €/KG","img":"https://fd5-photos.leclercdrive.fr/image.ashx?id=2489464&use=l&cat=p&typeid=i","cat":314035},{"id":45728,"n":"Pâté le much'ail Domaine Picard Tranches - 150g","p":3.3,"u":"22,00 €/KG","img":"https://fd5-photos.leclercdrive.fr/image.ashx?id=836137&use=l&cat=p&typeid=i","cat":316008},{"id":45813,"n":"Cire divine Nair Monoï - 400g","p":7.2,"u":"18,00 €/KG","img":"https://fd5-photos.leclercdrive.fr/image.ashx?id=2903239&use=l&cat=p&typeid=i","cat":325351},{"id":45826,"n":"Brosse à dents pro Dentamyl Médium x2","p":0.65,"u":"0,33 €/P","img":"https://fd5-photos.leclercdrive.fr/image.ashx?id=2790982&use=l&cat=p&typeid=i","cat":284614},{"id":45855,"n":"Whisky Clan Campbell Blended Scotch 40% vol - 1,5L","p":28.6,"u":"19,07 €/L","img":"https://fd5-photos.leclercdrive.fr/image.ashx?id=2868362&use=l&cat=p&typeid=i","cat":284547},{"id":45910,"n":"Thon entier Petit Navire Huile de tournesol 3x160g","p":5.59,"u":"34,94 €/KG","img":"https://fd5-photos.leclercdrive.fr/image.ashx?id=2543987&use=l&cat=p&typeid=i","cat":303867},{"id":45923,"n":"Pur jus d'orange Bio Village Bio avec pulpe - 1L","p":3.11,"u":"3,11 €/L","img":"https://fd5-photos.leclercdrive.fr/image.ashx?id=2901542&use=l&cat=p&typeid=i","cat":284521},{"id":45965,"n":"Saucisses Knacki Herta Poulet x6 - 210g","p":1.5,"u":"7,14 €/KG","img":"https://fd5-photos.leclercdrive.fr/image.ashx?id=2290428&use=l&cat=p&typeid=i","cat":316012},{"id":45968,"n":"Dessert fruitier pomme Andros Pomme fraise x12+4 offert 1,6kg","p":3.37,"u":"2,11 €/KG","img":"https://fd5-photos.leclercdrive.fr/image.ashx?id=2305730&use=l&cat=p&typeid=i","cat":284416},{"id":46000,"n":"Jus innocent  orange avec pulpe 1.35L","p":3.53,"u":"2,61 €/L","img":"https://fd5-photos.leclercdrive.fr/image.ashx?id=2888527&use=l&cat=p&typeid=i","cat":285435},{"id":46006,"n":"AOP Jurançon vin blanc Moelleux Terrasses d'Autan-75cl","p":6.99,"u":"9,32 €/L","img":"https://fd5-photos.leclercdrive.fr/image.ashx?id=2774859&use=l&cat=p&typeid=i","cat":289557},{"id":46016,"n":"Chocolat Pâtissier Tablette dOr Chocolat Noir - 3x200g","p":5.29,"u":"8,82 €/KG","img":"https://fd5-photos.leclercdrive.fr/image.ashx?id=2958519&use=l&cat=p&typeid=i","cat":285562},{"id":46028,"n":"IGP Pays d'Oc Rosé Grenache Cinsault JP Chenet 12.5% BIB 3L","p":10.42,"u":"3,47 €/L","img":"https://fd5-photos.leclercdrive.fr/image.ashx?id=2941715&use=l&cat=p&typeid=i","cat":289560},{"id":46037,"n":"Biscottes Toast Pelletier  Goût brioché - 150g","p":1.28,"u":"8,53 €/KG","img":"https://fd5-photos.leclercdrive.fr/image.ashx?id=1888023&use=l&cat=p&typeid=i","cat":284479},{"id":46043,"n":"Barre 2 chocolats Gerlinéa  Repas minceur x10, 310g","p":5.93,"u":"19,13 €/KG","img":"https://fd5-photos.leclercdrive.fr/image.ashx?id=2638181&use=l&cat=p&typeid=i","cat":318652},{"id":46044,"n":"Barre chocolat orange GERLINEA  Repas minceur x10, 310g","p":6.11,"u":"19,71 €/KG","img":"https://fd5-photos.leclercdrive.fr/image.ashx?id=2654752&use=l&cat=p&typeid=i","cat":318652},{"id":46156,"n":"Thon mariné Petit Navire Basilic - 2x110g","p":3.01,"u":"13,68 €/KG","img":"https://fd5-photos.leclercdrive.fr/image.ashx?id=2522551&use=l&cat=p&typeid=i","cat":303867},{"id":46224,"n":"Friandises chien Pedigree Récompense bœuf fromage - 140g","p":1.69,"u":"12,07 €/KG","img":"https://fd5-photos.leclercdrive.fr/image.ashx?id=2256203&use=l&cat=p&typeid=i","cat":294527},{"id":46381,"n":"Fromage Emmenta Les Croisés En dés - 150g","p":1.89,"u":"12,60 €/KG","img":"https://fd5-photos.leclercdrive.fr/image.ashx?id=2422550&use=l&cat=p&typeid=i","cat":314027},{"id":46454,"n":"Monster Munch Jambon/fromage - 135g","p":1.63,"u":"12,07 €/KG","img":"https://fd5-photos.leclercdrive.fr/image.ashx?id=2917468&use=l&cat=p&typeid=i","cat":284449},{"id":46471,"n":"IGP Pâte Garofalo  Linguine - 500g","p":1.57,"u":"3,14 €/KG","img":"https://fd5-photos.leclercdrive.fr/image.ashx?id=3005347&use=l&cat=p&typeid=i","cat":284427},{"id":46473,"n":"Rhum blanc Trois Rivières 40% vol - 70cl","p":12.03,"u":"17,19 €/L","img":"https://fd5-photos.leclercdrive.fr/image.ashx?id=2766334&use=l&cat=p&typeid=i","cat":284550},{"id":46525,"n":"Brosse à dents pro Dentamyl Souple x1","p":1.32,"img":"https://fd5-photos.leclercdrive.fr/image.ashx?id=2790985&use=l&cat=p&typeid=i","cat":284614},{"id":46528,"n":"Fil dentaire  menthe Dentamyl Ultra résistant  archet  - x50","p":2.05,"img":"https://fd5-photos.leclercdrive.fr/image.ashx?id=2440721&use=l&cat=p&typeid=i","cat":285159},{"id":46541,"n":"Croquette chat stérilisé Ultima Chat d'intérieur - Dinde -1.5kg","p":6.88,"u":"4,59 €/KG","img":"https://fd5-photos.leclercdrive.fr/image.ashx?id=2927009&use=l&cat=p&typeid=i","cat":284680},{"id":46654,"n":"Bière blonde La Chouffe 33cl","p":2.24,"u":"6,79 €/L","img":"https://fd5-photos.leclercdrive.fr/image.ashx?id=2877073&use=l&cat=p&typeid=i","cat":334872},{"id":46703,"n":"Spray désodorisant Airwick  Pure Douceur de Coton - 250ml","p":2.65,"u":"10,60 €/L","img":"https://fd5-photos.leclercdrive.fr/image.ashx?id=2858600&use=l&cat=p&typeid=i","cat":311626},{"id":46849,"n":"Beurre AOP Charentes Poitou Doux - 82% MG - 250g","p":2.79,"u":"11,16 €/KG","img":"https://fd5-photos.leclercdrive.fr/image.ashx?id=2320642&use=l&cat=p&typeid=i","cat":284379},{"id":46852,"n":"Dos de cabillaud MSC Delpierre 325g","p":11.5,"u":"35,38 €/KG","img":"https://fd5-photos.leclercdrive.fr/image.ashx?id=2958836&use=l&cat=p&typeid=i","cat":284342},{"id":46875,"n":"Crème dessert Mont Blanc Coupelles Caramel - 4x125g","p":3.19,"u":"6,38 €/KG","img":"https://fd5-photos.leclercdrive.fr/image.ashx?id=3011002&use=l&cat=p&typeid=i","cat":284506},{"id":46981,"n":"Petit cake Bonne Maman Aux fruits - 300g","p":3.1,"u":"10,33 €/KG","img":"https://fd5-photos.leclercdrive.fr/image.ashx?id=2936173&use=l&cat=p&typeid=i","cat":284493},{"id":46982,"n":"Cookies gros éclats Granola Chocolat - 276g","p":2.36,"u":"8,55 €/KG","img":"https://fd5-photos.leclercdrive.fr/image.ashx?id=3005335&use=l&cat=p&typeid=i","cat":325066},{"id":46985,"n":"Café et Chicorée Soluble Ricoré  Noir Intense - 240g","p":6.82,"u":"28,42 €/KG","img":"https://fd5-photos.leclercdrive.fr/image.ashx?id=2980115&use=l&cat=p&typeid=i","cat":284843},{"id":47079,"n":"Poulet rôti entier Le Gaulois  sous sac  - 1.05kg","p":8.5,"u":"8,10 €/KG","img":"https://fd5-photos.leclercdrive.fr/image.ashx?id=2246782&use=l&cat=p&typeid=i","cat":333685},{"id":47080,"n":"Cordons Bleu poulet Le Gaulois 400g","p":2.97,"u":"7,43 €/KG","img":"https://fd5-photos.leclercdrive.fr/image.ashx?id=2860232&use=l&cat=p&typeid=i","cat":333683},{"id":47083,"n":"Croq Extra Fromage Le Gaulois x2 - 200g","p":2.21,"u":"11,05 €/KG","img":"https://fd5-photos.leclercdrive.fr/image.ashx?id=2342845&use=l&cat=p&typeid=i","cat":333683},{"id":47127,"n":"Bière Red Desperados 5.9%vol. - 6x33cl","p":8.8,"u":"4,44 €/L","img":"https://fd5-photos.leclercdrive.fr/image.ashx?id=2766229&use=l&cat=p&typeid=i","cat":334878},{"id":47128,"n":"Vin Union Européenne rouge Le Tonnelier - BIB 5L","p":8.95,"u":"1,79 €/L","img":"https://fd5-photos.leclercdrive.fr/image.ashx?id=2107468&use=l&cat=p&typeid=i","cat":289560},{"id":47129,"n":"Vin Union Européenne rouge Cabernet Sauvignon - BIB 5L","p":11.99,"u":"2,40 €/L","img":"https://fd5-photos.leclercdrive.fr/image.ashx?id=2476491&use=l&cat=p&typeid=i","cat":289560},{"id":47132,"n":"IGP Pays d'Oc blanc Les Ormes De Cambras Sauvignon 12% BIB 5L","p":16.01,"u":"3,20 €/L","img":"https://fd5-photos.leclercdrive.fr/image.ashx?id=2192389&use=l&cat=p&typeid=i","cat":289557},{"id":47133,"n":"Boisson sans alcool D'Artigny Framboise  - 75cl","p":3.49,"u":"4,65 €/L","img":"https://fd5-photos.leclercdrive.fr/image.ashx?id=2854396&use=l&cat=p&typeid=i","cat":289460},{"id":47169,"n":"Sacs poubelle 10L Elembal Salle de bain - x20","p":0.8,"u":"0,04 €/P","img":"https://fd5-photos.leclercdrive.fr/image.ashx?id=1732829&use=l&cat=p&typeid=i","cat":285168},{"id":47176,"n":"Déodorant Spray Femme Nivea Black&White Original - 200ml","p":2.48,"u":"12,40 €/L","img":"https://fd5-photos.leclercdrive.fr/image.ashx?id=2980031&use=l&cat=p&typeid=i","cat":284595},{"id":47180,"n":"Gel douche enfant Tahiti Fruits exotiques - 300ml","p":1.84,"u":"6,13 €/L","img":"https://fd5-photos.leclercdrive.fr/image.ashx?id=2687332&use=l&cat=p&typeid=i","cat":284594},{"id":47181,"n":"Essuie-tout compact 3=9 Eco+ x3","p":2.27,"u":"0,76 €/P","img":"https://fd5-photos.leclercdrive.fr/image.ashx?id=2726688&use=l&cat=p&typeid=i","cat":284635},{"id":47191,"n":"Serviette Always Discreet Long - x10","p":3.88,"u":"0,39 €/P","img":"https://fd5-photos.leclercdrive.fr/image.ashx?id=2491730&use=l&cat=p&typeid=i","cat":284628},{"id":47254,"n":"Pâtes Coudes Rayés Turini 1kg","p":1.75,"u":"1,75 €/KG","img":"https://fd5-photos.leclercdrive.fr/image.ashx?id=2980812&use=l&cat=p&typeid=i","cat":284427},{"id":47255,"n":"Pâtes linguine Turini  500g","p":0.91,"u":"1,82 €/KG","img":"https://fd5-photos.leclercdrive.fr/image.ashx?id=2607554&use=l&cat=p&typeid=i","cat":284427},{"id":47258,"n":"Pâtes coquillettes Turini Blé complet  - 500g","p":1.09,"u":"2,18 €/KG","img":"https://fd5-photos.leclercdrive.fr/image.ashx?id=2607563&use=l&cat=p&typeid=i","cat":284427},{"id":47259,"n":"Pistaches Tokapi  Grillées à sec - 75g","p":1.65,"u":"22,00 €/KG","img":"https://fd5-photos.leclercdrive.fr/image.ashx?id=2795571&use=l&cat=p&typeid=i","cat":284448},{"id":47360,"n":"Fromage à tartiner Madame Loïk Fouetté Ail Fines Herbes - 150g","p":1.59,"u":"10,60 €/KG","img":"https://fd5-photos.leclercdrive.fr/image.ashx?id=2948021&use=l&cat=p&typeid=i","cat":314029},{"id":47361,"n":"Bûche de chèvre Président 250g","p":2.9,"u":"11,60 €/KG","img":"https://fd5-photos.leclercdrive.fr/image.ashx?id=2446647&use=l&cat=p&typeid=i","cat":314031},{"id":47381,"n":"Vin Union européenne blanc Lichette 11° - 75 cl","p":2.44,"u":"3,25 €/L","img":"https://fd5-photos.leclercdrive.fr/image.ashx?id=2943855&use=l&cat=p&typeid=i","cat":289557},{"id":47382,"n":"Vin Union Européenne rouge Cramoisay - BIB 5L","p":13.4,"u":"2,68 €/L","img":"https://fd5-photos.leclercdrive.fr/image.ashx?id=2943861&use=l&cat=p&typeid=i","cat":289560},{"id":47389,"n":"AOP Bordeaux rouge Bio Nos racines - 75cl","p":5.95,"u":"7,93 €/L","img":"https://fd5-photos.leclercdrive.fr/image.ashx?id=2544452&use=l&cat=p&typeid=i","cat":289556},{"id":47404,"n":"Eau gazeuse aromatisée Badoit citron sans sucres - 6x50cl","p":3.5,"u":"1,17 €/L","img":"https://fd5-photos.leclercdrive.fr/image.ashx?id=2730643&use=l&cat=p&typeid=i","cat":284536},{"id":47472,"n":"Bouillon herbe Knorr Huile d'olive puget x15 - 150g","p":1.24,"u":"8,27 €/KG","img":"https://fd5-photos.leclercdrive.fr/image.ashx?id=2940681&use=l&cat=p&typeid=i","cat":288379},{"id":47474,"n":"Thon entier Le Savoureux À l'huile d'olive - 2x160g","p":6.33,"u":"19,78 €/KG","img":"https://fd5-photos.leclercdrive.fr/image.ashx?id=2170520&use=l&cat=p&typeid=i","cat":303867},{"id":47483,"n":"Champagne Rothschild Brut millésimé - 75cl","p":24.58,"u":"32,77 €/L","img":"https://fd5-photos.leclercdrive.fr/image.ashx?id=2819328&use=l&cat=p&typeid=i","cat":284542},{"id":47512,"n":"Whisky Jack Daniel's Old N°7 1,5L","p":42.66,"u":"28,44 €/L","img":"https://fd5-photos.leclercdrive.fr/image.ashx?id=2986840&use=l&cat=p&typeid=i","cat":284547},{"id":47543,"n":"Sucettes Chupa Chups Au fruits, sachet - 192g","p":2.1,"u":"10,94 €/KG","img":"https://fd5-photos.leclercdrive.fr/image.ashx?id=2647651&use=l&cat=p&typeid=i","cat":304252},{"id":47567,"n":"Rhum blanc Clément  Martinique, agricole - 70cl","p":11.9,"pp":10.71,"u":"15,30 €/L","img":"https://fd5-photos.leclercdrive.fr/image.ashx?id=1973141&use=l&cat=p&typeid=i","cat":284550},{"id":47592,"n":"Crêpe fourrée Whaou Cracky choco x8 - 256g","p":2.12,"u":"8,28 €/KG","img":"https://fd5-photos.leclercdrive.fr/image.ashx?id=2971029&use=l&cat=p&typeid=i","cat":284494},{"id":47593,"n":"Yaourts Mamie Nova Chocolat - 2x150g","p":1.24,"u":"4,13 €/KG","img":"https://fd5-photos.leclercdrive.fr/image.ashx?id=2909029&use=l&cat=p&typeid=i","cat":285041},{"id":47594,"n":"Yaourts Mamie Nova  Café - 2x150g","p":1.19,"u":"3,97 €/KG","img":"https://fd5-photos.leclercdrive.fr/image.ashx?id=2909035&use=l&cat=p&typeid=i","cat":285041},{"id":47646,"n":"Pâtes Macaroni Panzani  3 Minutes - 500G","p":1.16,"u":"2,32 €/KG","img":"https://fd5-photos.leclercdrive.fr/image.ashx?id=2896081&use=l&cat=p&typeid=i","cat":284427},{"id":47648,"n":"Filets de maquereaux Saupiquet Vin blanc et aromates - 176g","p":2.0,"u":"11,36 €/KG","img":"https://fd5-photos.leclercdrive.fr/image.ashx?id=2829967&use=l&cat=p&typeid=i","cat":303868},{"id":47657,"n":"Bâtonnets Dentastix Pedigree Grand chien x56 - 2160g","p":17.39,"u":"8,05 €/KG","img":"https://fd5-photos.leclercdrive.fr/image.ashx?id=2980064&use=l&cat=p&typeid=i","cat":294527},{"id":47658,"n":"Bâtonnets  Dentastix Pedigree Petit chien x56 - 880g","p":8.29,"u":"9,42 €/KG","img":"https://fd5-photos.leclercdrive.fr/image.ashx?id=2937787&use=l&cat=p&typeid=i","cat":294527},{"id":47667,"n":"Pâtes Penne Rigate Panzani 3 Minutes - 500G","p":1.14,"u":"2,28 €/KG","img":"https://fd5-photos.leclercdrive.fr/image.ashx?id=2896087&use=l&cat=p&typeid=i","cat":284427},{"id":47668,"n":"Pâtes Spaghetti Panzani Prêt en 3 min - 1kg","p":2.17,"u":"2,17 €/KG","img":"https://fd5-photos.leclercdrive.fr/image.ashx?id=2896102&use=l&cat=p&typeid=i","cat":284427},{"id":47675,"n":"Sardines Connétable Piment - 140g","p":1.5,"u":"10,71 €/KG","img":"https://fd5-photos.leclercdrive.fr/image.ashx?id=2807573&use=l&cat=p&typeid=i","cat":305146},{"id":47686,"n":"Fromage Spécialité Babybel Maxi - 200g","p":2.03,"u":"10,15 €/KG","img":"https://fd5-photos.leclercdrive.fr/image.ashx?id=2806913&use=l&cat=p&typeid=i","cat":314030},{"id":47694,"n":"AOC Sauternes vin blanc Chantet Blanet - 75cl","p":12.99,"u":"17,32 €/L","img":"https://fd5-photos.leclercdrive.fr/image.ashx?id=2671061&use=l&cat=p&typeid=i","cat":289557},{"id":47698,"n":"AOC Madiran vin rouge  Terrasses d'Autan - 75cl","p":4.49,"u":"5,99 €/L","img":"https://fd5-photos.leclercdrive.fr/image.ashx?id=2800270&use=l&cat=p&typeid=i","cat":289556},{"id":47702,"n":"Sirop La Maison Guiot Violette - 70cl","p":2.2,"u":"3,14 €/L","img":"https://fd5-photos.leclercdrive.fr/image.ashx?id=2014832&use=l&cat=p&typeid=i","cat":295020},{"id":47724,"n":"Compotes Pom'Potes Gourdes  Sans sucres- 20x90g","p":7.67,"u":"4,26 €/KG","img":"https://fd5-photos.leclercdrive.fr/image.ashx?id=2883408&use=l&cat=p&typeid=i","cat":284508},{"id":47725,"n":"Bière blonde Lime Desperados 3%vol. - 3x33cl","p":4.83,"u":"4,88 €/L","img":"https://fd5-photos.leclercdrive.fr/image.ashx?id=2655868&use=l&cat=p&typeid=i","cat":334878},{"id":47726,"n":"Bière Red Desperados 5.9%vol. - 3x33cl","p":5.12,"u":"5,17 €/L","img":"https://fd5-photos.leclercdrive.fr/image.ashx?id=2918640&use=l&cat=p&typeid=i","cat":334878},{"id":47742,"n":"Lait nuage de lait Régilait Non sucré entier - 10x14g","p":0.92,"u":"6,57 €/KG","img":"https://fd5-photos.leclercdrive.fr/image.ashx?id=2018649&use=l&cat=p&typeid=i","cat":299162},{"id":47797,"n":"Papier toilette Lotus Confort Blanc - Aquatube - x12","p":4.01,"u":"0,33 €/P","img":"https://fd5-photos.leclercdrive.fr/image.ashx?id=3002213&use=l&cat=p&typeid=i","cat":284634},{"id":47807,"n":"Boisson Sunny Delight Multivitamines - 1,25L","p":2.26,"u":"1,81 €/L","img":"https://fd5-photos.leclercdrive.fr/image.ashx?id=2309948&use=l&cat=p&typeid=i","cat":285435},{"id":47812,"n":"Shampooing Gliss Ultimate  Cheveux sec flacon - 250ml","p":2.09,"u":"8,36 €/L","img":"https://fd5-photos.leclercdrive.fr/image.ashx?id=2868933&use=l&cat=p&typeid=i","cat":284606},{"id":47841,"n":"Crème glacée l'Angélys Café - 450g","p":5.22,"u":"11,60 €/KG","img":"https://fd5-photos.leclercdrive.fr/image.ashx?id=2963568&use=l&cat=p&typeid=i","cat":284263},{"id":47866,"n":"Apéritif Lillet Blanc à base de vin 17% vol 75cl","p":12.19,"u":"16,25 €/L","img":"https://fd5-photos.leclercdrive.fr/image.ashx?id=2998922&use=l&cat=p&typeid=i","cat":304569},{"id":47936,"n":"Saumon fumé de  l'atlantique   200g","p":5.48,"u":"27,40 €/KG","img":"https://fd5-photos.leclercdrive.fr/image.ashx?id=2506137&use=l&cat=p&typeid=i","cat":285188},{"id":47946,"n":"Baguette Tradigraines  250g","p":0.95,"u":"3,80 €/KG","img":"https://fd5-photos.leclercdrive.fr/image.ashx?id=2063104&use=l&cat=p&typeid=i","cat":284359},{"id":47983,"n":"AOP Crémant Alsace Arthur Metz Blanc Demi-sec millésimé - 75cl","p":5.97,"u":"7,96 €/L","img":"https://fd5-photos.leclercdrive.fr/image.ashx?id=2432100&use=l&cat=p&typeid=i","cat":284544},{"id":48007,"n":"Vin mousseux de France Kriter blanc Demi-sec - 75cl","p":4.82,"u":"6,43 €/L","img":"https://fd5-photos.leclercdrive.fr/image.ashx?id=2840871&use=l&cat=p&typeid=i","cat":284544},{"id":48029,"n":"Sirop Moulin de Valdonne Pêche blanche - 70cl","p":3.29,"u":"4,70 €/L","img":"https://fd5-photos.leclercdrive.fr/image.ashx?id=2842678&use=l&cat=p&typeid=i","cat":295020},{"id":48055,"n":"Hachis parmentier Marie  1kg","p":5.17,"u":"5,17 €/KG","img":"https://fd5-photos.leclercdrive.fr/image.ashx?id=2993385&use=l&cat=p&typeid=i","cat":284254},{"id":48079,"n":"Vinaigre de Cidre MAILLE au jus de pomme concentré 50cl","p":2.21,"u":"4,42 €/L","img":"https://fd5-photos.leclercdrive.fr/image.ashx?id=2945421&use=l&cat=p&typeid=i","cat":298543},{"id":48093,"n":"Cartouche d'encre HP Grande capacité Noir - 301XL","p":49.76,"u":"Dont 0,02 € d'éco-part.","img":"https://fd5-photos.leclercdrive.fr/image.ashx?id=854034&use=l&cat=p&typeid=i","cat":316445},{"id":48095,"n":"Cartouches d'encre HP Cyan/Magenta/Jaune - 301","p":26.97,"u":"Dont 0,02 € d'éco-part.","img":"https://fd5-photos.leclercdrive.fr/image.ashx?id=854030&use=l&cat=p&typeid=i","cat":316445},{"id":48112,"n":"Poivre noir moulu Ducros Fort, N°9 - 35g","p":2.98,"u":"85,14 €/KG","img":"https://fd5-photos.leclercdrive.fr/image.ashx?id=2486593&use=l&cat=p&typeid=i","cat":284457},{"id":48113,"n":"Thym Ducros Flacon - 14g","p":1.63,"u":"116,43 €/KG","img":"https://fd5-photos.leclercdrive.fr/image.ashx?id=2983210&use=l&cat=p&typeid=i","cat":298297},{"id":48114,"n":"Persil Ducros 5g","p":1.45,"u":"290,00 €/KG","img":"https://fd5-photos.leclercdrive.fr/image.ashx?id=2490503&use=l&cat=p&typeid=i","cat":298297},{"id":48117,"n":"Sailor Jerry Boisson à base de Rhum - 40% - 70cl","p":17.6,"u":"25,14 €/L","img":"https://fd5-photos.leclercdrive.fr/image.ashx?id=2506645&use=l&cat=p&typeid=i","cat":284551},{"id":48118,"n":"Whisky Glenmorangie Original 10ans - 40%vol - 70cl","p":29.45,"u":"42,07 €/L","img":"https://fd5-photos.leclercdrive.fr/image.ashx?id=2525408&use=l&cat=p&typeid=i","cat":284547},{"id":48164,"n":"Barres céréales Extra Kellogg's Chocolat et Amande - 4x32g","p":2.81,"u":"21,95 €/KG","img":"https://fd5-photos.leclercdrive.fr/image.ashx?id=2736601&use=l&cat=p&typeid=i","cat":285869},{"id":48200,"n":"Rillettes de poulet rôti Bordeau Chesnel - 220g","p":2.21,"u":"10,05 €/KG","img":"https://fd5-photos.leclercdrive.fr/image.ashx?id=2855046&use=l&cat=p&typeid=i","cat":316008},{"id":48226,"n":"Petit Pois, Carotte Cassegrain Tendres et Fondants 130g","p":1.13,"u":"8,69 €/KG","img":"https://fd5-photos.leclercdrive.fr/image.ashx?id=2912977&use=l&cat=p&typeid=i","cat":312607},{"id":48254,"n":"Filets de maquereaux Saupiquet Natures - Grillés - 120g","p":2.09,"u":"17,42 €/KG","img":"https://fd5-photos.leclercdrive.fr/image.ashx?id=2873868&use=l&cat=p&typeid=i","cat":303868},{"id":48255,"n":"Recharge EasyWax Expert Veet Bras Jambes Peaux Normales 50ml","p":7.17,"u":"143,40 €/L","img":"https://fd5-photos.leclercdrive.fr/image.ashx?id=2970789&use=l&cat=p&typeid=i","cat":325351},{"id":48267,"n":"Rhum ambré Saint James 45%vol - 70cl","p":14.28,"u":"20,40 €/L","img":"https://fd5-photos.leclercdrive.fr/image.ashx?id=2970945&use=l&cat=p&typeid=i","cat":284550},{"id":48272,"n":"Liqueur de menthe Get 31 24° - 70cl","p":14.29,"u":"20,41 €/L","img":"https://fd5-photos.leclercdrive.fr/image.ashx?id=2840497&use=l&cat=p&typeid=i","cat":286032},{"id":48306,"n":"IGP Pays d'Oc rosé Grenache Les Ormes de Cambras 11.5% 75cl","p":3.05,"u":"4,07 €/L","img":"https://fd5-photos.leclercdrive.fr/image.ashx?id=2285234&use=l&cat=p&typeid=i","cat":289558},{"id":48307,"n":"IGP Pays d'Oc rosé Grenache Les Ormes de Cambras - BIB 5L","p":16.08,"u":"3,22 €/L","img":"https://fd5-photos.leclercdrive.fr/image.ashx?id=2489458&use=l&cat=p&typeid=i","cat":289560},{"id":48309,"n":"Bière aromatisée Skøll Vodka et agrumes - 3x33cl","p":4.17,"u":"4,21 €/L","img":"https://fd5-photos.leclercdrive.fr/image.ashx?id=2803556&use=l&cat=p&typeid=i","cat":334878},{"id":48310,"n":"Concentré à diluer Pulco Citron vert - 70cl","p":2.55,"u":"3,64 €/L","img":"https://fd5-photos.leclercdrive.fr/image.ashx?id=2686630&use=l&cat=p&typeid=i","cat":295020},{"id":48312,"n":"Eau minérale gazeuse Perrier  Fines bulles - 6x50cl","p":3.52,"u":"1,17 €/L","img":"https://fd5-photos.leclercdrive.fr/image.ashx?id=2737021&use=l&cat=p&typeid=i","cat":284536},{"id":48339,"n":"Chocolat au lait Lindt  Praliné Noisette - 100g","p":2.03,"u":"20,30 €/KG","img":"https://fd5-photos.leclercdrive.fr/image.ashx?id=2751321&use=l&cat=p&typeid=i","cat":284497},{"id":48348,"n":"Chocolat au lait Lindt Création Caramel - 150g","p":3.03,"u":"20,20 €/KG","img":"https://fd5-photos.leclercdrive.fr/image.ashx?id=2685814&use=l&cat=p&typeid=i","cat":284497},{"id":48352,"n":"Tablette de chocolat noir Lindt Orange intense - 100g","p":2.17,"u":"21,70 €/KG","img":"https://fd5-photos.leclercdrive.fr/image.ashx?id=2689496&use=l&cat=p&typeid=i","cat":284956},{"id":48353,"n":"Tablette de chocolat noir Lindt 70% cacao - 100g","p":2.14,"u":"21,40 €/KG","img":"https://fd5-photos.leclercdrive.fr/image.ashx?id=2681592&use=l&cat=p&typeid=i","cat":284956},{"id":48355,"n":"Tablette de chocolat noir Lindt Caramel Pointe de sel - 100g","p":2.16,"u":"21,60 €/KG","img":"https://fd5-photos.leclercdrive.fr/image.ashx?id=2689493&use=l&cat=p&typeid=i","cat":284956},{"id":48357,"n":"Liqueur Manzanita Marie Brizard -15% - 70cl","p":5.95,"u":"8,50 €/L","img":"https://fd5-photos.leclercdrive.fr/image.ashx?id=2499594&use=l&cat=p&typeid=i","cat":286032},{"id":48373,"n":"Démélant Petit Manava Pour enfants, spray - 200ml","p":2.05,"u":"10,25 €/L","img":"https://fd5-photos.leclercdrive.fr/image.ashx?id=2713655&use=l&cat=p&typeid=i","cat":284608},{"id":48378,"n":"Café moulu Jacques Vabre Brésil 100% Arabica - 250g","p":4.47,"u":"17,88 €/KG","img":"https://fd5-photos.leclercdrive.fr/image.ashx?id=2100380&use=l&cat=p&typeid=i","cat":284750},{"id":48383,"n":"Gel Lubrifiant Massage 2 en 1 Durex Sensuel Ylang Ylang 200ml","p":7.01,"u":"35,05 €/L","img":"https://fd5-photos.leclercdrive.fr/image.ashx?id=2736562&use=l&cat=p&typeid=i","cat":285160},{"id":48392,"n":"Boules en cire naturelle Quies x12 paires","p":4.28,"u":"0,36 €/P","img":"https://fd5-photos.leclercdrive.fr/image.ashx?id=2159502&use=l&cat=p&typeid=i","cat":284630},{"id":48419,"n":"AOP Alsace Riesling blanc Wolfberger - 75cl","p":6.5,"pp":4.87,"u":"6,49 €/L","img":"https://fd5-photos.leclercdrive.fr/image.ashx?id=2905357&use=l&cat=p&typeid=i","cat":289557},{"id":48421,"n":"AOP Alsace Gewurztraminer blanc Wolfberger 13,5% - 75cl","p":7.85,"pp":5.89,"u":"7,85 €/L","img":"https://fd5-photos.leclercdrive.fr/image.ashx?id=2936368&use=l&cat=p&typeid=i","cat":289557},{"id":48471,"n":"Mélange 5 baies n°5 Ducros 70g","p":4.11,"u":"58,71 €/KG","img":"https://fd5-photos.leclercdrive.fr/image.ashx?id=2486602&use=l&cat=p&typeid=i","cat":284457},{"id":48502,"n":"Poulet en box Maitre Coq Croustillant - 585g","p":5.94,"u":"10,15 €/KG","img":"https://fd5-photos.leclercdrive.fr/image.ashx?id=2642450&use=l&cat=p&typeid=i","cat":333684},{"id":48511,"n":"Menagère poivre blanc  Ducros N° 8 - 90g","p":4.27,"u":"47,44 €/KG","img":"https://fd5-photos.leclercdrive.fr/image.ashx?id=2559481&use=l&cat=p&typeid=i","cat":284457},{"id":48512,"n":"Poivre noir n°6 Ducros Moulin - 28g","p":3.45,"u":"123,21 €/KG","img":"https://fd5-photos.leclercdrive.fr/image.ashx?id=2559472&use=l&cat=p&typeid=i","cat":284457},{"id":48513,"n":"Poivre noir n°6 Ducros Grains - 90g","p":3.65,"u":"40,56 €/KG","img":"https://fd5-photos.leclercdrive.fr/image.ashx?id=2473336&use=l&cat=p&typeid=i","cat":284457},{"id":48515,"n":"Coriandre Ducros Moulue - 32g","p":1.24,"u":"38,75 €/KG","img":"https://fd5-photos.leclercdrive.fr/image.ashx?id=2490497&use=l&cat=p&typeid=i","cat":298297},{"id":48575,"n":"Lasagnes bolognaise bio HippBio 250g","p":2.31,"u":"9,24 €/KG","img":"https://fd5-photos.leclercdrive.fr/image.ashx?id=2929080&use=l&cat=p&typeid=i","cat":312238},{"id":48589,"n":"Lait bébé poudre Gallia Calisma croissance Dès 12 mois 1,2kg","p":15.33,"u":"12,78 €/KG","img":"https://fd5-photos.leclercdrive.fr/image.ashx?id=2973553&use=l&cat=p&typeid=i","cat":290219},{"id":48591,"n":"Lait bébé Gallia Calisma croissance Dès 12 mois 4x1L","p":8.96,"u":"2,24 €/L","img":"https://fd5-photos.leclercdrive.fr/image.ashx?id=2481249&use=l&cat=p&typeid=i","cat":284728},{"id":48595,"n":"Gourdes Bio bébé Hipp 4 variétés - 6 mois - 8x90g","p":6.67,"u":"9,26 €/KG","img":"https://fd5-photos.leclercdrive.fr/image.ashx?id=2904416&use=l&cat=p&typeid=i","cat":312393},{"id":48598,"n":"Cannelloni bio Hipp Bio Aux légumes - 250g","p":2.3,"u":"9,20 €/KG","img":"https://fd5-photos.leclercdrive.fr/image.ashx?id=2929083&use=l&cat=p&typeid=i","cat":312238},{"id":48603,"n":"Farine de blé Francine 1,4kg","p":1.54,"u":"1,10 €/KG","img":"https://fd5-photos.leclercdrive.fr/image.ashx?id=2881308&use=l&cat=p&typeid=i","cat":284503},{"id":48604,"n":"Farine fluide Francine 1.4kg","p":1.61,"u":"1,15 €/KG","img":"https://fd5-photos.leclercdrive.fr/image.ashx?id=2881305&use=l&cat=p&typeid=i","cat":284503},{"id":48611,"n":"Plat bébé soir Blédiner 12 mois Pâtes légumes - 2x200g","p":2.17,"u":"5,43 €/KG","img":"https://fd5-photos.leclercdrive.fr/image.ashx?id=2975068&use=l&cat=p&typeid=i","cat":312239},{"id":48615,"n":"Coton Demak'up Duo disque x108","p":1.59,"u":"0,01 €/P","img":"https://fd5-photos.leclercdrive.fr/image.ashx?id=2791461&use=l&cat=p&typeid=i","cat":285593},{"id":48698,"n":"Croquettes chat Purina One Stérilisé/Intérieur-Poulet1.5kg","p":7.53,"u":"5,02 €/KG","img":"https://fd5-photos.leclercdrive.fr/image.ashx?id=2681257&use=l&cat=p&typeid=i","cat":284680},{"id":48704,"n":"Boîte chat Whiskas Gelée du pêcheur - 4x390g","p":4.61,"u":"2,96 €/KG","img":"https://fd5-photos.leclercdrive.fr/image.ashx?id=2759622&use=l&cat=p&typeid=i","cat":285601},{"id":48720,"n":"Poêlée parisienne D'aucy  580g","p":2.93,"u":"5,05 €/KG","img":"https://fd5-photos.leclercdrive.fr/image.ashx?id=2835256&use=l&cat=p&typeid=i","cat":312612},{"id":48721,"n":"Poêlée jardinière D'aucy  580g","p":2.51,"u":"4,33 €/KG","img":"https://fd5-photos.leclercdrive.fr/image.ashx?id=2582816&use=l&cat=p&typeid=i","cat":312612},{"id":48734,"n":"Grand duc Ducros Touch'salade Provençale -180g","p":4.89,"u":"27,17 €/KG","img":"https://fd5-photos.leclercdrive.fr/image.ashx?id=1637670&use=l&cat=p&typeid=i","cat":298297},{"id":48786,"n":"Chocolat noir Bio Ethiquable  75% Nicaragua - 100g","p":2.45,"u":"24,50 €/KG","img":"https://fd5-photos.leclercdrive.fr/image.ashx?id=2870884&use=l&cat=p&typeid=i","cat":284956},{"id":48803,"n":"Confiture Confipote allégée en  Sucres - Pot Abricot - 350g","p":1.67,"u":"4,77 €/KG","img":"https://fd5-photos.leclercdrive.fr/image.ashx?id=2120959&use=l&cat=p&typeid=i","cat":284480},{"id":48823,"n":"Haché Végétal bio Céréal Bio Façon Bolognaise au Soja 250g","p":2.37,"u":"9,48 €/KG","img":"https://fd5-photos.leclercdrive.fr/image.ashx?id=2575090&use=l&cat=p&typeid=i","cat":287600},{"id":48839,"n":"Lait concentré Régilait Non sucré, demi écrémé - 410g","p":1.39,"u":"3,39 €/KG","img":"https://fd5-photos.leclercdrive.fr/image.ashx?id=2405863&use=l&cat=p&typeid=i","cat":299162},{"id":48843,"n":"Préparation gâteau Nestlé Fondant chocolat - 317g","p":3.76,"u":"11,86 €/KG","img":"https://fd5-photos.leclercdrive.fr/image.ashx?id=2848379&use=l&cat=p&typeid=i","cat":284505},{"id":48844,"n":"Préparation gâteau Nestlé Moelleux chocolat - 344g","p":3.95,"u":"11,48 €/KG","img":"https://fd5-photos.leclercdrive.fr/image.ashx?id=2848376&use=l&cat=p&typeid=i","cat":284505},{"id":48875,"n":"Décor pour gateaux Vahiné Spécial anniversaire - x1","p":1.65,"img":"https://fd5-photos.leclercdrive.fr/image.ashx?id=2833345&use=l&cat=p&typeid=i","cat":284504},{"id":48877,"n":"Récré O'lé Mont Blanc - 12x85g Choco/Caramel/Biscuit/Brownie","p":5.91,"u":"5,79 €/KG","img":"https://fd5-photos.leclercdrive.fr/image.ashx?id=3011608&use=l&cat=p&typeid=i","cat":284506},{"id":48879,"n":"Purée de piment Tables du Monde - 100g","p":1.19,"u":"11,90 €/KG","img":"https://fd5-photos.leclercdrive.fr/image.ashx?id=2679744&use=l&cat=p&typeid=i","cat":288992},{"id":48900,"n":"Corned beef gelée Dolo 340g","p":2.72,"u":"8,00 €/KG","img":"https://fd5-photos.leclercdrive.fr/image.ashx?id=3008047&use=l&cat=p&typeid=i","cat":305149},{"id":48915,"n":"Sauce Arôme Maggi 1kg","p":6.06,"u":"6,06 €/KG","img":"https://fd5-photos.leclercdrive.fr/image.ashx?id=2785352&use=l&cat=p&typeid=i","cat":288379},{"id":48993,"n":"Sauce Samouraï Colona Tube - 500ml","p":2.75,"u":"5,50 €/L","img":"https://fd5-photos.leclercdrive.fr/image.ashx?id=2687167&use=l&cat=p&typeid=i","cat":318431},{"id":49018,"n":"Beurre Moulé Paysan Breton Sel de guérande - 80% MG - 250g","p":3.33,"u":"13,32 €/KG","img":"https://fd5-photos.leclercdrive.fr/image.ashx?id=2869035&use=l&cat=p&typeid=i","cat":284379},{"id":49070,"n":"Préparation gâteau Nestlé Coeur fondant - 305g","p":3.82,"u":"12,52 €/KG","img":"https://fd5-photos.leclercdrive.fr/image.ashx?id=2848385&use=l&cat=p&typeid=i","cat":284505},{"id":49077,"n":"Biscuit P'tit Deli  Chocolat lait - 150g","p":1.58,"u":"10,53 €/KG","img":"https://fd5-photos.leclercdrive.fr/image.ashx?id=2529605&use=l&cat=p&typeid=i","cat":284488},{"id":49078,"n":"Gaufrette P'tit Déli  Chocolat lait - 125g","p":1.29,"u":"10,32 €/KG","img":"https://fd5-photos.leclercdrive.fr/image.ashx?id=2858839&use=l&cat=p&typeid=i","cat":284490},{"id":49083,"n":"Biscuit palmier feuilleté Eco+ 100g","p":0.42,"u":"4,20 €/KG","img":"https://fd5-photos.leclercdrive.fr/image.ashx?id=2768016&use=l&cat=p&typeid=i","cat":284487},{"id":49131,"n":"Gin Bombay Sapphire 40° - 70cl","p":22.33,"u":"31,90 €/L","img":"https://fd5-photos.leclercdrive.fr/image.ashx?id=2842879&use=l&cat=p&typeid=i","cat":284550},{"id":49132,"n":"Gin Tanqueray 43.1%vol - 70cl","p":20.52,"u":"29,31 €/L","img":"https://fd5-photos.leclercdrive.fr/image.ashx?id=2414906&use=l&cat=p&typeid=i","cat":284550},{"id":49249,"n":"Gousse de vanille Bio Vahiné Madagascar Grand cru - 3g","p":4.74,"img":"https://fd5-photos.leclercdrive.fr/image.ashx?id=2559826&use=l&cat=p&typeid=i","cat":284504},{"id":49254,"n":"Gelifiant Vahiné Agar Agar - 8g","p":2.17,"u":"271,25 €/KG","img":"https://fd5-photos.leclercdrive.fr/image.ashx?id=2833342&use=l&cat=p&typeid=i","cat":284504},{"id":49267,"n":"Viande bébé Bio Yooji Boeuf - Dès 6 mois - 120g","p":4.51,"u":"37,58 €/KG","img":"https://fd5-photos.leclercdrive.fr/image.ashx?id=2583629&use=l&cat=p&typeid=i","cat":290631},{"id":49282,"n":"Tablette de chocolat noir Lindt Zeste de citron vert - 100g","p":2.34,"u":"23,40 €/KG","img":"https://fd5-photos.leclercdrive.fr/image.ashx?id=2608160&use=l&cat=p&typeid=i","cat":284956},{"id":49288,"n":"Bols soir bébé bio Babybio Pâtes - 8 mois - 2x200g","p":2.81,"u":"7,03 €/KG","img":"https://fd5-photos.leclercdrive.fr/image.ashx?id=2838344&use=l&cat=p&typeid=i","cat":312239},{"id":49294,"n":"Cotons Démaquillants Demak'Up Original - x105","p":1.38,"u":"0,01 €/P","img":"https://fd5-photos.leclercdrive.fr/image.ashx?id=2745274&use=l&cat=p&typeid=i","cat":284636},{"id":49295,"n":"Cotons Démaquillants Demak'Up Ovale sensitive - x48","p":1.5,"u":"0,03 €/P","img":"https://fd5-photos.leclercdrive.fr/image.ashx?id=2745277&use=l&cat=p&typeid=i","cat":284636},{"id":49298,"n":"Biscuits croquant Nutella &Go! Pâte à tartiner x2 packs - 104g","p":2.13,"u":"20,48 €/KG","img":"https://fd5-photos.leclercdrive.fr/image.ashx?id=2737240&use=l&cat=p&typeid=i","cat":284488},{"id":49304,"n":"Détachant Vanish  Powergel - 200ml","p":3.84,"u":"19,20 €/L","img":"https://fd5-photos.leclercdrive.fr/image.ashx?id=2587861&use=l&cat=p&typeid=i","cat":284651},{"id":49306,"n":"Gel anti-calcaire Calgon  Hygiène Plus - 2,25L","p":13.95,"u":"6,20 €/L","img":"https://fd5-photos.leclercdrive.fr/image.ashx?id=2953764&use=l&cat=p&typeid=i","cat":284653},{"id":49327,"n":"Déodorant Bille Homme Nivea Men Black&White Original - 50ml","p":1.89,"u":"37,80 €/L","img":"https://fd5-photos.leclercdrive.fr/image.ashx?id=2165815&use=l&cat=p&typeid=i","cat":284618},{"id":49333,"n":"Déodorant bille Men Expert Carbon Protection 48h - 50ml","p":2.55,"u":"51,00 €/L","img":"https://fd5-photos.leclercdrive.fr/image.ashx?id=2394561&use=l&cat=p&typeid=i","cat":284618},{"id":49349,"n":"Petit croquant Kühne Aigre doux - 360g","p":3.6,"u":"10,00 €/KG","img":"https://fd5-photos.leclercdrive.fr/image.ashx?id=2551036&use=l&cat=p&typeid=i","cat":284458},{"id":49354,"n":"Olives Noires Grecques Tramier  Dénoyautées 220g","p":2.56,"u":"25,60 €/KG","img":"https://fd5-photos.leclercdrive.fr/image.ashx?id=2836340&use=l&cat=p&typeid=i","cat":284450},{"id":49495,"n":"Soufflés Tornades Tokapi Fromage- 4x85g","p":2.88,"u":"8,47 €/KG","img":"https://fd5-photos.leclercdrive.fr/image.ashx?id=2691393&use=l&cat=p&typeid=i","cat":284449},{"id":49496,"n":"Soufflés  Tokapi Nature - 4x85g","p":2.76,"u":"8,12 €/KG","img":"https://fd5-photos.leclercdrive.fr/image.ashx?id=2982625&use=l&cat=p&typeid=i","cat":284449},{"id":49497,"n":"Soufflés Tornades Tokapi Paprika- 4x85g","p":2.88,"u":"8,47 €/KG","img":"https://fd5-photos.leclercdrive.fr/image.ashx?id=2691390&use=l&cat=p&typeid=i","cat":284449},{"id":49553,"n":"Bière Licorne Black 6%vol - 3x33cl","p":3.95,"u":"3,99 €/L","img":"https://fd5-photos.leclercdrive.fr/image.ashx?id=2853617&use=l&cat=p&typeid=i","cat":334852},{"id":49561,"n":"Gel Douche 5en1 Men Expert Pure carbon - 300ml","p":2.91,"u":"9,70 €/L","img":"https://fd5-photos.leclercdrive.fr/image.ashx?id=1603553&use=l&cat=p&typeid=i","cat":284619},{"id":49575,"n":"Boisson énergisante Monster Energy Mixxd Punch - 50CL","p":1.55,"u":"3,10 €/L","img":"https://fd5-photos.leclercdrive.fr/image.ashx?id=2206172&use=l&cat=p&typeid=i","cat":284533},{"id":49601,"n":"Cartouches d'encre HP Pack Noir / Couleurs 301","p":52.99,"u":"Dont 0,05 € d'éco-part.","img":"https://fd5-photos.leclercdrive.fr/image.ashx?id=1710266&use=l&cat=p&typeid=i","cat":316445},{"id":49624,"n":"Vin Union Européenne rosé Champlure - BIB 5L","p":13.36,"u":"2,67 €/L","img":"https://fd5-photos.leclercdrive.fr/image.ashx?id=2552523&use=l&cat=p&typeid=i","cat":289560},{"id":49632,"n":"Pain de mie 100% Mie Harrys Nature Longue conservation 325g","p":1.79,"u":"5,51 €/KG","img":"https://fd5-photos.leclercdrive.fr/image.ashx?id=2469647&use=l&cat=p&typeid=i","cat":284477},{"id":49640,"n":"Bières blonde Bio Dremmwel 5% - 6x25cl","p":4.9,"u":"3,27 €/L","img":"https://fd5-photos.leclercdrive.fr/image.ashx?id=2678050&use=l&cat=p&typeid=i","cat":334873},{"id":49659,"n":"Huile de noix Cauvin Bouteille - 25cl","p":2.53,"u":"10,12 €/L","img":"https://fd5-photos.leclercdrive.fr/image.ashx?id=2482318&use=l&cat=p&typeid=i","cat":284453},{"id":49664,"n":"Farine complète Francine Boîte - 1kg","p":1.78,"u":"1,78 €/KG","img":"https://fd5-photos.leclercdrive.fr/image.ashx?id=2018898&use=l&cat=p&typeid=i","cat":284503},{"id":49674,"n":"Fécule de pomme de terre Tipiak Substitut de farine - 250g","p":0.72,"u":"2,88 €/KG","img":"https://fd5-photos.leclercdrive.fr/image.ashx?id=2563487&use=l&cat=p&typeid=i","cat":288382},{"id":49681,"n":"Yaourt La Laitière Nature - 4x125g","p":1.74,"u":"3,48 €/KG","img":"https://fd5-photos.leclercdrive.fr/image.ashx?id=3007978&use=l&cat=p&typeid=i","cat":284409},{"id":49781,"n":"Vinaigrette huile d'olive Puget Balsamique Tomates séchées-33cl","p":1.9,"u":"5,76 €/L","img":"https://fd5-photos.leclercdrive.fr/image.ashx?id=2183552&use=l&cat=p&typeid=i","cat":284456},{"id":49798,"n":"Nectar Goyave Caraibos Sans alcool - 75cl","p":2.21,"u":"2,95 €/L","img":"https://fd5-photos.leclercdrive.fr/image.ashx?id=3011281&use=l&cat=p&typeid=i","cat":284916},{"id":49799,"n":"Nectar Mangue Caraibos Sans alcool - 75cl","p":1.99,"u":"2,65 €/L","img":"https://fd5-photos.leclercdrive.fr/image.ashx?id=3011278&use=l&cat=p&typeid=i","cat":284916},{"id":49800,"n":"Chorizo doux César Moroni   200g","p":2.73,"u":"13,65 €/KG","img":"https://fd5-photos.leclercdrive.fr/image.ashx?id=2854420&use=l&cat=p&typeid=i","cat":316006},{"id":49801,"n":"Nectar Maracuja Caraibos 75cl","p":2.39,"u":"3,19 €/L","img":"https://fd5-photos.leclercdrive.fr/image.ashx?id=3011275&use=l&cat=p&typeid=i","cat":284916},{"id":49805,"n":"Cocktail Piña colada Caraibos Sans alcool - 75cl","p":2.35,"u":"3,13 €/L","img":"https://fd5-photos.leclercdrive.fr/image.ashx?id=3011299&use=l&cat=p&typeid=i","cat":284549},{"id":49806,"n":"Planteur des îles Caraibos Sans alcool - 75cl","p":2.45,"u":"3,27 €/L","img":"https://fd5-photos.leclercdrive.fr/image.ashx?id=3011290&use=l&cat=p&typeid=i","cat":284916},{"id":49807,"n":"Sex on the beach Caraibos Sans alcool - 75cl","p":2.07,"u":"2,76 €/L","img":"https://fd5-photos.leclercdrive.fr/image.ashx?id=3011308&use=l&cat=p&typeid=i","cat":284549},{"id":49825,"n":"Croco Pik Haribo  Sachet bonbons acidulés - 275g","p":1.69,"u":"6,15 €/KG","img":"https://fd5-photos.leclercdrive.fr/image.ashx?id=2802350&use=l&cat=p&typeid=i","cat":304250},{"id":49828,"n":"Happy Life Haribo Sachet bonbons - 275g","p":1.42,"u":"5,16 €/KG","img":"https://fd5-photos.leclercdrive.fr/image.ashx?id=2803577&use=l&cat=p&typeid=i","cat":304250},{"id":49834,"n":"Bonbons LUTTI BestFizz Assortiment Piquant - 550g","p":3.73,"u":"6,78 €/KG","img":"https://fd5-photos.leclercdrive.fr/image.ashx?id=2815022&use=l&cat=p&typeid=i","cat":304250},{"id":49845,"n":"Jus multifruits Jafaden Brique, ABC - 2L","p":2.65,"u":"1,33 €/L","img":"https://fd5-photos.leclercdrive.fr/image.ashx?id=2759220&use=l&cat=p&typeid=i","cat":284917},{"id":49851,"n":"Limonade Sprink's 1.5L","p":0.95,"u":"0,63 €/L","img":"https://fd5-photos.leclercdrive.fr/image.ashx?id=2913721&use=l&cat=p&typeid=i","cat":284531},{"id":49857,"n":"Mortadella bologna IGP Tradizioni d'Italia - 150g","p":2.59,"u":"17,27 €/KG","img":"https://fd5-photos.leclercdrive.fr/image.ashx?id=2925222&use=l&cat=p&typeid=i","cat":316009},{"id":49858,"n":"Prosciutto di parma AOP 18 mois Tradizioni d'Italia - 80g","p":3.79,"u":"47,38 €/KG","img":"https://fd5-photos.leclercdrive.fr/image.ashx?id=1961988&use=l&cat=p&typeid=i","cat":316007},{"id":49865,"n":"Steak haché Authentique Charal Pur Bœuf 10% MG  8x125g - 1kg","p":14.19,"u":"14,19 €/KG","img":"https://fd5-photos.leclercdrive.fr/image.ashx?id=2741955&use=l&cat=p&typeid=i","cat":319778},{"id":49870,"n":"Protection Absorbante Tena Men  Médium - x10","p":4.56,"u":"0,46 €/P","img":"https://fd5-photos.leclercdrive.fr/image.ashx?id=2428573&use=l&cat=p&typeid=i","cat":291514},{"id":49872,"n":"Tampons Tampax Compak Pearl Super - x18","p":2.89,"u":"0,16 €/P","img":"https://fd5-photos.leclercdrive.fr/image.ashx?id=2956616&use=l&cat=p&typeid=i","cat":284626},{"id":49881,"n":"Sirop Frucci Zero Grenadine avec edulcorants-75cl","p":2.49,"u":"3,32 €/L","img":"https://fd5-photos.leclercdrive.fr/image.ashx?id=2956110&use=l&cat=p&typeid=i","cat":295020},{"id":49930,"n":"Yaourt douceur Le Petit Basque Brebis nature - 4x100g","p":2.77,"u":"6,93 €/KG","img":"https://fd5-photos.leclercdrive.fr/image.ashx?id=2248084&use=l&cat=p&typeid=i","cat":314998},{"id":49932,"n":"Fromage Pavé d'Affinois Original - 180g","p":2.58,"u":"14,33 €/KG","img":"https://fd5-photos.leclercdrive.fr/image.ashx?id=2644070&use=l&cat=p&typeid=i","cat":314030},{"id":49955,"n":"Soda 7UP Citron/citron vert zéro - 1.5L","p":1.27,"u":"0,85 €/L","img":"https://fd5-photos.leclercdrive.fr/image.ashx?id=2752462&use=l&cat=p&typeid=i","cat":284531},{"id":49971,"n":"Frites Pom Bistro à la Graisse de Canard - 500g","p":3.38,"u":"6,76 €/KG","img":"https://fd5-photos.leclercdrive.fr/image.ashx?id=2866412&use=l&cat=p&typeid=i","cat":319791},{"id":49983,"n":"Sauce yakitori Kikkoman 250ml","p":4.77,"u":"19,08 €/L","img":"https://fd5-photos.leclercdrive.fr/image.ashx?id=2536299&use=l&cat=p&typeid=i","cat":288992},{"id":49996,"n":"Boisson aux fruits Oasis Mini Pomme Cassis Framboise - 6x25cl","p":3.47,"u":"2,31 €/L","img":"https://fd5-photos.leclercdrive.fr/image.ashx?id=2692272&use=l&cat=p&typeid=i","cat":295018},{"id":49997,"n":"Boisson aux fruits Oasis Mini Tropical - 6x25cl","p":3.12,"u":"2,08 €/L","img":"https://fd5-photos.leclercdrive.fr/image.ashx?id=2684443&use=l&cat=p&typeid=i","cat":295018},{"id":50002,"n":"Sauce soja Kikkoman  150ml","p":3.13,"u":"20,87 €/L","img":"https://fd5-photos.leclercdrive.fr/image.ashx?id=2536284&use=l&cat=p&typeid=i","cat":288992},{"id":50003,"n":"Café soluble Maxwell House Qualité Filtre - 20g","p":7.58,"u":"37,90 €/KG","img":"https://fd5-photos.leclercdrive.fr/image.ashx?id=1755025&use=l&cat=p&typeid=i","cat":284843},{"id":50004,"n":"Kit Crousti Fajitas Old El Paso extra doux - 521g","p":4.63,"u":"8,89 €/KG","img":"https://fd5-photos.leclercdrive.fr/image.ashx?id=2765402&use=l&cat=p&typeid=i","cat":288993},{"id":50017,"n":"Confit de tomates séchées  Les Tartinables Florelli 190g","p":2.14,"u":"11,26 €/KG","img":"https://fd5-photos.leclercdrive.fr/image.ashx?id=3011671&use=l&cat=p&typeid=i","cat":289010},{"id":50052,"n":"Lait bébé en poudre Galliagest croissance Dès 12 mois 900g","p":13.57,"u":"15,08 €/KG","img":"https://fd5-photos.leclercdrive.fr/image.ashx?id=2616844&use=l&cat=p&typeid=i","cat":290219},{"id":50053,"n":"Eau gazeuse minérale Salvetat pauvre en sodium - 6x50cl","p":2.55,"u":"0,85 €/L","img":"https://fd5-photos.leclercdrive.fr/image.ashx?id=2533469&use=l&cat=p&typeid=i","cat":284536},{"id":50057,"n":"Crayons de couleurs Bic Ecolution Kids - x18","p":3.2,"u":"0,18 €/P","img":"https://fd5-photos.leclercdrive.fr/image.ashx?id=2758541&use=l&cat=p&typeid=i","cat":284696},{"id":50070,"n":"Soupe velouté  Potiron - 30cl","p":1.28,"u":"4,27 €/L","img":"https://fd5-photos.leclercdrive.fr/image.ashx?id=2740898&use=l&cat=p&typeid=i","cat":284462},{"id":50072,"n":"Soupe Liquide Douceur Knorr 8 légumes à la crème - 50cl","p":1.5,"u":"3,00 €/L","img":"https://fd5-photos.leclercdrive.fr/image.ashx?id=2738023&use=l&cat=p&typeid=i","cat":284462},{"id":50083,"n":"Taboulé aux tomates  Garbit - 730g","p":2.76,"u":"3,78 €/KG","img":"https://fd5-photos.leclercdrive.fr/image.ashx?id=2901905&use=l&cat=p&typeid=i","cat":325094},{"id":50106,"n":"Nems au Porc Tables du Monde x4 - 280g","p":1.76,"u":"6,29 €/KG","img":"https://fd5-photos.leclercdrive.fr/image.ashx?id=1760305&use=l&cat=p&typeid=i","cat":333673},{"id":50123,"n":"Vinaigrette Puget  Ciboulette/échalotes - 33cl","p":2.29,"u":"6,94 €/L","img":"https://fd5-photos.leclercdrive.fr/image.ashx?id=2912146&use=l&cat=p&typeid=i","cat":284456},{"id":50126,"n":"Compotes Andros  Pomme/châtaigne - 785g","p":3.5,"u":"4,46 €/KG","img":"https://fd5-photos.leclercdrive.fr/image.ashx?id=2396381&use=l&cat=p&typeid=i","cat":284508},{"id":50134,"n":"Poudre anti-calcaire Calgon 4 en 1 - 60 doses","p":10.99,"u":"7,33 €/KG","img":"https://fd5-photos.leclercdrive.fr/image.ashx?id=2954199&use=l&cat=p&typeid=i","cat":284653},{"id":50135,"n":"Lingettes Textil Anti-transfert - x40","p":3.71,"u":"0,09 €/P","img":"https://fd5-photos.leclercdrive.fr/image.ashx?id=2964574&use=l&cat=p&typeid=i","cat":290450},{"id":50191,"n":"Whisky The Glenlivet Founder's Scotch Single Malt 40% vol 70cl","p":25.5,"u":"36,43 €/L","img":"https://fd5-photos.leclercdrive.fr/image.ashx?id=2866019&use=l&cat=p&typeid=i","cat":284547},{"id":50211,"n":"Pain Bruschetta La Boulangère 400g","p":2.22,"u":"5,55 €/KG","img":"https://fd5-photos.leclercdrive.fr/image.ashx?id=2912404&use=l&cat=p&typeid=i","cat":284985},{"id":50224,"n":"Cookies Milka Pépites de chocolat - 168g","p":1.65,"u":"9,82 €/KG","img":"https://fd5-photos.leclercdrive.fr/image.ashx?id=3002285&use=l&cat=p&typeid=i","cat":325066},{"id":50225,"n":"Biscuits Choco suprême Milka Chocolat - 180g","p":2.26,"u":"12,56 €/KG","img":"https://fd5-photos.leclercdrive.fr/image.ashx?id=2990991&use=l&cat=p&typeid=i","cat":284488},{"id":50226,"n":"Biscuits sablés Granola Chocolat au lait - 3x200g","p":4.29,"u":"7,15 €/KG","img":"https://fd5-photos.leclercdrive.fr/image.ashx?id=3009125&use=l&cat=p&typeid=i","cat":284488},{"id":50231,"n":"Biscuit Dinosaurus Lotus Chocolat au lait - 225g","p":2.08,"u":"9,24 €/KG","img":"https://fd5-photos.leclercdrive.fr/image.ashx?id=2859815&use=l&cat=p&typeid=i","cat":284488},{"id":50257,"n":"Jus d'orange Jafaden Pur jus sans pulpe - 6x1L","p":11.94,"u":"1,99 €/L","img":"https://fd5-photos.leclercdrive.fr/image.ashx?id=2842504&use=l&cat=p&typeid=i","cat":284521},{"id":50262,"n":"Kebab de poulet Fleury Michon Semoule à l'orientale - 280g","p":3.0,"u":"10,71 €/KG","img":"https://fd5-photos.leclercdrive.fr/image.ashx?id=2680167&use=l&cat=p&typeid=i","cat":333665},{"id":50310,"n":"Whisky Bushmills Black 40% vol - 70cl","p":22.22,"u":"31,74 €/L","img":"https://fd5-photos.leclercdrive.fr/image.ashx?id=2484452&use=l&cat=p&typeid=i","cat":284547},{"id":50360,"n":"Mousse à Raser Nivea Men Peaux Sensibles - 200 ml","p":2.41,"u":"12,05 €/L","img":"https://fd5-photos.leclercdrive.fr/image.ashx?id=3005212&use=l&cat=p&typeid=i","cat":284617},{"id":50365,"n":"Moelleux Pépites Choco GERBLE  sans sucre - 196g","p":3.31,"u":"16,89 €/KG","img":"https://fd5-photos.leclercdrive.fr/image.ashx?id=2812705&use=l&cat=p&typeid=i","cat":318653},{"id":50432,"n":"Pain Campagnard GERBLE  Sans gluten - 350g","p":4.16,"u":"11,89 €/KG","img":"https://fd5-photos.leclercdrive.fr/image.ashx?id=2662829&use=l&cat=p&typeid=i","cat":325069},{"id":50458,"n":"Fromage Roucoulons Fromagerie Milleret- 220g","p":2.7,"u":"12,27 €/KG","img":"https://fd5-photos.leclercdrive.fr/image.ashx?id=2450922&use=l&cat=p&typeid=i","cat":329558},{"id":50459,"n":"Fromage à Tartiner St Môret  Nature - 150g","p":1.95,"u":"13,00 €/KG","img":"https://fd5-photos.leclercdrive.fr/image.ashx?id=2755468&use=l&cat=p&typeid=i","cat":314029},{"id":50508,"n":"Soin yeux L'Oréal Paris  Revitalift anti-rides  - 15ml","p":14.27,"u":"951,33 €/L","img":"https://fd5-photos.leclercdrive.fr/image.ashx?id=2867524&use=l&cat=p&typeid=i","cat":325345},{"id":50524,"n":"Crème soin Nivea visage Sensitive soin de jour - 50ml","p":4.44,"u":"88,80 €/L","img":"https://fd5-photos.leclercdrive.fr/image.ashx?id=2221581&use=l&cat=p&typeid=i","cat":325345},{"id":50592,"n":"Pois chiches Sultanines 265g","p":0.88,"u":"3,32 €/KG","img":"https://fd5-photos.leclercdrive.fr/image.ashx?id=1920223&use=l&cat=p&typeid=i","cat":312609},{"id":50599,"n":"Crème soyeuse Bio Lait d'anesse So'Bio Etic - 50 ml","p":7.5,"u":"150,00 €/L","img":"https://fd5-photos.leclercdrive.fr/image.ashx?id=2906463&use=l&cat=p&typeid=i","cat":325345},{"id":50600,"n":"Crème onctueuse lait d'anesse Bio - So'Bio Etic - 50 ml","p":7.59,"u":"151,80 €/L","img":"https://fd5-photos.leclercdrive.fr/image.ashx?id=2909062&use=l&cat=p&typeid=i","cat":325345},{"id":50604,"n":"Lotion micellaire So Bio Etic Aloe vera bio - 500 ml","p":5.67,"u":"11,34 €/L","img":"https://fd5-photos.leclercdrive.fr/image.ashx?id=2493508&use=l&cat=p&typeid=i","cat":284603},{"id":50640,"n":"IGP Méditerranée vin rosé Terres Ocrées 12.5% vol BIB 5L","p":12.99,"u":"2,60 €/L","img":"https://fd5-photos.leclercdrive.fr/image.ashx?id=2883318&use=l&cat=p&typeid=i","cat":289560},{"id":50672,"n":"Biscuits à la cuillère x30 Bonne Maman - 250g","p":4.57,"u":"18,28 €/KG","img":"https://fd5-photos.leclercdrive.fr/image.ashx?id=2936152&use=l&cat=p&typeid=i","cat":284487},{"id":50673,"n":"Financier amandes Bonne Maman 250g","p":3.62,"u":"14,48 €/KG","img":"https://fd5-photos.leclercdrive.fr/image.ashx?id=2936176&use=l&cat=p&typeid=i","cat":284492},{"id":50674,"n":"Quatre quarts Bonne Maman 500g","p":2.99,"u":"5,98 €/KG","img":"https://fd5-photos.leclercdrive.fr/image.ashx?id=2936158&use=l&cat=p&typeid=i","cat":294776},{"id":50680,"n":"Barre Chocolatée KINDER Country  Céréales chocolat x15 - 352,5g","p":4.77,"u":"13,55 €/KG","img":"https://fd5-photos.leclercdrive.fr/image.ashx?id=2231903&use=l&cat=p&typeid=i","cat":284498},{"id":50683,"n":"Barre marbré  Ker Cadélac  Cacao - 500g","p":2.37,"u":"4,74 €/KG","img":"https://fd5-photos.leclercdrive.fr/image.ashx?id=2939508&use=l&cat=p&typeid=i","cat":294776},{"id":50688,"n":"Pains au chocolat Pasquier  x16 - 720g","p":4.35,"u":"6,04 €/KG","img":"https://fd5-photos.leclercdrive.fr/image.ashx?id=2686837&use=l&cat=p&typeid=i","cat":296366},{"id":50689,"n":"Croissants Pasquier x8 - 320g","p":1.9,"u":"5,94 €/KG","img":"https://fd5-photos.leclercdrive.fr/image.ashx?id=2853053&use=l&cat=p&typeid=i","cat":296366},{"id":50705,"n":"Toasts ronds nature Jacquet - 250g","p":1.36,"u":"5,44 €/KG","img":"https://fd5-photos.leclercdrive.fr/image.ashx?id=2979602&use=l&cat=p&typeid=i","cat":285454},{"id":50706,"n":"Toasts foie gras ronds Jacquet - 250g","p":1.43,"u":"5,72 €/KG","img":"https://fd5-photos.leclercdrive.fr/image.ashx?id=2979599&use=l&cat=p&typeid=i","cat":285454},{"id":50710,"n":"Chocolats  Lindt Mignonnettes - 500g","p":13.43,"u":"26,86 €/KG","img":"https://fd5-photos.leclercdrive.fr/image.ashx?id=2209197&use=l&cat=p&typeid=i","cat":284499},{"id":50712,"n":"Biscuits Choco Pause Milka Chocolat au lait - 260g","p":1.37,"u":"5,27 €/KG","img":"https://fd5-photos.leclercdrive.fr/image.ashx?id=2192572&use=l&cat=p&typeid=i","cat":284488},{"id":50713,"n":"Biscuits Oreo Vanille / chocolat blanc - 246g","p":2.39,"u":"9,72 €/KG","img":"https://fd5-photos.leclercdrive.fr/image.ashx?id=2989447&use=l&cat=p&typeid=i","cat":284488},{"id":50714,"n":"Biscottes Heudebert  Goût brioché - 290g","p":1.62,"u":"5,59 €/KG","img":"https://fd5-photos.leclercdrive.fr/image.ashx?id=3001979&use=l&cat=p&typeid=i","cat":284479},{"id":50717,"n":"Gâche tranchée La Fournée Dorée Pépites de chocolat - 500g","p":2.82,"u":"5,64 €/KG","img":"https://fd5-photos.leclercdrive.fr/image.ashx?id=2347035&use=l&cat=p&typeid=i","cat":284478},{"id":50739,"n":"Bacon fumé Eco+ 12 tranches - 150g","p":1.46,"u":"9,73 €/KG","img":"https://fd5-photos.leclercdrive.fr/image.ashx?id=2837111&use=l&cat=p&typeid=i","cat":316007},{"id":50744,"n":"Cervelas Eco+ 400g","p":1.62,"u":"4,05 €/KG","img":"https://fd5-photos.leclercdrive.fr/image.ashx?id=2683637&use=l&cat=p&typeid=i","cat":316012},{"id":50759,"n":"Biscuit croquant Bonne Maman  Noix de coco - 150g","p":1.55,"u":"10,33 €/KG","img":"https://fd5-photos.leclercdrive.fr/image.ashx?id=2936188&use=l&cat=p&typeid=i","cat":284487},{"id":50760,"n":"Sablés Bonne Maman  Tout Chocolat - 150g","p":1.45,"u":"9,67 €/KG","img":"https://fd5-photos.leclercdrive.fr/image.ashx?id=2923687&use=l&cat=p&typeid=i","cat":325066},{"id":50773,"n":"Dés de jambon Eco+ 2x100G","p":1.65,"u":"8,25 €/KG","img":"https://fd5-photos.leclercdrive.fr/image.ashx?id=2930936&use=l&cat=p&typeid=i","cat":316011},{"id":50779,"n":"Saucisse de Strasbourg Eco+ x10 - 350g","p":1.19,"u":"3,40 €/KG","img":"https://fd5-photos.leclercdrive.fr/image.ashx?id=2794856&use=l&cat=p&typeid=i","cat":316012},{"id":50780,"n":"Saucisse de Cocktail Eco+ 400g","p":2.49,"u":"6,23 €/KG","img":"https://fd5-photos.leclercdrive.fr/image.ashx?id=2651813&use=l&cat=p&typeid=i","cat":284450},{"id":50802,"n":"Huile d'olive Tramier Vierge extra - 75cl","p":7.7,"u":"10,27 €/L","img":"https://fd5-photos.leclercdrive.fr/image.ashx?id=2769807&use=l&cat=p&typeid=i","cat":284453},{"id":50805,"n":"Sauce Tomates Barilla Olive - 400g","p":1.86,"u":"4,65 €/KG","img":"https://fd5-photos.leclercdrive.fr/image.ashx?id=2832515&use=l&cat=p&typeid=i","cat":287599},{"id":50842,"n":"Rhum ambré La martiniquaise Flask 40%vol - 20cl","p":3.22,"u":"16,10 €/L","img":"https://fd5-photos.leclercdrive.fr/image.ashx?id=2955155&use=l&cat=p&typeid=i","cat":284550},{"id":50843,"n":"Pastis Ricard Anisé 45% vol - 2L","p":39.38,"u":"19,69 €/L","img":"https://fd5-photos.leclercdrive.fr/image.ashx?id=2919271&use=l&cat=p&typeid=i","cat":284548},{"id":50866,"n":"Savon doux karité Petit Olivier Surgras - 250g","p":2.02,"u":"8,08 €/KG","img":"https://fd5-photos.leclercdrive.fr/image.ashx?id=2144848&use=l&cat=p&typeid=i","cat":284597},{"id":50878,"n":"Cordon bleu Maitre Coq 400 g","p":3.53,"u":"8,83 €/KG","img":"https://fd5-photos.leclercdrive.fr/image.ashx?id=2426911&use=l&cat=p&typeid=i","cat":333683},{"id":50899,"n":"Sandwich baguette Daunat XXL Poulet crudités - 230g","p":1.98,"u":"8,61 €/KG","img":"https://fd5-photos.leclercdrive.fr/image.ashx?id=2623229&use=l&cat=p&typeid=i","cat":333658},{"id":50903,"n":"Rana Feuilles de lasagnes Fraîches - 250g","p":2.27,"u":"9,08 €/KG","img":"https://fd5-photos.leclercdrive.fr/image.ashx?id=2529144&use=l&cat=p&typeid=i","cat":333682},{"id":50905,"n":"Briquet Mega Lighter U140 Fluo - x1","p":3.45,"img":"https://fd5-photos.leclercdrive.fr/image.ashx?id=2730880&use=l&cat=p&typeid=i","cat":300578},{"id":50906,"n":"Cubes allume-feu Eco+ x32","p":1.4,"u":"0,04 €/P","img":"https://fd5-photos.leclercdrive.fr/image.ashx?id=2645125&use=l&cat=p&typeid=i","cat":300578},{"id":50915,"n":"Gnocchi à poêler Lustucru Fromage - 300g","p":1.57,"u":"5,23 €/KG","img":"https://fd5-photos.leclercdrive.fr/image.ashx?id=3014482&use=l&cat=p&typeid=i","cat":333682},{"id":50919,"n":"Emincés de boeuf Fleury Michon pommes de terre poivre - 280g","p":3.55,"u":"12,68 €/KG","img":"https://fd5-photos.leclercdrive.fr/image.ashx?id=3003299&use=l&cat=p&typeid=i","cat":333665},{"id":51004,"n":"Sucre de canne Daddy Demi morceaux - 750g","p":2.07,"u":"2,76 €/KG","img":"https://fd5-photos.leclercdrive.fr/image.ashx?id=2907950&use=l&cat=p&typeid=i","cat":284502},{"id":51046,"n":"Mouchoirs blancs 3 plis Eco+ x15","p":0.97,"u":"0,06 €/P","img":"https://fd5-photos.leclercdrive.fr/image.ashx?id=2824244&use=l&cat=p&typeid=i","cat":284638},{"id":51047,"n":"Biscuits Petit Brun extra 300g","p":1.32,"u":"4,40 €/KG","img":"https://fd5-photos.leclercdrive.fr/image.ashx?id=3002264&use=l&cat=p&typeid=i","cat":284487},{"id":51203,"n":"Filets de maqueraux Saupiquet  Vin blanc - 3x176g","p":5.99,"u":"11,34 €/KG","img":"https://fd5-photos.leclercdrive.fr/image.ashx?id=2826969&use=l&cat=p&typeid=i","cat":303868},{"id":51221,"n":"Détachant poudre Sanytol 450g","p":5.74,"u":"12,76 €/KG","img":"https://fd5-photos.leclercdrive.fr/image.ashx?id=2866316&use=l&cat=p&typeid=i","cat":284651},{"id":51227,"n":"Papier cuisson Alfapac Naturel 10M x 0.37","p":2.12,"img":"https://fd5-photos.leclercdrive.fr/image.ashx?id=2887734&use=l&cat=p&typeid=i","cat":334134},{"id":51254,"n":"Eau aromatisée O'Fresh Pêche - 1.5L","p":0.91,"u":"0,61 €/L","img":"https://fd5-photos.leclercdrive.fr/image.ashx?id=2450029&use=l&cat=p&typeid=i","cat":284537},{"id":51257,"n":"Eau aromatisée O'Fresh Citron vert - 1.5L","p":0.75,"u":"0,50 €/L","img":"https://fd5-photos.leclercdrive.fr/image.ashx?id=2450038&use=l&cat=p&typeid=i","cat":284537},{"id":51265,"n":"Eau aromatisée O'Fresh Citron - 1.5L","p":0.75,"u":"0,50 €/L","img":"https://fd5-photos.leclercdrive.fr/image.ashx?id=2450041&use=l&cat=p&typeid=i","cat":284537},{"id":51268,"n":"Eau aromatisée O'Fresh Fraise - 1.5L","p":0.75,"u":"0,50 €/L","img":"https://fd5-photos.leclercdrive.fr/image.ashx?id=2450044&use=l&cat=p&typeid=i","cat":284537},{"id":51271,"n":"Tablette chocolat Côte d'Or Noir extra - 3x100g","p":3.77,"u":"12,57 €/KG","img":"https://fd5-photos.leclercdrive.fr/image.ashx?id=2875564&use=l&cat=p&typeid=i","cat":284956},{"id":51274,"n":"Tablette chocolat Côte d'Or Chocolar lait/ Raisin - 180g","p":3.48,"u":"19,33 €/KG","img":"https://fd5-photos.leclercdrive.fr/image.ashx?id=2961272&use=l&cat=p&typeid=i","cat":284497},{"id":51275,"n":"Tablette chocolat Côte d'Or Chocolat lait/Noisettes - 180g","p":3.23,"u":"17,94 €/KG","img":"https://fd5-photos.leclercdrive.fr/image.ashx?id=2993140&use=l&cat=p&typeid=i","cat":284497},{"id":51276,"n":"Tablette chocolat Côte d'Or Chocolat noir/Noisettes - 180g","p":3.21,"u":"17,83 €/KG","img":"https://fd5-photos.leclercdrive.fr/image.ashx?id=2993143&use=l&cat=p&typeid=i","cat":284956},{"id":51277,"n":"Tablette chocolat Côte d'Or Chocolat noir Amandes - 180g","p":3.56,"u":"19,78 €/KG","img":"https://fd5-photos.leclercdrive.fr/image.ashx?id=2993146&use=l&cat=p&typeid=i","cat":284956},{"id":51289,"n":"Fromage Blanc Calin Nature - 0% extra - 850g","p":2.22,"u":"2,61 €/KG","img":"https://fd5-photos.leclercdrive.fr/image.ashx?id=2973724&use=l&cat=p&typeid=i","cat":315000},{"id":51292,"n":"Yaourts Douceur satinée Délisse Nature - 8x125g","p":2.59,"u":"2,59 €/KG","img":"https://fd5-photos.leclercdrive.fr/image.ashx?id=2932414&use=l&cat=p&typeid=i","cat":284409},{"id":51297,"n":"Compotes Andros Pomme nature - 8x100g","p":2.33,"u":"2,91 €/KG","img":"https://fd5-photos.leclercdrive.fr/image.ashx?id=2884006&use=l&cat=p&typeid=i","cat":284416},{"id":51298,"n":"Compotes Andros  Pomme nature - 16x100g","p":3.18,"u":"1,99 €/KG","img":"https://fd5-photos.leclercdrive.fr/image.ashx?id=2908195&use=l&cat=p&typeid=i","cat":284416},{"id":51300,"n":"Yaourt Nature Sucré Yoplait - 4x125g","p":1.17,"u":"2,34 €/KG","img":"https://fd5-photos.leclercdrive.fr/image.ashx?id=2799898&use=l&cat=p&typeid=i","cat":284409},{"id":51318,"n":"Nonnettes de Dijon NRT Cassis - 200g","p":3.99,"u":"19,95 €/KG","img":"https://fd5-photos.leclercdrive.fr/image.ashx?id=2622338&use=l&cat=p&typeid=i","cat":284493},{"id":51344,"n":"Riz au lait La Laitière Rhum raisin - 4x115g","p":1.6,"u":"3,48 €/KG","img":"https://fd5-photos.leclercdrive.fr/image.ashx?id=2490455&use=l&cat=p&typeid=i","cat":284418},{"id":51346,"n":"Dessert liégeois Viennois Vanille lit de caramel - 4x100g","p":1.63,"u":"4,08 €/KG","img":"https://fd5-photos.leclercdrive.fr/image.ashx?id=2692122&use=l&cat=p&typeid=i","cat":285042},{"id":51353,"n":"Fromage Cantal jeune NRT AOP  200g","p":3.19,"u":"15,95 €/KG","img":"https://fd5-photos.leclercdrive.fr/image.ashx?id=2934832&use=l&cat=p&typeid=i","cat":314034},{"id":51355,"n":"Plat courges 6 mois Good Goût Bio - sauté d'agneau - 190g","p":2.74,"u":"14,42 €/KG","img":"https://fd5-photos.leclercdrive.fr/image.ashx?id=2637276&use=l&cat=p&typeid=i","cat":312236},{"id":51392,"n":"Yaourts à la Grecque Délisse Lit de fruit jaunes - 4x150g","p":1.99,"u":"3,32 €/KG","img":"https://fd5-photos.leclercdrive.fr/image.ashx?id=2699699&use=l&cat=p&typeid=i","cat":314999},{"id":51395,"n":"Profiteroles Délisse 4x90g","p":2.49,"u":"6,92 €/KG","img":"https://fd5-photos.leclercdrive.fr/image.ashx?id=2844842&use=l&cat=p&typeid=i","cat":284419},{"id":51471,"n":"Mimolette Boule d'Or Demi-vieille 7 mois - 250g","p":4.09,"u":"16,36 €/KG","img":"https://fd5-photos.leclercdrive.fr/image.ashx?id=2179857&use=l&cat=p&typeid=i","cat":314034},{"id":51669,"n":"IGP Pays d'Oc blanc Viognier Jean-Claude Mas 13.5%vol - 75cl","p":3.95,"u":"5,27 €/L","img":"https://fd5-photos.leclercdrive.fr/image.ashx?id=2490314&use=l&cat=p&typeid=i","cat":289557},{"id":51750,"n":"Sel fin La Baleine Iodé - 500g","p":0.5,"u":"1,00 €/KG","img":"https://fd5-photos.leclercdrive.fr/image.ashx?id=1752100&use=l&cat=p&typeid=i","cat":284457},{"id":51771,"n":"Protège-documents Esquisse  Transparent - A4 - 40 vues","p":1.79,"img":"https://fd5-photos.leclercdrive.fr/image.ashx?id=1690170&use=l&cat=p&typeid=i","cat":284745},{"id":51822,"n":"Thé glacé Lipton Ice Tea Pêche - 4x50cl","p":4.09,"u":"2,05 €/L","img":"https://fd5-photos.leclercdrive.fr/image.ashx?id=2505471&use=l&cat=p&typeid=i","cat":295019},{"id":51865,"n":"Bière blonde Kronenbourg 4,2° - 10x25cl","p":5.35,"u":"2,14 €/L","img":"https://fd5-photos.leclercdrive.fr/image.ashx?id=2992750&use=l&cat=p&typeid=i","cat":334873},{"id":51934,"n":"Goûter laitier Récré O'Lé Gourdes Chocolat - 12x85g","p":5.75,"u":"5,64 €/KG","img":"https://fd5-photos.leclercdrive.fr/image.ashx?id=2887035&use=l&cat=p&typeid=i","cat":284506},{"id":51935,"n":"Goûter laitier Récré O'Lé Gourdes Saveur Vanille - 12x85g","p":5.75,"u":"5,64 €/KG","img":"https://fd5-photos.leclercdrive.fr/image.ashx?id=2795213&use=l&cat=p&typeid=i","cat":284506},{"id":51939,"n":"Trio salade Florette Mâche roquette betterave - 175g","p":1.93,"u":"11,03 €/KG","img":"https://fd5-photos.leclercdrive.fr/image.ashx?id=2650534&use=l&cat=p&typeid=i","cat":284353},{"id":51956,"n":"Gel barquette  Bien Air Muguet  x1","p":1.24,"img":"https://fd5-photos.leclercdrive.fr/image.ashx?id=2466877&use=l&cat=p&typeid=i","cat":311628},{"id":51957,"n":"Gel désodorisant Bien Air Marine - x1","p":1.35,"img":"https://fd5-photos.leclercdrive.fr/image.ashx?id=2466880&use=l&cat=p&typeid=i","cat":311628},{"id":51995,"n":"Spécialité laitière Délisse Epaisse - 7% MG - 50cl","p":1.43,"u":"2,86 €/L","img":"https://fd5-photos.leclercdrive.fr/image.ashx?id=2363802&use=l&cat=p&typeid=i","cat":284381},{"id":51996,"n":"Spécialtié laitière Délisse UHT Fluide 4%mg - 3x20cl","p":1.99,"u":"3,32 €/L","img":"https://fd5-photos.leclercdrive.fr/image.ashx?id=2909398&use=l&cat=p&typeid=i","cat":284381},{"id":51999,"n":"Spécialité laitière Délisse Semi-épaisse 4%mg - 2x25cl","p":1.9,"u":"3,80 €/L","img":"https://fd5-photos.leclercdrive.fr/image.ashx?id=1790942&use=l&cat=p&typeid=i","cat":284381},{"id":52001,"n":"Pâte à pizza fine Herta Rectangulaire - 390g","p":1.46,"u":"3,74 €/KG","img":"https://fd5-photos.leclercdrive.fr/image.ashx?id=2976110&use=l&cat=p&typeid=i","cat":333681},{"id":52002,"n":"HERTA Pâte à pizza fine & ronde 265g","p":1.07,"u":"4,04 €/KG","img":"https://fd5-photos.leclercdrive.fr/image.ashx?id=2975674&use=l&cat=p&typeid=i","cat":333681},{"id":52003,"n":"Eau aromatisée O'Fresh Fraise - 6x50cl","p":2.99,"u":"1,00 €/L","img":"https://fd5-photos.leclercdrive.fr/image.ashx?id=2441378&use=l&cat=p&typeid=i","cat":284537},{"id":52071,"n":"Tortillas Table du Monde De maïs - 320g","p":1.69,"u":"5,28 €/KG","img":"https://fd5-photos.leclercdrive.fr/image.ashx?id=2679759&use=l&cat=p&typeid=i","cat":288993},{"id":52080,"n":"Emmental fromage rapé Les Croisés - 1kg","p":7.97,"u":"7,97 €/KG","img":"https://fd5-photos.leclercdrive.fr/image.ashx?id=2832990&use=l&cat=p&typeid=i","cat":314035},{"id":52094,"n":"Poulet rôti purée Côté Table Barquette - 300g","p":2.38,"u":"7,93 €/KG","img":"https://fd5-photos.leclercdrive.fr/image.ashx?id=2624001&use=l&cat=p&typeid=i","cat":284953},{"id":52096,"n":"Confit de figues NRT De Provence - 150g","p":1.87,"u":"12,47 €/KG","img":"https://fd5-photos.leclercdrive.fr/image.ashx?id=2839995&use=l&cat=p&typeid=i","cat":284480},{"id":52110,"n":"Chiffonnade Saint Azay Jambon italien  - 100g","p":2.99,"u":"29,90 €/KG","img":"https://fd5-photos.leclercdrive.fr/image.ashx?id=2313106&use=l&cat=p&typeid=i","cat":316007},{"id":52111,"n":"Chiffonade chorizo Saint Azay 100g","p":2.19,"u":"21,90 €/KG","img":"https://fd5-photos.leclercdrive.fr/image.ashx?id=2845146&use=l&cat=p&typeid=i","cat":316007},{"id":52118,"n":"Persil Rustica 250g","p":3.29,"u":"13,16 €/KG","img":"https://fd5-photos.leclercdrive.fr/image.ashx?id=2835205&use=l&cat=p&typeid=i","cat":319804},{"id":52122,"n":"Limonade Sprink's Zero - 1.5L","p":0.59,"u":"0,39 €/L","img":"https://fd5-photos.leclercdrive.fr/image.ashx?id=2913681&use=l&cat=p&typeid=i","cat":284531},{"id":52123,"n":"Salade pêcheur Menu Fraîcheur  300g","p":2.65,"u":"8,83 €/KG","img":"https://fd5-photos.leclercdrive.fr/image.ashx?id=2645969&use=l&cat=p&typeid=i","cat":333657},{"id":52124,"n":"Pâtes Tagliatelles Turini  Fraiches - 600g","p":1.89,"u":"3,15 €/KG","img":"https://fd5-photos.leclercdrive.fr/image.ashx?id=2823081&use=l&cat=p&typeid=i","cat":333682},{"id":52134,"n":"Emmental -30% sel fromage bloc  Les Croisés - 200g","p":2.59,"u":"12,95 €/KG","img":"https://fd5-photos.leclercdrive.fr/image.ashx?id=2897790&use=l&cat=p&typeid=i","cat":314034},{"id":52135,"n":"Emmental -30% sel fromage râpé Les Croisés - 150g","p":1.99,"u":"13,27 €/KG","img":"https://fd5-photos.leclercdrive.fr/image.ashx?id=2949197&use=l&cat=p&typeid=i","cat":314035},{"id":52141,"n":"Bâtonnets Dentastix Pedigree Moyen chien x7 - 180g","p":2.18,"u":"12,11 €/KG","img":"https://fd5-photos.leclercdrive.fr/image.ashx?id=2981301&use=l&cat=p&typeid=i","cat":294527},{"id":52142,"n":"Bâtonnets Dentastix Pedigree Grand chien x7 - 270g","p":2.95,"u":"10,93 €/KG","img":"https://fd5-photos.leclercdrive.fr/image.ashx?id=2877046&use=l&cat=p&typeid=i","cat":294527},{"id":52143,"n":"Bâtonnets Dentastix Pedigree Petit chien x7 - 110g","p":1.67,"u":"15,18 €/KG","img":"https://fd5-photos.leclercdrive.fr/image.ashx?id=2832338&use=l&cat=p&typeid=i","cat":294527},{"id":52148,"n":"Filet de poulet Fleury Michon pommes de terre - 300g","p":2.97,"u":"9,90 €/KG","img":"https://fd5-photos.leclercdrive.fr/image.ashx?id=2656754&use=l&cat=p&typeid=i","cat":333665},{"id":52170,"n":"Amandes effilées Vahiné 125g","p":3.94,"u":"31,52 €/KG","img":"https://fd5-photos.leclercdrive.fr/image.ashx?id=2490575&use=l&cat=p&typeid=i","cat":284504},{"id":52171,"n":"Noix de coco Vahiné  Râpée - 115g","p":1.63,"u":"14,17 €/KG","img":"https://fd5-photos.leclercdrive.fr/image.ashx?id=2559811&use=l&cat=p&typeid=i","cat":284504},{"id":52172,"n":"Noisettes en poudre Vahiné 100g","p":2.94,"u":"29,40 €/KG","img":"https://fd5-photos.leclercdrive.fr/image.ashx?id=2559823&use=l&cat=p&typeid=i","cat":284504},{"id":52174,"n":"Raisins blond Vahiné  125g","p":1.39,"u":"11,12 €/KG","img":"https://fd5-photos.leclercdrive.fr/image.ashx?id=2606253&use=l&cat=p&typeid=i","cat":284357},{"id":52175,"n":"Raisins secs Vahiné  125g","p":1.65,"u":"13,20 €/KG","img":"https://fd5-photos.leclercdrive.fr/image.ashx?id=2559820&use=l&cat=p&typeid=i","cat":284357},{"id":52176,"n":"Cerneaux de noix Vahiné 50g","p":1.49,"u":"29,80 €/KG","img":"https://fd5-photos.leclercdrive.fr/image.ashx?id=2606247&use=l&cat=p&typeid=i","cat":284504},{"id":52177,"n":"Pignons de pin Vahiné 50g","p":3.95,"u":"79,00 €/KG","img":"https://fd5-photos.leclercdrive.fr/image.ashx?id=2559799&use=l&cat=p&typeid=i","cat":284357},{"id":52246,"n":"Spray retouche L'Oréal Paris Magic Retouch Noir","p":9.08,"u":"121,07 €/L","img":"https://fd5-photos.leclercdrive.fr/image.ashx?id=2586420&use=l&cat=p&typeid=i","cat":288899},{"id":52247,"n":"Spray racine Magic Retouch 6 Chatain/acajou - 75ml","p":8.32,"u":"110,93 €/L","img":"https://fd5-photos.leclercdrive.fr/image.ashx?id=2618011&use=l&cat=p&typeid=i","cat":288899},{"id":52248,"n":"Spray racine Magic Retouch 5 Blond - 75ml","p":8.14,"u":"108,53 €/L","img":"https://fd5-photos.leclercdrive.fr/image.ashx?id=2597193&use=l&cat=p&typeid=i","cat":288899},{"id":52249,"n":"Spray retouche L'Oréal Paris Magic Retouch Blond foncé","p":9.07,"u":"120,93 €/L","img":"https://fd5-photos.leclercdrive.fr/image.ashx?id=2586429&use=l&cat=p&typeid=i","cat":288899},{"id":52250,"n":"Spray Coloration L'Oréal Paris Magic Retouch Châtain","p":9.25,"u":"123,33 €/L","img":"https://fd5-photos.leclercdrive.fr/image.ashx?id=2586426&use=l&cat=p&typeid=i","cat":288899},{"id":52251,"n":"Spray retouche L'Oréal Paris Magic Retouch Châtain Foncé","p":8.26,"u":"110,13 €/L","img":"https://fd5-photos.leclercdrive.fr/image.ashx?id=2586423&use=l&cat=p&typeid=i","cat":288899},{"id":52335,"n":"Sauce tomate cuisinée Panzani Tube légumes - 180g","p":0.94,"u":"5,22 €/KG","img":"https://fd5-photos.leclercdrive.fr/image.ashx?id=2984751&use=l&cat=p&typeid=i","cat":288384},{"id":52367,"n":"Whisky Ballantine's Finest Blended Scotch 40% vol - 1,5L","p":31.56,"u":"21,04 €/L","img":"https://fd5-photos.leclercdrive.fr/image.ashx?id=3000833&use=l&cat=p&typeid=i","cat":284547},{"id":52388,"n":"Crème anti-âge So Bio Etic Plaisir d'argan bio - 50ml","p":8.72,"u":"174,40 €/L","img":"https://fd5-photos.leclercdrive.fr/image.ashx?id=2988587&use=l&cat=p&typeid=i","cat":325345},{"id":52389,"n":"Gelée nuit anti âge So Bio Etic Argan bio - 40ml","p":8.99,"u":"224,75 €/L","img":"https://fd5-photos.leclercdrive.fr/image.ashx?id=2494734&use=l&cat=p&typeid=i","cat":325345},{"id":52391,"n":"Lotion micellaire So Bio Etic Tonifiante bio - 500ml","p":4.95,"u":"9,90 €/L","img":"https://fd5-photos.leclercdrive.fr/image.ashx?id=2909065&use=l&cat=p&typeid=i","cat":284603},{"id":52392,"n":"Contour yeux lèvres So Bio Etic Anti-âge Argan bio - 15ml","p":9.21,"u":"614,00 €/L","img":"https://fd5-photos.leclercdrive.fr/image.ashx?id=2494740&use=l&cat=p&typeid=i","cat":325345},{"id":52412,"n":"Poélée Parisienne D'Aucy 2x580g","p":4.63,"u":"3,99 €/KG","img":"https://fd5-photos.leclercdrive.fr/image.ashx?id=2197558&use=l&cat=p&typeid=i","cat":312612},{"id":52582,"n":"Sauce Bolognaise Panzani - 210G","p":1.32,"u":"6,29 €/KG","img":"https://fd5-photos.leclercdrive.fr/image.ashx?id=2977927&use=l&cat=p&typeid=i","cat":287599},{"id":52618,"n":"Crème brulée Rians  3x100g","p":3.21,"u":"10,70 €/KG","img":"https://fd5-photos.leclercdrive.fr/image.ashx?id=2396246&use=l&cat=p&typeid=i","cat":284419},{"id":52625,"n":"Sauce Pommes de Terre Bénédicta - 255g","p":1.43,"u":"5,50 €/KG","img":"https://fd5-photos.leclercdrive.fr/image.ashx?id=2689925&use=l&cat=p&typeid=i","cat":318430},{"id":52634,"n":"Sauce Bourguignonne Bénédicta - 260g","p":1.35,"u":"5,00 €/KG","img":"https://fd5-photos.leclercdrive.fr/image.ashx?id=2689943&use=l&cat=p&typeid=i","cat":318430},{"id":52673,"n":"Fromage Burger cheddar/emmental Président - 12 tranches - 200g","p":1.49,"u":"7,45 €/KG","img":"https://fd5-photos.leclercdrive.fr/image.ashx?id=2445024&use=l&cat=p&typeid=i","cat":314028},{"id":52679,"n":"Fromage cabecou Rians 22%mg - 3x35g","p":2.32,"u":"22,10 €/KG","img":"https://fd5-photos.leclercdrive.fr/image.ashx?id=2668455&use=l&cat=p&typeid=i","cat":314031},{"id":52688,"n":"Burrata Di Andria IGP  Tradizioni d'italia - 200g","p":4.79,"u":"23,95 €/KG","img":"https://fd5-photos.leclercdrive.fr/image.ashx?id=2904025&use=l&cat=p&typeid=i","cat":314026},{"id":52699,"n":"Comté Entremont Râpé - 2x70g","p":2.34,"u":"16,71 €/KG","img":"https://fd5-photos.leclercdrive.fr/image.ashx?id=2983162&use=l&cat=p&typeid=i","cat":314035},{"id":52705,"n":"Bonbon Fili-tubs fraise Lutti  - 200g","p":1.83,"u":"9,15 €/KG","img":"https://fd5-photos.leclercdrive.fr/image.ashx?id=1750952&use=l&cat=p&typeid=i","cat":304250},{"id":52720,"n":"Essuie-tout blanc Mimosa Super absorbant - x3 compacts","p":3.99,"u":"1,33 €/P","img":"https://fd5-photos.leclercdrive.fr/image.ashx?id=2727401&use=l&cat=p&typeid=i","cat":284635},{"id":52787,"n":"Velouté Pursoup' Liebig Légumes du soleil - 2x1L","p":5.45,"u":"2,73 €/L","img":"https://fd5-photos.leclercdrive.fr/image.ashx?id=2385425&use=l&cat=p&typeid=i","cat":284462},{"id":52788,"n":"Velouté Pursoup' Liebig Légumes facon pôelée - 2x1L","p":5.56,"u":"2,78 €/L","img":"https://fd5-photos.leclercdrive.fr/image.ashx?id=2385428&use=l&cat=p&typeid=i","cat":284462},{"id":52790,"n":"Fromage mi-chèvre Soignon 180g","p":2.01,"u":"11,17 €/KG","img":"https://fd5-photos.leclercdrive.fr/image.ashx?id=2734357&use=l&cat=p&typeid=i","cat":314031},{"id":52804,"n":"Fromage à Raclette RichesMonts  Classique 18 Tranches - 420g","p":5.22,"u":"12,43 €/KG","img":"https://fd5-photos.leclercdrive.fr/image.ashx?id=2953489&use=l&cat=p&typeid=i","cat":314037},{"id":52806,"n":"Fromage à Tartiner St Môret  Nature Léger - 300g","p":3.63,"u":"12,10 €/KG","img":"https://fd5-photos.leclercdrive.fr/image.ashx?id=2914507&use=l&cat=p&typeid=i","cat":314029},{"id":52810,"n":"Fromage raclette XXL Tranché 26%mg - 480g","p":5.89,"u":"12,27 €/KG","img":"https://fd5-photos.leclercdrive.fr/image.ashx?id=2793224&use=l&cat=p&typeid=i","cat":314037},{"id":52818,"n":"Fromage à tartiner Boursin Figue et 3 noix - 150g","p":2.29,"u":"15,27 €/KG","img":"https://fd5-photos.leclercdrive.fr/image.ashx?id=2962062&use=l&cat=p&typeid=i","cat":314029},{"id":52933,"n":"Piles Long Lasting Duracell CR2025  Lithium 3V - x2","p":5.9,"u":"2,95 €/P","img":"https://fd5-photos.leclercdrive.fr/image.ashx?id=2831399&use=l&cat=p&typeid=i","cat":300572},{"id":52951,"n":"Café dosettes Tassimo Thé vert menthe x16","p":4.86,"u":"121,50 €/KG","img":"https://fd5-photos.leclercdrive.fr/image.ashx?id=2100368&use=l&cat=p&typeid=i","cat":293233},{"id":52961,"n":"Gnocchi Bio Village Bio - 300g","p":2.18,"u":"7,27 €/KG","img":"https://fd5-photos.leclercdrive.fr/image.ashx?id=2607960&use=l&cat=p&typeid=i","cat":333682},{"id":52964,"n":"Essuie-tout blanc Mimosa Super absorbant - x4 compacts","p":4.95,"u":"1,24 €/P","img":"https://fd5-photos.leclercdrive.fr/image.ashx?id=2727398&use=l&cat=p&typeid=i","cat":284635},{"id":52979,"n":"Truite fumée de Bretagne NRT x4 - 120g","p":5.39,"u":"44,92 €/KG","img":"https://fd5-photos.leclercdrive.fr/image.ashx?id=2663851&use=l&cat=p&typeid=i","cat":285188},{"id":53067,"n":"Recharge désodorisant Bien Air  Floral - 15ml","p":1.55,"u":"103,33 €/L","img":"https://fd5-photos.leclercdrive.fr/image.ashx?id=2467655&use=l&cat=p&typeid=i","cat":311629},{"id":53069,"n":"Recharge désodorisant Bien Air  Muguet - 15ml","p":1.5,"u":"100,00 €/L","img":"https://fd5-photos.leclercdrive.fr/image.ashx?id=2467658&use=l&cat=p&typeid=i","cat":311629},{"id":53116,"n":"Rhum blanc agricole Damoiseau 50%vol - 1L","p":18.98,"u":"18,98 €/L","img":"https://fd5-photos.leclercdrive.fr/image.ashx?id=2021214&use=l&cat=p&typeid=i","cat":284550},{"id":53150,"n":"Barquette chat Sheba  Volaille en sauce - 12x85g","p":7.1,"u":"6,96 €/KG","img":"https://fd5-photos.leclercdrive.fr/image.ashx?id=2759640&use=l&cat=p&typeid=i","cat":285286},{"id":53174,"n":"Chocolat noir Equador Caramel salé - 100g","p":1.39,"u":"13,90 €/KG","img":"https://fd5-photos.leclercdrive.fr/image.ashx?id=2553339&use=l&cat=p&typeid=i","cat":284956},{"id":53183,"n":"Tartinable Saumon Cap Océan Fromage ail fines herbes - 140g","p":1.88,"u":"13,43 €/KG","img":"https://fd5-photos.leclercdrive.fr/image.ashx?id=2406028&use=l&cat=p&typeid=i","cat":285191},{"id":53289,"n":"Gel Douche Cottage Monoi - 560ml","p":2.93,"u":"5,23 €/L","img":"https://fd5-photos.leclercdrive.fr/image.ashx?id=2063416&use=l&cat=p&typeid=i","cat":284594},{"id":53412,"n":"Activateur biologique Eparcyl  Fosse septique - 864g x24","p":6.52,"u":"7,55 €/KG","img":"https://fd5-photos.leclercdrive.fr/image.ashx?id=2890085&use=l&cat=p&typeid=i","cat":284908},{"id":53434,"n":"Salade d'Alaska Menu Fraîcheur 300g","p":2.59,"u":"8,63 €/KG","img":"https://fd5-photos.leclercdrive.fr/image.ashx?id=2727638&use=l&cat=p&typeid=i","cat":333657},{"id":53465,"n":"Biscuit petit beurre P'tit Déli Chocolat lait 48% - 125g","p":1.68,"u":"13,44 €/KG","img":"https://fd5-photos.leclercdrive.fr/image.ashx?id=2846520&use=l&cat=p&typeid=i","cat":284488},{"id":53479,"n":"AOP Côtes du Rhône rouge Vieille Vignes - 75cl","p":3.69,"u":"4,92 €/L","img":"https://fd5-photos.leclercdrive.fr/image.ashx?id=2722396&use=l&cat=p&typeid=i","cat":289556},{"id":53504,"n":"Sauce Bourgyburger Colona Tube grand modèle - 840g","p":3.6,"u":"4,29 €/KG","img":"https://fd5-photos.leclercdrive.fr/image.ashx?id=2187637&use=l&cat=p&typeid=i","cat":318431},{"id":53508,"n":"Fine chapelure de pain Tipiak 275g","p":0.5,"u":"1,82 €/KG","img":"https://fd5-photos.leclercdrive.fr/image.ashx?id=2594124&use=l&cat=p&typeid=i","cat":288382},{"id":53600,"n":"Recharge spray Bien Air Automatique japon - 250ml","p":2.39,"u":"9,56 €/L","img":"https://fd5-photos.leclercdrive.fr/image.ashx?id=2974963&use=l&cat=p&typeid=i","cat":311629},{"id":53606,"n":"Salade Mexicaine Côté Snack Au thon - 250g","p":1.9,"u":"7,60 €/KG","img":"https://fd5-photos.leclercdrive.fr/image.ashx?id=2884255&use=l&cat=p&typeid=i","cat":284437},{"id":53712,"n":"AOP Riesling Vin blanc A. Metz -Vieilles Vignes - 75cl","p":9.8,"u":"13,07 €/L","img":"https://fd5-photos.leclercdrive.fr/image.ashx?id=1560586&use=l&cat=p&typeid=i","cat":289557},{"id":53776,"n":"Brioche tressée Pasquier Nature - 630g","p":2.75,"u":"4,37 €/KG","img":"https://fd5-photos.leclercdrive.fr/image.ashx?id=2850946&use=l&cat=p&typeid=i","cat":284478},{"id":53777,"n":"Brioche tressée Pasquier  Pépites - 630g","p":2.67,"u":"4,24 €/KG","img":"https://fd5-photos.leclercdrive.fr/image.ashx?id=2848809&use=l&cat=p&typeid=i","cat":284478},{"id":53820,"n":"Madeleines Armor Délices x13 - 430g","p":3.61,"u":"8,40 €/KG","img":"https://fd5-photos.leclercdrive.fr/image.ashx?id=2788688&use=l&cat=p&typeid=i","cat":284492},{"id":53839,"n":"Râpé 3 saveurs Président 200g","p":2.82,"u":"14,10 €/KG","img":"https://fd5-photos.leclercdrive.fr/image.ashx?id=2786006&use=l&cat=p&typeid=i","cat":314035},{"id":53899,"n":"Eau minérale gazeuse Perrier  Naturelle - 6x1L","p":3.83,"u":"0,64 €/L","img":"https://fd5-photos.leclercdrive.fr/image.ashx?id=2454463&use=l&cat=p&typeid=i","cat":284536},{"id":53902,"n":"Eau minérale gazeuse Perrier  Fines bulles - 6x1L","p":3.56,"u":"0,59 €/L","img":"https://fd5-photos.leclercdrive.fr/image.ashx?id=2830924&use=l&cat=p&typeid=i","cat":284536},{"id":53931,"n":"Fromage apéritif BoursinFromage Tomates et Basilic 20 roulés","p":3.44,"u":"34,40 €/KG","img":"https://fd5-photos.leclercdrive.fr/image.ashx?id=2918592&use=l&cat=p&typeid=i","cat":314027},{"id":53936,"n":"Dés de fromage salade Boursin Echalote ciboulette - 120g","p":2.23,"u":"18,58 €/KG","img":"https://fd5-photos.leclercdrive.fr/image.ashx?id=2865671&use=l&cat=p&typeid=i","cat":314027},{"id":53941,"n":"Fromage apéritif Boursin Echalote ciboulette 20 roulés","p":2.98,"u":"29,80 €/KG","img":"https://fd5-photos.leclercdrive.fr/image.ashx?id=2918595&use=l&cat=p&typeid=i","cat":314027},{"id":53946,"n":"Fromage à tartiner Boursin Echalote et ciboulette - 150g","p":2.29,"u":"15,27 €/KG","img":"https://fd5-photos.leclercdrive.fr/image.ashx?id=2962059&use=l&cat=p&typeid=i","cat":314029},{"id":54112,"n":"Absolut Vodka 40%vol - 1L","p":24.98,"u":"24,98 €/L","img":"https://fd5-photos.leclercdrive.fr/image.ashx?id=2550261&use=l&cat=p&typeid=i","cat":284550},{"id":54175,"n":"Pâte brisée sans gluten Chaque Jour Sans Gluten - 230g","p":1.99,"u":"8,65 €/KG","img":"https://fd5-photos.leclercdrive.fr/image.ashx?id=3002809&use=l&cat=p&typeid=i","cat":333681},{"id":54184,"n":"Pétillant AOC Jaillance Clairette Bio, 7%vol - 75cl","p":6.9,"u":"9,20 €/L","img":"https://fd5-photos.leclercdrive.fr/image.ashx?id=2867455&use=l&cat=p&typeid=i","cat":284544},{"id":54244,"n":"Liqueur de menthe Get 31 Edition Limitée 24° - 70cl","p":13.89,"u":"19,84 €/L","img":"https://fd5-photos.leclercdrive.fr/image.ashx?id=2989051&use=l&cat=p&typeid=i","cat":286032},{"id":54296,"n":"Recharge mini spray Bien Air Marine - 15ml","p":1.5,"u":"100,00 €/L","img":"https://fd5-photos.leclercdrive.fr/image.ashx?id=2467646&use=l&cat=p&typeid=i","cat":311629},{"id":54299,"n":"Désodorisant Bien Air Mèche active Fruit rouge 375ml","p":1.65,"u":"4,40 €/L","img":"https://fd5-photos.leclercdrive.fr/image.ashx?id=2777806&use=l&cat=p&typeid=i","cat":311628},{"id":54300,"n":"Désodorisant Bien Air Mèche active agrume 375ml","p":1.65,"u":"4,40 €/L","img":"https://fd5-photos.leclercdrive.fr/image.ashx?id=2777809&use=l&cat=p&typeid=i","cat":311628},{"id":54301,"n":"Recharge mini spray Bien Air Agrume - 15ml","p":1.5,"u":"100,00 €/L","img":"https://fd5-photos.leclercdrive.fr/image.ashx?id=2467652&use=l&cat=p&typeid=i","cat":311629},{"id":54311,"n":"Bière blonde Bio Jade 4.5%vol - 6x25cl","p":5.49,"u":"3,66 €/L","img":"https://fd5-photos.leclercdrive.fr/image.ashx?id=2511282&use=l&cat=p&typeid=i","cat":334873},{"id":54316,"n":"AOC Coteaux du Layon vin blanc Les Caractères - 75cl","p":6.99,"u":"9,32 €/L","img":"https://fd5-photos.leclercdrive.fr/image.ashx?id=2898762&use=l&cat=p&typeid=i","cat":289557},{"id":54344,"n":"Tablette chocolat Côte d'Or Chocolat lait/Amandes - 180g","p":4.06,"u":"22,56 €/KG","img":"https://fd5-photos.leclercdrive.fr/image.ashx?id=3009143&use=l&cat=p&typeid=i","cat":284497},{"id":54346,"n":"Barre Chocolatée KINDER Country  Céréales chocolat x10 - 235g","p":3.64,"u":"15,49 €/KG","img":"https://fd5-photos.leclercdrive.fr/image.ashx?id=2231942&use=l&cat=p&typeid=i","cat":284498},{"id":54351,"n":"Crème dessert Délisse Chocolat noisette - 4x125g","p":1.05,"u":"2,10 €/KG","img":"https://fd5-photos.leclercdrive.fr/image.ashx?id=2760810&use=l&cat=p&typeid=i","cat":285041},{"id":54354,"n":"Crevettes décortiquées ASC Delpierre - 180g","p":6.98,"u":"38,78 €/KG","img":"https://fd5-photos.leclercdrive.fr/image.ashx?id=2867999&use=l&cat=p&typeid=i","cat":284343},{"id":54386,"n":"Gâteau multicouche P'tit Déli Genoise fourré chocolat - 175g","p":1.27,"u":"7,26 €/KG","img":"https://fd5-photos.leclercdrive.fr/image.ashx?id=1756935&use=l&cat=p&typeid=i","cat":284495},{"id":54404,"n":"Sauce Tomacouli Panzani - 3X200G","p":1.53,"u":"2,55 €/KG","img":"https://fd5-photos.leclercdrive.fr/image.ashx?id=2744623&use=l&cat=p&typeid=i","cat":288384},{"id":54405,"n":"Sauce Tomacouli Panzani - 700G","p":1.54,"u":"2,20 €/KG","img":"https://fd5-photos.leclercdrive.fr/image.ashx?id=2744632&use=l&cat=p&typeid=i","cat":288384},{"id":54416,"n":"Bâtonnet à macher Dentalife Chien moyen - 345g","p":3.75,"u":"10,87 €/KG","img":"https://fd5-photos.leclercdrive.fr/image.ashx?id=2896426&use=l&cat=p&typeid=i","cat":294527},{"id":54418,"n":"Bâtonnet à mâche Dentalife Grand chien x12 - 426g","p":3.68,"u":"8,64 €/KG","img":"https://fd5-photos.leclercdrive.fr/image.ashx?id=2897342&use=l&cat=p&typeid=i","cat":294527},{"id":54471,"n":"Madeleines longues Le Ster Marbrées choco - 250g","p":1.52,"u":"6,08 €/KG","img":"https://fd5-photos.leclercdrive.fr/image.ashx?id=2962548&use=l&cat=p&typeid=i","cat":284492},{"id":54473,"n":"Madeleines longues Le Ster Nature  - 250g","p":1.32,"u":"5,28 €/KG","img":"https://fd5-photos.leclercdrive.fr/image.ashx?id=2962545&use=l&cat=p&typeid=i","cat":284492},{"id":54496,"n":"Gâteaux fourrés Milka Chocolat - 175g","p":1.66,"u":"9,49 €/KG","img":"https://fd5-photos.leclercdrive.fr/image.ashx?id=3005338&use=l&cat=p&typeid=i","cat":284495},{"id":54513,"n":"Falafels Végé - 200g","p":1.99,"u":"9,95 €/KG","img":"https://fd5-photos.leclercdrive.fr/image.ashx?id=2865266&use=l&cat=p&typeid=i","cat":316036},{"id":54518,"n":"Couscous royale Côté Table 800g","p":4.79,"u":"5,99 €/KG","img":"https://fd5-photos.leclercdrive.fr/image.ashx?id=2607945&use=l&cat=p&typeid=i","cat":333666},{"id":54520,"n":"Pâte a pizza Tablier Blanc Rectangle - 385g","p":1.3,"u":"3,38 €/KG","img":"https://fd5-photos.leclercdrive.fr/image.ashx?id=2635925&use=l&cat=p&typeid=i","cat":333681},{"id":54522,"n":"Pâte feuilletée Tablier Blanc A dérouler - x2 - 460g","p":1.48,"u":"3,22 €/KG","img":"https://fd5-photos.leclercdrive.fr/image.ashx?id=2635928&use=l&cat=p&typeid=i","cat":333681},{"id":54523,"n":"Nuggets végétales Végé - 200g","p":1.52,"u":"7,60 €/KG","img":"https://fd5-photos.leclercdrive.fr/image.ashx?id=2865263&use=l&cat=p&typeid=i","cat":316036},{"id":54532,"n":"Liqueur de Whisky Jack Daniel's Fire 70cL","p":19.95,"pp":17.95,"u":"25,64 €/L","img":"https://fd5-photos.leclercdrive.fr/image.ashx?id=3001473&use=l&cat=p&typeid=i","cat":286032},{"id":54540,"n":"AOC Crémant Limoux Aguila Brut - 75cl","p":6.5,"u":"8,67 €/L","img":"https://fd5-photos.leclercdrive.fr/image.ashx?id=2792243&use=l&cat=p&typeid=i","cat":284544},{"id":54542,"n":"Boisson sans alcool D'Artigny Cassis - 75cl","p":3.33,"u":"4,44 €/L","img":"https://fd5-photos.leclercdrive.fr/image.ashx?id=2854399&use=l&cat=p&typeid=i","cat":289460},{"id":54604,"n":"Compote Charles & Alice Panachés P.Myrtilles - 12x100g","p":3.9,"u":"3,25 €/KG","img":"https://fd5-photos.leclercdrive.fr/image.ashx?id=2790654&use=l&cat=p&typeid=i","cat":284416},{"id":54857,"n":"Polenta Turini  500g","p":1.19,"u":"2,38 €/KG","img":"https://fd5-photos.leclercdrive.fr/image.ashx?id=2682792&use=l&cat=p&typeid=i","cat":284431},{"id":54860,"n":"Mix apéritif Bio Village  Bio -  120g","p":2.74,"u":"22,83 €/KG","img":"https://fd5-photos.leclercdrive.fr/image.ashx?id=1944243&use=l&cat=p&typeid=i","cat":284448},{"id":54865,"n":"Tablette chocolat Villars Chocolat au Lait Suisse - 100g","p":2.31,"u":"23,10 €/KG","img":"https://fd5-photos.leclercdrive.fr/image.ashx?id=2464276&use=l&cat=p&typeid=i","cat":284497},{"id":54926,"n":"Mousse liégeoise Viennois  Café - 4x90g","p":1.6,"u":"4,44 €/KG","img":"https://fd5-photos.leclercdrive.fr/image.ashx?id=2729788&use=l&cat=p&typeid=i","cat":284417},{"id":54957,"n":"Cône Extrême Nestle Vanille Fraise - 6x71g","p":3.57,"u":"8,38 €/KG","img":"https://fd5-photos.leclercdrive.fr/image.ashx?id=2353113&use=l&cat=p&typeid=i","cat":284264},{"id":54958,"n":"Cône Extrême Nestle Menthe chocolat - 6x71g","p":3.57,"u":"8,38 €/KG","img":"https://fd5-photos.leclercdrive.fr/image.ashx?id=2737048&use=l&cat=p&typeid=i","cat":284264},{"id":55000,"n":"Protège-slips Vania Protect Aloe Vera - Large - x36","p":3.15,"u":"0,09 €/P","img":"https://fd5-photos.leclercdrive.fr/image.ashx?id=2735206&use=l&cat=p&typeid=i","cat":284625},{"id":55069,"n":"Bière La Rousse aux 3 malts 6.5%vol - 75cl","p":4.34,"u":"5,79 €/L","img":"https://fd5-photos.leclercdrive.fr/image.ashx?id=2432964&use=l&cat=p&typeid=i","cat":334872},{"id":55073,"n":"Bière La Blanche légère 4.7%vol - 75cl","p":4.34,"u":"5,79 €/L","img":"https://fd5-photos.leclercdrive.fr/image.ashx?id=2432961&use=l&cat=p&typeid=i","cat":334872},{"id":55090,"n":"AOP Bordeaux rouge Mouton Cadet - 75cl","p":6.95,"u":"9,27 €/L","img":"https://fd5-photos.leclercdrive.fr/image.ashx?id=2959940&use=l&cat=p&typeid=i","cat":289556},{"id":55097,"n":"Fil interdentaire Efiseptyl Antibactérien 40m","p":1.7,"img":"https://fd5-photos.leclercdrive.fr/image.ashx?id=2923477&use=l&cat=p&typeid=i","cat":285159},{"id":55099,"n":"AOC Bordeaux supérieur Rouge Château Laborie Granger - 75cl","p":3.95,"u":"5,27 €/L","img":"https://fd5-photos.leclercdrive.fr/image.ashx?id=2734468&use=l&cat=p&typeid=i","cat":289556},{"id":55101,"n":"AOP Médoc rouge Merrain - 75cl","p":7.8,"u":"10,40 €/L","img":"https://fd5-photos.leclercdrive.fr/image.ashx?id=2989282&use=l&cat=p&typeid=i","cat":289556},{"id":55102,"n":"Dentifrice expert Bionaïa Menthe Bio - 75ml","p":1.79,"u":"23,87 €/L","img":"https://fd5-photos.leclercdrive.fr/image.ashx?id=2529540&use=l&cat=p&typeid=i","cat":284612},{"id":55104,"n":"Recharge brosse à dents Dentamyl - Double zone - x2","p":6.99,"u":"3,50 €/P","img":"https://fd5-photos.leclercdrive.fr/image.ashx?id=2790988&use=l&cat=p&typeid=i","cat":297133},{"id":55109,"n":"Recharge brosse à dents Dentamyl Sensitive x2","p":6.99,"u":"3,50 €/P","img":"https://fd5-photos.leclercdrive.fr/image.ashx?id=2790991&use=l&cat=p&typeid=i","cat":297133},{"id":55111,"n":"AOC Côtes du Rhône rouge Celliers des Dauphins - 75cl","p":4.38,"u":"5,84 €/L","img":"https://fd5-photos.leclercdrive.fr/image.ashx?id=2830009&use=l&cat=p&typeid=i","cat":289556},{"id":55145,"n":"Allumettes Fleury Michon Jambon cuit - 2x75g","p":1.14,"u":"7,60 €/KG","img":"https://fd5-photos.leclercdrive.fr/image.ashx?id=2651047&use=l&cat=p&typeid=i","cat":316011},{"id":55197,"n":"Plat bébé soir Blédiner 12 mois Macaroni ratatouille - 2x200g","p":2.17,"u":"5,43 €/KG","img":"https://fd5-photos.leclercdrive.fr/image.ashx?id=2845826&use=l&cat=p&typeid=i","cat":312239},{"id":55206,"n":"Plat bébé Blédina 12 mois Pâtes tomate jambon - 2x200g","p":2.57,"u":"6,43 €/KG","img":"https://fd5-photos.leclercdrive.fr/image.ashx?id=2975071&use=l&cat=p&typeid=i","cat":312237},{"id":55209,"n":"Fromage Chaource AOP 500g","p":5.99,"u":"11,98 €/KG","img":"https://fd5-photos.leclercdrive.fr/image.ashx?id=2967103&use=l&cat=p&typeid=i","cat":329558},{"id":55254,"n":"Gâche ronde La Fournée Dorée Levain et crème fraîche - 500g","p":2.88,"u":"5,76 €/KG","img":"https://fd5-photos.leclercdrive.fr/image.ashx?id=2424560&use=l&cat=p&typeid=i","cat":284478},{"id":55260,"n":"Rôti de porc supérieur L'Atelier Charcuterie x4 -180g","p":3.68,"u":"20,44 €/KG","img":"https://fd5-photos.leclercdrive.fr/image.ashx?id=2998856&use=l&cat=p&typeid=i","cat":316009},{"id":55261,"n":"Pâté de campagne Breton L'Atelier Charcuterie - 170g","p":2.39,"u":"14,06 €/KG","img":"https://fd5-photos.leclercdrive.fr/image.ashx?id=2448285&use=l&cat=p&typeid=i","cat":316008},{"id":55262,"n":"Pâté Campagne Supérieur L'Atelier Charcuterie - 170g","p":2.08,"u":"12,24 €/KG","img":"https://fd5-photos.leclercdrive.fr/image.ashx?id=2905862&use=l&cat=p&typeid=i","cat":316008},{"id":55264,"n":"Mousse de foie Supérieure L'Atelier Charcuterie - 170g","p":2.19,"u":"12,88 €/KG","img":"https://fd5-photos.leclercdrive.fr/image.ashx?id=2882289&use=l&cat=p&typeid=i","cat":316008},{"id":55269,"n":"Boudin noir oignons rissolés L'Atelier Charcuterie x3 - 375g","p":4.04,"u":"10,77 €/KG","img":"https://fd5-photos.leclercdrive.fr/image.ashx?id=2994342&use=l&cat=p&typeid=i","cat":316012},{"id":55271,"n":"AOC Bordeaux vin rouge Bernard Cordelier - 75 cl","p":1.99,"u":"2,65 €/L","img":"https://fd5-photos.leclercdrive.fr/image.ashx?id=2954046&use=l&cat=p&typeid=i","cat":289556},{"id":55276,"n":"Brosse adhésive  Mamison Textile 36 feuilles","p":2.29,"img":"https://fd5-photos.leclercdrive.fr/image.ashx?id=1063565&use=l&cat=p&typeid=i","cat":284669},{"id":55279,"n":"Café grains Bio Ethiquable  100% arabica Honduras - 1kg","p":17.46,"u":"17,46 €/KG","img":"https://fd5-photos.leclercdrive.fr/image.ashx?id=2876857&use=l&cat=p&typeid=i","cat":293237},{"id":55281,"n":"Bougies d'anniversaire Ardence Bleues - x24","p":0.95,"u":"0,04 €/P","img":"https://fd5-photos.leclercdrive.fr/image.ashx?id=2980480&use=l&cat=p&typeid=i","cat":335913},{"id":55343,"n":"Biscuits à thé Delacre Tea Time Assortiment Boîte Métal - 1kg","p":13.73,"u":"13,73 €/KG","img":"https://fd5-photos.leclercdrive.fr/image.ashx?id=2867969&use=l&cat=p&typeid=i","cat":284490},{"id":55356,"n":"AOP Beaumes de Venise rouge 75cl","p":6.95,"u":"9,27 €/L","img":"https://fd5-photos.leclercdrive.fr/image.ashx?id=1758325&use=l&cat=p&typeid=i","cat":289556},{"id":55377,"n":"Bougie Bien Air Fruits rouges 30heures - x1","p":2.19,"img":"https://fd5-photos.leclercdrive.fr/image.ashx?id=2939073&use=l&cat=p&typeid=i","cat":284666},{"id":55381,"n":"Cacahuètes Tokapi  Grillées à sec - 120g","p":0.47,"u":"3,92 €/KG","img":"https://fd5-photos.leclercdrive.fr/image.ashx?id=2799778&use=l&cat=p&typeid=i","cat":284448},{"id":55415,"n":"Bougie Bien Air Anti-tabac 30h - x1","p":1.83,"img":"https://fd5-photos.leclercdrive.fr/image.ashx?id=2999613&use=l&cat=p&typeid=i","cat":284666},{"id":55438,"n":"Confit de canard du Sud-Ouest Pomme de terre - NRT - 1065g","p":13.99,"u":"13,14 €/KG","img":"https://fd5-photos.leclercdrive.fr/image.ashx?id=2753535&use=l&cat=p&typeid=i","cat":284440},{"id":55439,"n":"Salade Niçoise Côté Snack Au thon - 250g","p":1.8,"u":"7,20 €/KG","img":"https://fd5-photos.leclercdrive.fr/image.ashx?id=2868316&use=l&cat=p&typeid=i","cat":284437},{"id":55442,"n":"Salade Parisienne Côté Snack Au thon - 250g","p":2.49,"u":"9,96 €/KG","img":"https://fd5-photos.leclercdrive.fr/image.ashx?id=2905919&use=l&cat=p&typeid=i","cat":284437},{"id":55472,"n":"Mix Pane Schar Sans gluten - 1kg","p":6.28,"u":"6,28 €/KG","img":"https://fd5-photos.leclercdrive.fr/image.ashx?id=2439947&use=l&cat=p&typeid=i","cat":318654},{"id":55474,"n":"Mix Patisserie Schar Sans gluten - 1kg","p":5.78,"u":"5,78 €/KG","img":"https://fd5-photos.leclercdrive.fr/image.ashx?id=2439950&use=l&cat=p&typeid=i","cat":284504},{"id":55573,"n":"Soda Coca-Cola Original Bouteille - 1L","p":1.7,"u":"1,70 €/L","img":"https://fd5-photos.leclercdrive.fr/image.ashx?id=2194409&use=l&cat=p&typeid=i","cat":284530},{"id":55642,"n":"Ramette Esquisse x500 - A4 - 100g - Ultra blanc","p":7.9,"img":"https://fd5-photos.leclercdrive.fr/image.ashx?id=2943250&use=l&cat=p&typeid=i","cat":284697},{"id":55700,"n":"Haricots Verts Cassegrain Extra Fins Ceuillis main 110g","p":1.24,"u":"11,27 €/KG","img":"https://fd5-photos.leclercdrive.fr/image.ashx?id=2913034&use=l&cat=p&typeid=i","cat":312606},{"id":55766,"n":"AOP Crémant de Loire Brut - Lacheteau - 75cL","p":5.95,"u":"7,93 €/L","img":"https://fd5-photos.leclercdrive.fr/image.ashx?id=2431911&use=l&cat=p&typeid=i","cat":284545},{"id":55770,"n":"Déboucheur Ouragan Chrono 5min - 1L","p":3.13,"u":"3,13 €/L","img":"https://fd5-photos.leclercdrive.fr/image.ashx?id=2792552&use=l&cat=p&typeid=i","cat":284908},{"id":55786,"n":"Crêpe fourrée Whaou Chocolat / Noisette x8 - 256g","p":2.28,"u":"8,91 €/KG","img":"https://fd5-photos.leclercdrive.fr/image.ashx?id=2962857&use=l&cat=p&typeid=i","cat":284494},{"id":55816,"n":"Lingettes désinfectantes 2en1 x10 lingettes","p":1.52,"img":"https://fd5-photos.leclercdrive.fr/image.ashx?id=2832981&use=l&cat=p&typeid=i","cat":284630},{"id":55935,"n":"Lait écrémé Hauts de France 1L","p":1.09,"u":"1,09 €/L","img":"https://fd5-photos.leclercdrive.fr/image.ashx?id=1747004&use=l&cat=p&typeid=i","cat":284949},{"id":55939,"n":"Lait Hauts de France Demi-écrémé - 6x1L","p":6.9,"u":"1,15 €/L","img":"https://fd5-photos.leclercdrive.fr/image.ashx?id=1747013&use=l&cat=p&typeid=i","cat":284377},{"id":55940,"n":"Lait entier Hauts de France 1L","p":1.39,"u":"1,39 €/L","img":"https://fd5-photos.leclercdrive.fr/image.ashx?id=1747016&use=l&cat=p&typeid=i","cat":285610},{"id":55941,"n":"Lait entier Hauts de France 6x1L","p":8.35,"u":"1,39 €/L","img":"https://fd5-photos.leclercdrive.fr/image.ashx?id=1747019&use=l&cat=p&typeid=i","cat":285610},{"id":55942,"n":"Lait écrémé Hauts de France 1L","p":1.05,"u":"1,05 €/L","img":"https://fd5-photos.leclercdrive.fr/image.ashx?id=1746986&use=l&cat=p&typeid=i","cat":284949},{"id":55943,"n":"Lait écrémé Hauts de France 6x1L","p":6.3,"u":"1,05 €/L","img":"https://fd5-photos.leclercdrive.fr/image.ashx?id=1746989&use=l&cat=p&typeid=i","cat":284949},{"id":55946,"n":"Lait entier Hauts de France 1L","p":1.29,"u":"1,29 €/L","img":"https://fd5-photos.leclercdrive.fr/image.ashx?id=1746998&use=l&cat=p&typeid=i","cat":285610},{"id":55947,"n":"Lait entier Hauts de France 6x1L","p":7.74,"u":"1,29 €/L","img":"https://fd5-photos.leclercdrive.fr/image.ashx?id=1747001&use=l&cat=p&typeid=i","cat":285610},{"id":55949,"n":"Riz soja bio Céréal Bio  à l'espagnol repas express-220g","p":2.17,"u":"9,86 €/KG","img":"https://fd5-photos.leclercdrive.fr/image.ashx?id=2575093&use=l&cat=p&typeid=i","cat":287600},{"id":56119,"n":"Champagne Alfred Rothschild Demi-sec, 12%vol - 75cl","p":21.09,"u":"28,12 €/L","img":"https://fd5-photos.leclercdrive.fr/image.ashx?id=2254172&use=l&cat=p&typeid=i","cat":284542},{"id":56158,"n":"Jambon du Périgord NRT x4 - 100g","p":3.43,"u":"34,30 €/KG","img":"https://fd5-photos.leclercdrive.fr/image.ashx?id=1671277&use=l&cat=p&typeid=i","cat":316007},{"id":56160,"n":"Assortiment de charcuteries Savoyardes - NRT - 200g","p":6.29,"u":"31,45 €/KG","img":"https://fd5-photos.leclercdrive.fr/image.ashx?id=2753529&use=l&cat=p&typeid=i","cat":316007},{"id":56162,"n":"Lait concentré sucré Nestlé 1kg","p":4.15,"u":"4,15 €/KG","img":"https://fd5-photos.leclercdrive.fr/image.ashx?id=2906067&use=l&cat=p&typeid=i","cat":299162},{"id":56440,"n":"Biscuit Citron Yuzu GERBLE  sans sucre 6 132g","p":1.89,"u":"14,32 €/KG","img":"https://fd5-photos.leclercdrive.fr/image.ashx?id=2664016&use=l&cat=p&typeid=i","cat":318653},{"id":56444,"n":"Biscuits chocolat amande GERBLE  - 4x4, 200g","p":1.8,"u":"9,00 €/KG","img":"https://fd5-photos.leclercdrive.fr/image.ashx?id=2967004&use=l&cat=p&typeid=i","cat":318651},{"id":56456,"n":"Biscuit Coco GERBLE  sans sucre - 132g","p":1.93,"u":"14,62 €/KG","img":"https://fd5-photos.leclercdrive.fr/image.ashx?id=2662826&use=l&cat=p&typeid=i","cat":318653},{"id":56457,"n":"Biscuit Sésame Vanille GERBLE  sans sucres - 132g","p":1.94,"u":"14,70 €/KG","img":"https://fd5-photos.leclercdrive.fr/image.ashx?id=2664013&use=l&cat=p&typeid=i","cat":318653},{"id":56464,"n":"Biscuit fourré cacao GERBLE   sans sucre 6 185g","p":2.74,"u":"14,81 €/KG","img":"https://fd5-photos.leclercdrive.fr/image.ashx?id=2662832&use=l&cat=p&typeid=i","cat":318653},{"id":56468,"n":"Goûters 4S aux pommes Gerblé 360g","p":2.02,"u":"5,61 €/KG","img":"https://fd5-photos.leclercdrive.fr/image.ashx?id=2860907&use=l&cat=p&typeid=i","cat":318651},{"id":56511,"n":"Galettes sarrasin Bretagne NRT x6 - 300g","p":1.89,"u":"6,30 €/KG","img":"https://fd5-photos.leclercdrive.fr/image.ashx?id=2770268&use=l&cat=p&typeid=i","cat":333672},{"id":56517,"n":"Eau minérale naturelle Contrex 6x1.5L","p":2.89,"u":"0,32 €/L","img":"https://fd5-photos.leclercdrive.fr/image.ashx?id=2758773&use=l&cat=p&typeid=i","cat":284535},{"id":56547,"n":"Flocons d'avoine bio Bio Village - 500g","p":1.48,"u":"2,96 €/KG","img":"https://fd5-photos.leclercdrive.fr/image.ashx?id=2688243&use=l&cat=p&typeid=i","cat":309512},{"id":56558,"n":"Croquettes chat Tous mes amis Boeuf/poulet/légumes - 7.5kg","p":10.46,"u":"1,39 €/KG","img":"https://fd5-photos.leclercdrive.fr/image.ashx?id=2319118&use=l&cat=p&typeid=i","cat":284680},{"id":56574,"n":"Sel Fin de Table Rustica Boîte verseuse 500g","p":0.46,"u":"0,92 €/KG","img":"https://fd5-photos.leclercdrive.fr/image.ashx?id=2050681&use=l&cat=p&typeid=i","cat":284457},{"id":56609,"n":"Fromage à tartiner Madame Loïk Fouetté Nature - 320g","p":2.98,"u":"9,31 €/KG","img":"https://fd5-photos.leclercdrive.fr/image.ashx?id=2967798&use=l&cat=p&typeid=i","cat":314029},{"id":56610,"n":"Fromage à tartiner Madame Loïk Fouetté Nature - 180g","p":1.79,"u":"9,94 €/KG","img":"https://fd5-photos.leclercdrive.fr/image.ashx?id=2948015&use=l&cat=p&typeid=i","cat":314029},{"id":56613,"n":"IGP Pays d'Oc rouge Merlot Grand Sud 13.5% vol - BIB 5L","p":17.36,"u":"3,47 €/L","img":"https://fd5-photos.leclercdrive.fr/image.ashx?id=2837457&use=l&cat=p&typeid=i","cat":289556},{"id":56765,"n":"Vinaigre de cidre Rustica 25cl","p":0.79,"u":"3,16 €/L","img":"https://fd5-photos.leclercdrive.fr/image.ashx?id=1072906&use=l&cat=p&typeid=i","cat":298543},{"id":56845,"n":"Bâtonnets de poisson Findus  Colin d'Alaska MSC x16 - 448g","p":4.41,"u":"9,84 €/KG","img":"https://fd5-photos.leclercdrive.fr/image.ashx?id=2650684&use=l&cat=p&typeid=i","cat":319788},{"id":56852,"n":"Tablette de chocolat Côte d'or Lait Noisette - 4x180g","p":12.01,"u":"16,68 €/KG","img":"https://fd5-photos.leclercdrive.fr/image.ashx?id=2168660&use=l&cat=p&typeid=i","cat":284497},{"id":56853,"n":"Tablette de chocolat Côte d'or Noir noisette - 4x180g","p":12.2,"u":"16,94 €/KG","img":"https://fd5-photos.leclercdrive.fr/image.ashx?id=2167696&use=l&cat=p&typeid=i","cat":284956},{"id":56862,"n":"Couscous Comptoir du Grain  Fin - 1kg","p":2.17,"u":"2,17 €/KG","img":"https://fd5-photos.leclercdrive.fr/image.ashx?id=3012854&use=l&cat=p&typeid=i","cat":284429},{"id":56885,"n":"Gel coiffant Vitanove Effet invisible - 300ml","p":1.96,"u":"6,53 €/L","img":"https://fd5-photos.leclercdrive.fr/image.ashx?id=2879940&use=l&cat=p&typeid=i","cat":284609},{"id":56887,"n":"Burger du chef Socopa Spécial burger 15%MG - 250g","p":3.0,"u":"12,00 €/KG","img":"https://fd5-photos.leclercdrive.fr/image.ashx?id=2456159&use=l&cat=p&typeid=i","cat":284332},{"id":56889,"n":"Gel soin visage charbon Garnier Anti-Points Noirs - 150ml","p":4.26,"u":"28,40 €/L","img":"https://fd5-photos.leclercdrive.fr/image.ashx?id=2634190&use=l&cat=p&typeid=i","cat":284603},{"id":56923,"n":"Camembert Lanquetot 250g + 10% offert","p":3.23,"u":"11,75 €/KG","img":"https://fd5-photos.leclercdrive.fr/image.ashx?id=1586640&use=l&cat=p&typeid=i","cat":314033},{"id":56935,"n":"Pâte à tartiner Nutella 400g","p":3.33,"u":"8,33 €/KG","img":"https://fd5-photos.leclercdrive.fr/image.ashx?id=2935645&use=l&cat=p&typeid=i","cat":284481},{"id":56953,"n":"Cordons bleus Côté Croc Au poulet x2 - 200g","p":1.59,"u":"7,95 €/KG","img":"https://fd5-photos.leclercdrive.fr/image.ashx?id=2801046&use=l&cat=p&typeid=i","cat":333683},{"id":56967,"n":"Biscuits déli Matin P'tit Deli Pepites chocolat -  600g","p":3.31,"u":"5,52 €/KG","img":"https://fd5-photos.leclercdrive.fr/image.ashx?id=2999514&use=l&cat=p&typeid=i","cat":284491},{"id":56994,"n":"Pancakes Epi d'or x6 - 200g","p":2.63,"u":"13,15 €/KG","img":"https://fd5-photos.leclercdrive.fr/image.ashx?id=1905500&use=l&cat=p&typeid=i","cat":288858},{"id":56996,"n":"Jus de fruit Jafaden  Pur jus multifruits - 2L","p":2.59,"u":"1,30 €/L","img":"https://fd5-photos.leclercdrive.fr/image.ashx?id=2920196&use=l&cat=p&typeid=i","cat":284917},{"id":57020,"n":"Ossau iraty NRT AOP  Fromage de brebis - 200g","p":3.99,"u":"19,95 €/KG","img":"https://fd5-photos.leclercdrive.fr/image.ashx?id=2342632&use=l&cat=p&typeid=i","cat":329184},{"id":57030,"n":"Fromage Morbier NRT AOP  250g","p":3.59,"u":"14,36 €/KG","img":"https://fd5-photos.leclercdrive.fr/image.ashx?id=2624034&use=l&cat=p&typeid=i","cat":329184},{"id":57041,"n":"Bière blonde 1664 5,5° - 6x33cl canettes","p":4.99,"pp":3.29,"u":"1,66 €/L","img":"https://fd5-photos.leclercdrive.fr/image.ashx?id=2887566&use=l&cat=p&typeid=i","cat":334853},{"id":57044,"n":"Bière blonde Kronenbourg 4,2° - 12x33cl canettes","p":7.66,"u":"1,93 €/L","img":"https://fd5-photos.leclercdrive.fr/image.ashx?id=2854366&use=l&cat=p&typeid=i","cat":334853},{"id":57045,"n":"Bière blonde Kronenbourg 4,2° - 6x33cl canettes","p":3.96,"u":"2,00 €/L","img":"https://fd5-photos.leclercdrive.fr/image.ashx?id=2212581&use=l&cat=p&typeid=i","cat":334853},{"id":57119,"n":"Super décapant cuisine Briochin Ecocert - 1L","p":2.78,"u":"2,78 €/L","img":"https://fd5-photos.leclercdrive.fr/image.ashx?id=3011401&use=l&cat=p&typeid=i","cat":325357},{"id":57151,"n":"Mousse Délisse Chocolat au lait - 8x60g","p":2.25,"u":"4,69 €/KG","img":"https://fd5-photos.leclercdrive.fr/image.ashx?id=3009517&use=l&cat=p&typeid=i","cat":284417},{"id":57155,"n":"Yaourts à la Grecque Delisse Lit de miel - 4x150g","p":2.89,"u":"4,82 €/KG","img":"https://fd5-photos.leclercdrive.fr/image.ashx?id=2699702&use=l&cat=p&typeid=i","cat":314999},{"id":57190,"n":"Yaourt brassé Bio Village Myrtille Bio - 4x115g","p":1.45,"u":"3,15 €/KG","img":"https://fd5-photos.leclercdrive.fr/image.ashx?id=2473198&use=l&cat=p&typeid=i","cat":284410},{"id":57275,"n":"Boisson aux fruits Oasis Tropical - 1L","p":1.52,"u":"1,52 €/L","img":"https://fd5-photos.leclercdrive.fr/image.ashx?id=2666638&use=l&cat=p&typeid=i","cat":295018},{"id":57284,"n":"AOC Prosecco Riccadonna Extra Dry - 11° - 75cl","p":6.19,"u":"8,25 €/L","img":"https://fd5-photos.leclercdrive.fr/image.ashx?id=2666303&use=l&cat=p&typeid=i","cat":289461},{"id":57288,"n":"Jeunes pousses & roquettes  Bonduelle - 145g","p":2.09,"u":"14,41 €/KG","img":"https://fd5-photos.leclercdrive.fr/image.ashx?id=2862128&use=l&cat=p&typeid=i","cat":284353},{"id":57307,"n":"Pur jus Jafaden Orange, raisin, clémentine, pamplemousse - 1L","p":2.29,"u":"2,29 €/L","img":"https://fd5-photos.leclercdrive.fr/image.ashx?id=2869799&use=l&cat=p&typeid=i","cat":284917},{"id":57314,"n":"Risotto Fleury Michon Poulet et cèpes - 280g","p":3.01,"u":"10,75 €/KG","img":"https://fd5-photos.leclercdrive.fr/image.ashx?id=3003281&use=l&cat=p&typeid=i","cat":333665},{"id":57357,"n":"Déodorant Monsavon spray Alun, lait et coton - 2x200ml","p":3.58,"u":"8,95 €/L","img":"https://fd5-photos.leclercdrive.fr/image.ashx?id=2489440&use=l&cat=p&typeid=i","cat":284595},{"id":57364,"n":"Déodorant Monsavon Fleur Lotus Pierre d'alun, lait - 2x200ml","p":3.59,"u":"8,98 €/L","img":"https://fd5-photos.leclercdrive.fr/image.ashx?id=2489443&use=l&cat=p&typeid=i","cat":284595},{"id":57518,"n":"Cervelas à l'alsacienne Iller x4 - 560g","p":7.44,"u":"13,29 €/KG","img":"https://fd5-photos.leclercdrive.fr/image.ashx?id=1730376&use=l&cat=p&typeid=i","cat":316012},{"id":57520,"n":"Vin mousseux de France Kriter  Rosé brut - 75cl","p":4.9,"u":"6,53 €/L","img":"https://fd5-photos.leclercdrive.fr/image.ashx?id=2875342&use=l&cat=p&typeid=i","cat":284544},{"id":57685,"n":"Pots bébé bio Babybio Légumes poulet - 6 mois - 400g","p":2.99,"u":"7,48 €/KG","img":"https://fd5-photos.leclercdrive.fr/image.ashx?id=2827422&use=l&cat=p&typeid=i","cat":312236},{"id":57688,"n":"Bols soir bébé bio Babybio Purée, courgette -8 mois-2x200g","p":2.93,"u":"7,33 €/KG","img":"https://fd5-photos.leclercdrive.fr/image.ashx?id=2859365&use=l&cat=p&typeid=i","cat":312239},{"id":57693,"n":"Crème dessert bébé bio Babybio  Semoule cacao -8 mois- 4x85g","p":3.51,"u":"10,32 €/KG","img":"https://fd5-photos.leclercdrive.fr/image.ashx?id=2834527&use=l&cat=p&typeid=i","cat":312393},{"id":57696,"n":"Pots bébé bio Babybio - 6 mois  Légumes pâtes boeuf - 2x200g","p":3.11,"u":"7,78 €/KG","img":"https://fd5-photos.leclercdrive.fr/image.ashx?id=2838301&use=l&cat=p&typeid=i","cat":312236},{"id":57712,"n":"Vin de l'Union Européenne rosé Caves Vernaux Champlure - 75 cl","p":2.54,"u":"3,39 €/L","img":"https://fd5-photos.leclercdrive.fr/image.ashx?id=2964950&use=l&cat=p&typeid=i","cat":289558},{"id":57713,"n":"Vin Union européenne blanc Lichette Alouettes - 5L","p":13.0,"u":"2,60 €/L","img":"https://fd5-photos.leclercdrive.fr/image.ashx?id=2859194&use=l&cat=p&typeid=i","cat":289557},{"id":57763,"n":"Pâtes Serpentini Panzani 3 Minutes - 500g","p":1.34,"u":"2,68 €/KG","img":"https://fd5-photos.leclercdrive.fr/image.ashx?id=2896078&use=l&cat=p&typeid=i","cat":284427},{"id":57767,"n":"Tablette de chocolat noir Lindt Framboise intense - 100g","p":2.37,"u":"23,70 €/KG","img":"https://fd5-photos.leclercdrive.fr/image.ashx?id=2689484&use=l&cat=p&typeid=i","cat":318654},{"id":57768,"n":"Tablette de chocolat noir Lindt Sésame grillé - 100g","p":2.37,"u":"23,70 €/KG","img":"https://fd5-photos.leclercdrive.fr/image.ashx?id=2689490&use=l&cat=p&typeid=i","cat":284956},{"id":57775,"n":"Chocolat au lait Eco+ Noisette - 4x100g","p":3.08,"u":"7,70 €/KG","img":"https://fd5-photos.leclercdrive.fr/image.ashx?id=2775463&use=l&cat=p&typeid=i","cat":284497},{"id":57779,"n":"Capsules café Plantation Espresso n°5 - x16 - 92g","p":2.69,"u":"29,24 €/KG","img":"https://fd5-photos.leclercdrive.fr/image.ashx?id=2649729&use=l&cat=p&typeid=i","cat":293239},{"id":57782,"n":"Capsules café Plantation Cappuccino - 2x8 - 166g","p":3.45,"u":"20,78 €/KG","img":"https://fd5-photos.leclercdrive.fr/image.ashx?id=2856558&use=l&cat=p&typeid=i","cat":293239},{"id":57786,"n":"Capsules café Plantation Gigante n°5 - x16 - 112g","p":2.99,"u":"26,70 €/KG","img":"https://fd5-photos.leclercdrive.fr/image.ashx?id=2649738&use=l&cat=p&typeid=i","cat":293239},{"id":57804,"n":"Tomato Ketchup Heinz - 570g","p":2.23,"u":"3,91 €/KG","img":"https://fd5-photos.leclercdrive.fr/image.ashx?id=2924944&use=l&cat=p&typeid=i","cat":284455},{"id":57812,"n":"Petits pots bébé P'TITE RECETTE Couscous 8M+ - 2x200g","p":1.77,"u":"4,43 €/KG","img":"https://fd5-photos.leclercdrive.fr/image.ashx?id=2525696&use=l&cat=p&typeid=i","cat":312236},{"id":57814,"n":"Petits pots bébé P'TITE RECETTE Hachis Parmentier 8M+ - 2x200g","p":1.81,"u":"4,53 €/KG","img":"https://fd5-photos.leclercdrive.fr/image.ashx?id=2629689&use=l&cat=p&typeid=i","cat":312236},{"id":57815,"n":"Petits pots bébé P'TITE RECETTE Spaghetti bolognaise 8m -2x200g","p":1.82,"u":"4,55 €/KG","img":"https://fd5-photos.leclercdrive.fr/image.ashx?id=2629683&use=l&cat=p&typeid=i","cat":312236},{"id":57816,"n":"Petits pots bébé P'TITE RECETTE Pot au feu 8M+ - 2x200g","p":2.19,"u":"5,48 €/KG","img":"https://fd5-photos.leclercdrive.fr/image.ashx?id=2518415&use=l&cat=p&typeid=i","cat":312236},{"id":57821,"n":"Petits pots bébé PTIT SOUPER pâtes courgettes 6M+ - 2x200g","p":1.72,"u":"4,30 €/KG","img":"https://fd5-photos.leclercdrive.fr/image.ashx?id=2526523&use=l&cat=p&typeid=i","cat":312239},{"id":57824,"n":"Petits pots bébé P'TIT SOUPER Risotto carottes 12M+ - 2x200g","p":2.03,"u":"5,08 €/KG","img":"https://fd5-photos.leclercdrive.fr/image.ashx?id=2526526&use=l&cat=p&typeid=i","cat":312239},{"id":57883,"n":"Petits pots bébé P'TITE RECETTE  riz dinde 12M+ - 2x200g","p":1.82,"u":"4,55 €/KG","img":"https://fd5-photos.leclercdrive.fr/image.ashx?id=2629686&use=l&cat=p&typeid=i","cat":312237},{"id":57953,"n":"Papier cuisson Albal x16 feuilles","p":2.64,"img":"https://fd5-photos.leclercdrive.fr/image.ashx?id=2551447&use=l&cat=p&typeid=i","cat":334134},{"id":57956,"n":"Serviettes fuites urinaires  TENA Discreet - Mini - x20","p":3.5,"u":"0,18 €/P","img":"https://fd5-photos.leclercdrive.fr/image.ashx?id=2597241&use=l&cat=p&typeid=i","cat":284628},{"id":57958,"n":"Eau de toilette Alix De Faure Nature de feu - 100ml","p":4.55,"u":"45,50 €/L","img":"https://fd5-photos.leclercdrive.fr/image.ashx?id=2741300&use=l&cat=p&typeid=i","cat":287740},{"id":57963,"n":"Eau de toilette Alix de Faure Budapest - 100ml","p":4.4,"u":"44,00 €/L","img":"https://fd5-photos.leclercdrive.fr/image.ashx?id=2251531&use=l&cat=p&typeid=i","cat":291525},{"id":57983,"n":"Râpe Électrique Velvet Smooth Exfoliante et Contour des Pieds","p":23.9,"u":"Dont 0,17 € d'éco-part.","img":"https://fd5-photos.leclercdrive.fr/image.ashx?id=2465143&use=l&cat=p&typeid=i","cat":325354},{"id":57984,"n":"Râpe Électrique 2 en 1 Exfoliante et Lissante Pieds","p":20.41,"u":"Dont 0,10 € d'éco-part.","img":"https://fd5-photos.leclercdrive.fr/image.ashx?id=2457473&use=l&cat=p&typeid=i","cat":325354},{"id":58119,"n":"Madeleines longue pépites sucre Le Ster x20 - 250g","p":1.6,"u":"6,40 €/KG","img":"https://fd5-photos.leclercdrive.fr/image.ashx?id=2962566&use=l&cat=p&typeid=i","cat":284492},{"id":58125,"n":"flan dany chocolat 4x100g","p":1.43,"u":"3,58 €/KG","img":"https://fd5-photos.leclercdrive.fr/image.ashx?id=2132316&use=l&cat=p&typeid=i","cat":284414},{"id":58143,"n":"Soin de jour L'Oréal Paris Age Perfect anti-âge - 50ml","p":11.97,"pp":7.9,"u":"158,00 €/L","img":"https://fd5-photos.leclercdrive.fr/image.ashx?id=2769744&use=l&cat=p&typeid=i","cat":325345},{"id":58201,"n":"Désodorisant Bien Air  Senteur muguet - 300ml","p":1.09,"u":"3,63 €/L","img":"https://fd5-photos.leclercdrive.fr/image.ashx?id=2607942&use=l&cat=p&typeid=i","cat":311626},{"id":58202,"n":"Désodorisant Bien Air Floral - 300ml","p":1.09,"u":"3,63 €/L","img":"https://fd5-photos.leclercdrive.fr/image.ashx?id=2614573&use=l&cat=p&typeid=i","cat":311626},{"id":58203,"n":"Désodorisant Bien Air  Fruits rouges - 300ml","p":1.35,"u":"4,50 €/L","img":"https://fd5-photos.leclercdrive.fr/image.ashx?id=2613723&use=l&cat=p&typeid=i","cat":311626},{"id":58205,"n":"Désodorisant Bien Air Vanille - 300ml","p":1.09,"u":"3,63 €/L","img":"https://fd5-photos.leclercdrive.fr/image.ashx?id=2613726&use=l&cat=p&typeid=i","cat":311626},{"id":58206,"n":"Désodorisant Bien Air Agrume, anti-tabac - 300ml","p":1.15,"u":"3,83 €/L","img":"https://fd5-photos.leclercdrive.fr/image.ashx?id=2613729&use=l&cat=p&typeid=i","cat":311626},{"id":58214,"n":"Carré gourmand Garden Gourmet Tomates et mozzarella 160g","p":2.29,"u":"14,31 €/KG","img":"https://fd5-photos.leclercdrive.fr/image.ashx?id=3009107&use=l&cat=p&typeid=i","cat":316036},{"id":58218,"n":"Croissants Côté Table Jambon emmental - 2x170g","p":2.92,"u":"8,59 €/KG","img":"https://fd5-photos.leclercdrive.fr/image.ashx?id=2885128&use=l&cat=p&typeid=i","cat":333671},{"id":58222,"n":"Nuggets Côté Croc Fromage - 180g","p":1.84,"u":"10,22 €/KG","img":"https://fd5-photos.leclercdrive.fr/image.ashx?id=2462260&use=l&cat=p&typeid=i","cat":333684},{"id":58232,"n":"Pâte feuilletée Tablier Blanc Rectangulaire - 230g","p":1.14,"u":"4,96 €/KG","img":"https://fd5-photos.leclercdrive.fr/image.ashx?id=2635931&use=l&cat=p&typeid=i","cat":333681},{"id":58276,"n":"Papier toilette Foxy Soie 12 rouleaux","p":4.1,"u":"0,34 €/P","img":"https://fd5-photos.leclercdrive.fr/image.ashx?id=2789098&use=l&cat=p&typeid=i","cat":284634},{"id":58428,"n":"Sachet fraicheur chat Sheba Boeuf poulet en sauce - 6x50g","p":2.55,"u":"8,50 €/KG","img":"https://fd5-photos.leclercdrive.fr/image.ashx?id=2895927&use=l&cat=p&typeid=i","cat":285286},{"id":58444,"n":"Cacahuètes Benenuts-Twinuts Nature format familial - 260g","p":1.84,"u":"7,08 €/KG","img":"https://fd5-photos.leclercdrive.fr/image.ashx?id=2967744&use=l&cat=p&typeid=i","cat":284448},{"id":58450,"n":"Tomates pelées entières D'aucy 476g","p":1.46,"u":"3,07 €/KG","img":"https://fd5-photos.leclercdrive.fr/image.ashx?id=2751996&use=l&cat=p&typeid=i","cat":312608},{"id":58451,"n":"Sachets repas chats Gourmet Mon Petit - Poisson - 6x50g","p":2.48,"u":"8,27 €/KG","img":"https://fd5-photos.leclercdrive.fr/image.ashx?id=2899686&use=l&cat=p&typeid=i","cat":285286},{"id":58453,"n":"Sachets repas chats Gourmet Mon Petit - Volaille - 6x50g","p":2.48,"u":"8,27 €/KG","img":"https://fd5-photos.leclercdrive.fr/image.ashx?id=2899689&use=l&cat=p&typeid=i","cat":285286},{"id":58460,"n":"Croquettes chat Purina One Boules de poils - Poulet -1.5Kg","p":8.31,"u":"5,54 €/KG","img":"https://fd5-photos.leclercdrive.fr/image.ashx?id=2868527&use=l&cat=p&typeid=i","cat":284680},{"id":58463,"n":"Gâche tranchée La Fournée Dorée 500g","p":2.06,"u":"4,12 €/KG","img":"https://fd5-photos.leclercdrive.fr/image.ashx?id=2277956&use=l&cat=p&typeid=i","cat":284478},{"id":58488,"n":"Boîte chat Whiskas Sauce carte du boucher - 4x400g","p":5.32,"u":"3,33 €/KG","img":"https://fd5-photos.leclercdrive.fr/image.ashx?id=2619986&use=l&cat=p&typeid=i","cat":285601},{"id":58496,"n":"Bière blonde Heineken 6x33cl","p":7.28,"u":"3,68 €/L","img":"https://fd5-photos.leclercdrive.fr/image.ashx?id=3008107&use=l&cat=p&typeid=i","cat":334873},{"id":58505,"n":"Bière blonde Heineken Sans alcool - 6x25cl","p":4.31,"u":"2,87 €/L","img":"https://fd5-photos.leclercdrive.fr/image.ashx?id=2948528&use=l&cat=p&typeid=i","cat":334877},{"id":58510,"n":"Jambon cru fumé Eco+ 14 tranches - 200g","p":1.96,"u":"9,80 €/KG","img":"https://fd5-photos.leclercdrive.fr/image.ashx?id=2779172&use=l&cat=p&typeid=i","cat":316007},{"id":58525,"n":"Salade choux rouge  Menu fraîcheur - 300g","p":1.81,"u":"6,03 €/KG","img":"https://fd5-photos.leclercdrive.fr/image.ashx?id=2901458&use=l&cat=p&typeid=i","cat":333657},{"id":58526,"n":"Salade cervelas Menu fraîcheur 300g","p":2.57,"u":"8,57 €/KG","img":"https://fd5-photos.leclercdrive.fr/image.ashx?id=2645957&use=l&cat=p&typeid=i","cat":333657},{"id":58530,"n":"Pâte à tartiner L. Georgelin Bio Noisettes cacao  400g","p":5.17,"u":"12,93 €/KG","img":"https://fd5-photos.leclercdrive.fr/image.ashx?id=1580439&use=l&cat=p&typeid=i","cat":284481},{"id":58548,"n":"Sachets repas chats Purina One Sauce boeuf poulet x4 - 340g","p":1.9,"u":"5,59 €/KG","img":"https://fd5-photos.leclercdrive.fr/image.ashx?id=2468239&use=l&cat=p&typeid=i","cat":285286},{"id":58570,"n":"Friandises chien Pedigree  Récompense bœuf volaille - 155g","p":1.73,"u":"11,16 €/KG","img":"https://fd5-photos.leclercdrive.fr/image.ashx?id=2924779&use=l&cat=p&typeid=i","cat":294527},{"id":58577,"n":"Dessert bébé lacté Blédina 6m Abricot - 6x55g","p":2.07,"u":"6,27 €/KG","img":"https://fd5-photos.leclercdrive.fr/image.ashx?id=2952448&use=l&cat=p&typeid=i","cat":312392},{"id":58578,"n":"Dessert bébé lacté Blédina 6m Fraise - 6x55g","p":2.07,"u":"6,27 €/KG","img":"https://fd5-photos.leclercdrive.fr/image.ashx?id=2952451&use=l&cat=p&typeid=i","cat":312392},{"id":58603,"n":"Boudin blanc de Rethel NRT IGP - 350g","p":5.5,"u":"15,71 €/KG","img":"https://fd5-photos.leclercdrive.fr/image.ashx?id=2991503&use=l&cat=p&typeid=i","cat":316012},{"id":58613,"n":"Haricots verts Gillet  Extra fins, bocal - 345g","p":3.5,"u":"10,14 €/KG","img":"https://fd5-photos.leclercdrive.fr/image.ashx?id=1867183&use=l&cat=p&typeid=i","cat":312606},{"id":58621,"n":"Asperges blanches Géant Vert mini - 110g","p":2.28,"u":"20,73 €/KG","img":"https://fd5-photos.leclercdrive.fr/image.ashx?id=2840554&use=l&cat=p&typeid=i","cat":312611},{"id":58625,"n":"Cœurs de palmiers Géant Vert - 220g","p":3.54,"u":"16,09 €/KG","img":"https://fd5-photos.leclercdrive.fr/image.ashx?id=2840560&use=l&cat=p&typeid=i","cat":312611},{"id":58626,"n":"Coeurs d'artichauts Géant Vert - 240g","p":2.91,"u":"12,13 €/KG","img":"https://fd5-photos.leclercdrive.fr/image.ashx?id=2840566&use=l&cat=p&typeid=i","cat":312611},{"id":58634,"n":"Soupe 12 légumes Knorr Fromage frais  - 1L","p":2.67,"u":"2,67 €/L","img":"https://fd5-photos.leclercdrive.fr/image.ashx?id=2656249&use=l&cat=p&typeid=i","cat":284462},{"id":58636,"n":"Soupe Douceur potiron Knorr Chataigne - 1L","p":2.72,"u":"2,72 €/L","img":"https://fd5-photos.leclercdrive.fr/image.ashx?id=2420033&use=l&cat=p&typeid=i","cat":284462},{"id":58648,"n":"Comté AOP  15 mois - 200g","p":4.72,"u":"23,60 €/KG","img":"https://fd5-photos.leclercdrive.fr/image.ashx?id=2692575&use=l&cat=p&typeid=i","cat":314034},{"id":58655,"n":"Poêlée fermière Notre Jardin 750g","p":2.89,"u":"3,85 €/KG","img":"https://fd5-photos.leclercdrive.fr/image.ashx?id=2878597&use=l&cat=p&typeid=i","cat":319823},{"id":58676,"n":"Saucisses fumées Férial x4 - 360g","p":3.99,"u":"11,08 €/KG","img":"https://fd5-photos.leclercdrive.fr/image.ashx?id=2693156&use=l&cat=p&typeid=i","cat":316012},{"id":58685,"n":"Jambon Speck Saint Azay 100g","p":2.39,"u":"23,90 €/KG","img":"https://fd5-photos.leclercdrive.fr/image.ashx?id=2856739&use=l&cat=p&typeid=i","cat":316007},{"id":58695,"n":"Farce à légumes Férial 400g","p":3.72,"u":"9,30 €/KG","img":"https://fd5-photos.leclercdrive.fr/image.ashx?id=2922703&use=l&cat=p&typeid=i","cat":284332},{"id":58704,"n":"Haché à cuisiner Charal Pur Bœuf 15%MG - 400g","p":6.15,"u":"15,38 €/KG","img":"https://fd5-photos.leclercdrive.fr/image.ashx?id=2741934&use=l&cat=p&typeid=i","cat":319779},{"id":58715,"n":"Mini croque monsieur Côté Table x20 - 240g","p":4.64,"u":"19,33 €/KG","img":"https://fd5-photos.leclercdrive.fr/image.ashx?id=2217167&use=l&cat=p&typeid=i","cat":319774},{"id":58740,"n":"Haché à cuisiner Charal Happy Family - 600g","p":7.29,"u":"12,15 €/KG","img":"https://fd5-photos.leclercdrive.fr/image.ashx?id=2977330&use=l&cat=p&typeid=i","cat":319779},{"id":58826,"n":"Viande hachée 5% MG Férial 500g","p":8.09,"u":"16,18 €/KG","img":"https://fd5-photos.leclercdrive.fr/image.ashx?id=2903995&use=l&cat=p&typeid=i","cat":284332},{"id":58939,"n":"Yaourt à boire Actimel fraise - 12x100g","p":3.84,"u":"3,20 €/KG","img":"https://fd5-photos.leclercdrive.fr/image.ashx?id=2996458&use=l&cat=p&typeid=i","cat":284415},{"id":58944,"n":"Yaourts à boire Actimel Nature - 12x100g","p":3.77,"u":"3,14 €/KG","img":"https://fd5-photos.leclercdrive.fr/image.ashx?id=2996461&use=l&cat=p&typeid=i","cat":284415},{"id":58952,"n":"Yaourts à boire Actimel framboise fruit rouge - 12x100g","p":5.4,"u":"4,50 €/KG","img":"https://fd5-photos.leclercdrive.fr/image.ashx?id=2996476&use=l&cat=p&typeid=i","cat":284415},{"id":59091,"n":"Gousse vanille Vahiné Papouasie - 3g","p":4.59,"img":"https://fd5-photos.leclercdrive.fr/image.ashx?id=2559877&use=l&cat=p&typeid=i","cat":284504},{"id":59253,"n":"Café dosettes Tassimo L'Or Petit Déjeuner Classique x24","p":7.62,"u":"38,29 €/KG","img":"https://fd5-photos.leclercdrive.fr/image.ashx?id=2100365&use=l&cat=p&typeid=i","cat":293240},{"id":59257,"n":"Café dosettes Tassimo Grand-mère - petit déjeuner x16","p":3.49,"u":"26,24 €/KG","img":"https://fd5-photos.leclercdrive.fr/image.ashx?id=2100359&use=l&cat=p&typeid=i","cat":293240},{"id":59271,"n":"Sauce tomate cuisinée Panzani Ail et oignon - 500g","p":1.58,"u":"3,16 €/KG","img":"https://fd5-photos.leclercdrive.fr/image.ashx?id=2884303&use=l&cat=p&typeid=i","cat":288384},{"id":59277,"n":"Bonbons acidulés têtes brûlées Fraise/framboise-kitache-135g","p":1.9,"u":"14,07 €/KG","img":"https://fd5-photos.leclercdrive.fr/image.ashx?id=3008650&use=l&cat=p&typeid=i","cat":304250},{"id":59284,"n":"Maoam Mixx Haribo Sachet bonbons - 250g","p":1.78,"u":"7,12 €/KG","img":"https://fd5-photos.leclercdrive.fr/image.ashx?id=2876956&use=l&cat=p&typeid=i","cat":304250},{"id":59287,"n":"Cornichons Rustica 6 épices - 360g","p":2.31,"u":"6,42 €/KG","img":"https://fd5-photos.leclercdrive.fr/image.ashx?id=2916710&use=l&cat=p&typeid=i","cat":284458},{"id":59288,"n":"IGP Gros sel - Le Guérandais Sachet - 800g","p":1.83,"u":"2,29 €/KG","img":"https://fd5-photos.leclercdrive.fr/image.ashx?id=2458622&use=l&cat=p&typeid=i","cat":284457},{"id":59292,"n":"Œufs au plat Haribo Sachet bonbons - 300g","p":1.51,"u":"5,03 €/KG","img":"https://fd5-photos.leclercdrive.fr/image.ashx?id=2984892&use=l&cat=p&typeid=i","cat":304250},{"id":59299,"n":"Bonbons KINDER Schoko-Bons Chocolat au lait - 225G","p":3.5,"u":"15,56 €/KG","img":"https://fd5-photos.leclercdrive.fr/image.ashx?id=2679633&use=l&cat=p&typeid=i","cat":304238},{"id":59307,"n":"Miami Pik Haribo Sachet bonbons acidulés - 200g","p":1.45,"u":"7,25 €/KG","img":"https://fd5-photos.leclercdrive.fr/image.ashx?id=2984895&use=l&cat=p&typeid=i","cat":304250},{"id":59336,"n":"Barquette chien Cesar Terrine poulet - 300g","p":1.53,"u":"5,10 €/KG","img":"https://fd5-photos.leclercdrive.fr/image.ashx?id=2091323&use=l&cat=p&typeid=i","cat":284673},{"id":59341,"n":"Barquette chien Cesar Terrine du jardin - 4x150g","p":3.62,"u":"6,03 €/KG","img":"https://fd5-photos.leclercdrive.fr/image.ashx?id=2091314&use=l&cat=p&typeid=i","cat":284673},{"id":59344,"n":"Barquette chien Cesar Terrine du jardin - 4x300g","p":6.62,"u":"5,52 €/KG","img":"https://fd5-photos.leclercdrive.fr/image.ashx?id=2091308&use=l&cat=p&typeid=i","cat":284673},{"id":59397,"n":"Captain Morgan Original Spiced Boisson à base de rhum- 1,5L","p":26.95,"u":"17,97 €/L","img":"https://fd5-photos.leclercdrive.fr/image.ashx?id=2586486&use=l&cat=p&typeid=i","cat":284551},{"id":59407,"n":"Biscuits Choc&Choc Milka  175g","p":1.77,"u":"10,11 €/KG","img":"https://fd5-photos.leclercdrive.fr/image.ashx?id=2314599&use=l&cat=p&typeid=i","cat":284495},{"id":59478,"n":"Biscuits double crème Oréo  3x157g","p":2.91,"u":"6,18 €/KG","img":"https://fd5-photos.leclercdrive.fr/image.ashx?id=2938016&use=l&cat=p&typeid=i","cat":284488},{"id":59497,"n":"Bière Paix Dieu Blonde - 75cl","p":5.78,"u":"7,71 €/L","img":"https://fd5-photos.leclercdrive.fr/image.ashx?id=1554802&use=l&cat=p&typeid=i","cat":334872},{"id":59500,"n":"Bière blonde du Corbeau 75cl","p":4.27,"u":"5,69 €/L","img":"https://fd5-photos.leclercdrive.fr/image.ashx?id=1741475&use=l&cat=p&typeid=i","cat":334872},{"id":59501,"n":"Bière Chimay Grande Réserve 75cl","p":5.09,"u":"6,79 €/L","img":"https://fd5-photos.leclercdrive.fr/image.ashx?id=1758852&use=l&cat=p&typeid=i","cat":334872},{"id":59506,"n":"Bière Maredsous blonde 33cl","p":2.02,"u":"6,12 €/L","img":"https://fd5-photos.leclercdrive.fr/image.ashx?id=2374237&use=l&cat=p&typeid=i","cat":334872},{"id":59508,"n":"Bière Delirium Tremens Blonde 75cl","p":5.61,"u":"7,48 €/L","img":"https://fd5-photos.leclercdrive.fr/image.ashx?id=1868263&use=l&cat=p&typeid=i","cat":334872},{"id":59539,"n":"Pêches Douceur du Verger Sirop léger - 230 g","p":1.26,"u":"5,48 €/KG","img":"https://fd5-photos.leclercdrive.fr/image.ashx?id=2666468&use=l&cat=p&typeid=i","cat":284507},{"id":59563,"n":"Galette de maïs GERBLE Chocolat au lait - 124g","p":1.71,"u":"13,79 €/KG","img":"https://fd5-photos.leclercdrive.fr/image.ashx?id=2664034&use=l&cat=p&typeid=i","cat":318651},{"id":59565,"n":"Pâte à tartiner Nustikao 1kg","p":4.25,"u":"4,25 €/KG","img":"https://fd5-photos.leclercdrive.fr/image.ashx?id=3012860&use=l&cat=p&typeid=i","cat":284481},{"id":59589,"n":"Boisson base vodka Eristoff Red 18° - 70cl","p":12.9,"u":"18,43 €/L","img":"https://fd5-photos.leclercdrive.fr/image.ashx?id=2858258&use=l&cat=p&typeid=i","cat":284550},{"id":59591,"n":"Boisson base vodka Eristoff Black 18° - 70cl","p":12.44,"u":"17,77 €/L","img":"https://fd5-photos.leclercdrive.fr/image.ashx?id=2842882&use=l&cat=p&typeid=i","cat":284550},{"id":59601,"n":"Bière blonde 3 Monts 6x33cl","p":7.35,"u":"3,71 €/L","img":"https://fd5-photos.leclercdrive.fr/image.ashx?id=2548189&use=l&cat=p&typeid=i","cat":334852},{"id":59655,"n":"Dentifrice Email Diamant Rouge - 75ml","p":3.83,"u":"51,07 €/L","img":"https://fd5-photos.leclercdrive.fr/image.ashx?id=1781297&use=l&cat=p&typeid=i","cat":284612},{"id":59676,"n":"Biscuits Mini BN  Goûter à la fraise - 350g","p":2.6,"u":"7,43 €/KG","img":"https://fd5-photos.leclercdrive.fr/image.ashx?id=2748215&use=l&cat=p&typeid=i","cat":284489},{"id":59695,"n":"Yaourt à la grecque YAOS Vanille - 4x125g","p":2.66,"u":"5,32 €/KG","img":"https://fd5-photos.leclercdrive.fr/image.ashx?id=3007972&use=l&cat=p&typeid=i","cat":314999},{"id":59713,"n":"Gros cornichons Rustica  Aigre doux - 850g","p":2.69,"u":"3,16 €/KG","img":"https://fd5-photos.leclercdrive.fr/image.ashx?id=2916707&use=l&cat=p&typeid=i","cat":284458},{"id":59717,"n":"Saucisse grillée Purée pomme de terre La Cuisine d'Océane 300g","p":2.74,"u":"9,13 €/KG","img":"https://fd5-photos.leclercdrive.fr/image.ashx?id=2962338&use=l&cat=p&typeid=i","cat":284953},{"id":59718,"n":"Saumon tagliatelles D'Aucy Micro-ondes - 300g","p":2.71,"u":"9,03 €/KG","img":"https://fd5-photos.leclercdrive.fr/image.ashx?id=2117168&use=l&cat=p&typeid=i","cat":284953},{"id":59722,"n":"Crème légère semi-épaisse  Bridélice 18%mg - 3x20cl","p":2.59,"u":"4,32 €/L","img":"https://fd5-photos.leclercdrive.fr/image.ashx?id=2904733&use=l&cat=p&typeid=i","cat":284381},{"id":59725,"n":"Bâtonnets Surimi Saveur Coraya  x12 - 180g","p":1.97,"u":"10,94 €/KG","img":"https://fd5-photos.leclercdrive.fr/image.ashx?id=2962677&use=l&cat=p&typeid=i","cat":285189},{"id":59740,"n":"Tarama Blini Aux oeufs de cabillaud - 250g","p":2.68,"u":"10,72 €/KG","img":"https://fd5-photos.leclercdrive.fr/image.ashx?id=2960873&use=l&cat=p&typeid=i","cat":315999},{"id":59761,"n":"Lingettes Lotus Baby Peau nette - x64","p":1.97,"u":"0,03 €/P","img":"https://fd5-photos.leclercdrive.fr/image.ashx?id=2904431&use=l&cat=p&typeid=i","cat":284738},{"id":59773,"n":"Huile précieuse Gliss Ultimate Repair Schwarzkopf - 75ml","p":5.47,"u":"72,93 €/L","img":"https://fd5-photos.leclercdrive.fr/image.ashx?id=2431950&use=l&cat=p&typeid=i","cat":284608},{"id":59774,"n":"Sérum physiologique Biolane 30x5ml","p":3.66,"u":"24,40 €/L","img":"https://fd5-photos.leclercdrive.fr/image.ashx?id=2733232&use=l&cat=p&typeid=i","cat":284741},{"id":59779,"n":"Tablette chocolat Côte d'Or Chocolat noir/pistaches - 180g","p":3.84,"u":"21,33 €/KG","img":"https://fd5-photos.leclercdrive.fr/image.ashx?id=1885680&use=l&cat=p&typeid=i","cat":284497},{"id":59832,"n":"Secret de crème Président Semi-épaisse 25%mg - 3x20cl","p":4.01,"u":"6,68 €/L","img":"https://fd5-photos.leclercdrive.fr/image.ashx?id=2699861&use=l&cat=p&typeid=i","cat":284381},{"id":60015,"n":"Pancakes Pasquier x10 - 350g","p":1.83,"u":"5,23 €/KG","img":"https://fd5-photos.leclercdrive.fr/image.ashx?id=2688878&use=l&cat=p&typeid=i","cat":284495},{"id":60019,"n":"Pois chiches Olabe  400g","p":1.61,"u":"4,03 €/KG","img":"https://fd5-photos.leclercdrive.fr/image.ashx?id=2110548&use=l&cat=p&typeid=i","cat":312609},{"id":60029,"n":"Brioche Harrys Mini Tressée Nature au sucre perlé - 210g","p":1.76,"u":"8,38 €/KG","img":"https://fd5-photos.leclercdrive.fr/image.ashx?id=2667742&use=l&cat=p&typeid=i","cat":284478},{"id":60051,"n":"Gâteaux Lulu L'Ourson Fraise - 150g","p":1.44,"u":"9,60 €/KG","img":"https://fd5-photos.leclercdrive.fr/image.ashx?id=3008050&use=l&cat=p&typeid=i","cat":284495},{"id":60053,"n":"Végétal Falafels Garden Gourmet Pois chiches 190g","p":3.74,"u":"19,68 €/KG","img":"https://fd5-photos.leclercdrive.fr/image.ashx?id=2988686&use=l&cat=p&typeid=i","cat":316036},{"id":60068,"n":"Pavé Gourmand Garden Gourmet Courgettes Fromage 180g","p":3.19,"u":"17,72 €/KG","img":"https://fd5-photos.leclercdrive.fr/image.ashx?id=2973294&use=l&cat=p&typeid=i","cat":316036},{"id":60075,"n":"Gaufrettes apéritives Trésors Comté poivre - 60g","p":2.41,"u":"40,17 €/KG","img":"https://fd5-photos.leclercdrive.fr/image.ashx?id=2398634&use=l&cat=p&typeid=i","cat":297000},{"id":60118,"n":"Ratatouille niçoise D'aucy  750g","p":2.09,"u":"2,79 €/KG","img":"https://fd5-photos.leclercdrive.fr/image.ashx?id=2665904&use=l&cat=p&typeid=i","cat":312612},{"id":60124,"n":"Compotes Pom'Potes Gourdes  Pomme Nature - 4x90g","p":1.7,"u":"4,72 €/KG","img":"https://fd5-photos.leclercdrive.fr/image.ashx?id=2983003&use=l&cat=p&typeid=i","cat":284508},{"id":60165,"n":"Boisson végétale Alpro noisette - 1l","p":2.09,"u":"2,09 €/L","img":"https://fd5-photos.leclercdrive.fr/image.ashx?id=2849602&use=l&cat=p&typeid=i","cat":316067},{"id":60171,"n":"boisson végétale lait d'amande grillée alpro -1l","p":2.07,"u":"2,07 €/L","img":"https://fd5-photos.leclercdrive.fr/image.ashx?id=2988671&use=l&cat=p&typeid=i","cat":316067},{"id":60175,"n":"Madeleines St Michel  Oeuf en plein air - 1kg","p":3.71,"u":"3,71 €/KG","img":"https://fd5-photos.leclercdrive.fr/image.ashx?id=2936194&use=l&cat=p&typeid=i","cat":284492},{"id":60192,"n":"Pancakes Le Ster  x8 - 280g","p":2.33,"u":"8,32 €/KG","img":"https://fd5-photos.leclercdrive.fr/image.ashx?id=2827215&use=l&cat=p&typeid=i","cat":284495},{"id":60204,"n":"Crêpes de landerneau Le Ster Le pâtissier x12 - 300g","p":2.08,"u":"6,93 €/KG","img":"https://fd5-photos.leclercdrive.fr/image.ashx?id=2962860&use=l&cat=p&typeid=i","cat":284494},{"id":60258,"n":"AOP Côteaux Varois en Provence Rosé Estandon Lumière - 75cl","p":6.76,"u":"9,01 €/L","img":"https://fd5-photos.leclercdrive.fr/image.ashx?id=2889460&use=l&cat=p&typeid=i","cat":289558},{"id":60276,"n":"Champagne Canard Duchêne Réserve Brut - 75cl","p":25.99,"u":"34,65 €/L","img":"https://fd5-photos.leclercdrive.fr/image.ashx?id=2757256&use=l&cat=p&typeid=i","cat":284542},{"id":60313,"n":"Fromage frais Délisse  Vanille de Madagascar - 500g","p":2.29,"u":"4,58 €/KG","img":"https://fd5-photos.leclercdrive.fr/image.ashx?id=3012851&use=l&cat=p&typeid=i","cat":284409},{"id":60587,"n":"Bûche de chèvre Président 180g","p":1.99,"u":"11,06 €/KG","img":"https://fd5-photos.leclercdrive.fr/image.ashx?id=2454088&use=l&cat=p&typeid=i","cat":314031},{"id":60588,"n":"Emmental Président 250g","p":2.79,"u":"11,16 €/KG","img":"https://fd5-photos.leclercdrive.fr/image.ashx?id=2752942&use=l&cat=p&typeid=i","cat":314034},{"id":60637,"n":"Matière grasse St Hubert 41 à tartiner - 38% MG - 500g","p":2.84,"u":"5,68 €/KG","img":"https://fd5-photos.leclercdrive.fr/image.ashx?id=2734147&use=l&cat=p&typeid=i","cat":315229},{"id":60693,"n":"Chocolat au lait Alter Eco Caramel beurre salé bio - 100g","p":3.12,"u":"31,20 €/KG","img":"https://fd5-photos.leclercdrive.fr/image.ashx?id=2923016&use=l&cat=p&typeid=i","cat":284497},{"id":60775,"n":"Dés de jambon Herta  2x75g","p":2.02,"u":"13,47 €/KG","img":"https://fd5-photos.leclercdrive.fr/image.ashx?id=2877133&use=l&cat=p&typeid=i","cat":316011},{"id":60777,"n":"Brique de brebis Lou Pérac Fromage de brebis - 150g","p":2.8,"u":"18,67 €/KG","img":"https://fd5-photos.leclercdrive.fr/image.ashx?id=2785154&use=l&cat=p&typeid=i","cat":314031},{"id":60778,"n":"Tranche Salakis Fromage de brebis - 200g","p":2.54,"u":"12,70 €/KG","img":"https://fd5-photos.leclercdrive.fr/image.ashx?id=2729710&use=l&cat=p&typeid=i","cat":314026},{"id":60890,"n":"Chaussée aux moines 340g","p":2.99,"u":"8,79 €/KG","img":"https://fd5-photos.leclercdrive.fr/image.ashx?id=2830030&use=l&cat=p&typeid=i","cat":329184},{"id":60891,"n":"Camembert Président 250g","p":1.81,"u":"7,24 €/KG","img":"https://fd5-photos.leclercdrive.fr/image.ashx?id=2878873&use=l&cat=p&typeid=i","cat":314033},{"id":60892,"n":"Emmental râpé fondant Président 200g","p":2.04,"u":"10,20 €/KG","img":"https://fd5-photos.leclercdrive.fr/image.ashx?id=2488455&use=l&cat=p&typeid=i","cat":314035},{"id":60893,"n":"Brique fondante Président Fondante - 200g","p":2.37,"u":"11,85 €/KG","img":"https://fd5-photos.leclercdrive.fr/image.ashx?id=2652840&use=l&cat=p&typeid=i","cat":314033},{"id":60930,"n":"Thé Earl Grey Twinings x25 sachets - 50g","p":1.97,"u":"39,40 €/KG","img":"https://fd5-photos.leclercdrive.fr/image.ashx?id=2889817&use=l&cat=p&typeid=i","cat":293233},{"id":60931,"n":"Thé Ceylan Scotland Twinings x20 - 40g","p":2.44,"u":"61,00 €/KG","img":"https://fd5-photos.leclercdrive.fr/image.ashx?id=2893024&use=l&cat=p&typeid=i","cat":293233},{"id":60974,"n":"Pur jus Tropicana Orange Pure Premium Sans pulpe - 1L","p":2.16,"u":"2,16 €/L","img":"https://fd5-photos.leclercdrive.fr/image.ashx?id=2586186&use=l&cat=p&typeid=i","cat":284521},{"id":60978,"n":"Roquefort AOP Société Fromage de brebis - 150g","p":2.87,"u":"19,13 €/KG","img":"https://fd5-photos.leclercdrive.fr/image.ashx?id=2729713&use=l&cat=p&typeid=i","cat":314032},{"id":61167,"n":"Crème légère épaisse Bridélice 15%mg - 497g","p":1.83,"u":"3,68 €/KG","img":"https://fd5-photos.leclercdrive.fr/image.ashx?id=2996578&use=l&cat=p&typeid=i","cat":284381},{"id":61169,"n":"Petit suisse NESQUIK Chocolat 6x60g","p":1.49,"u":"4,14 €/KG","img":"https://fd5-photos.leclercdrive.fr/image.ashx?id=3007933&use=l&cat=p&typeid=i","cat":284414},{"id":61172,"n":"Yaourts à la Grecque Délisse Citron - 4x150g","p":2.38,"u":"3,97 €/KG","img":"https://fd5-photos.leclercdrive.fr/image.ashx?id=2699714&use=l&cat=p&typeid=i","cat":314999},{"id":61293,"n":"Boisson Jafaden Orange carotte citron - 1L","p":1.89,"u":"1,89 €/L","img":"https://fd5-photos.leclercdrive.fr/image.ashx?id=2956753&use=l&cat=p&typeid=i","cat":284917},{"id":61596,"n":"Sauce au poivre Rustica Pot - 245g","p":1.13,"u":"4,61 €/KG","img":"https://fd5-photos.leclercdrive.fr/image.ashx?id=2954373&use=l&cat=p&typeid=i","cat":318430},{"id":61597,"n":"Sauce bourguignonne Rustica Pot - 250g","p":1.01,"u":"4,04 €/KG","img":"https://fd5-photos.leclercdrive.fr/image.ashx?id=2954376&use=l&cat=p&typeid=i","cat":318430},{"id":61607,"n":"Sauce andalousie Rustica Flacon souple - 249g","p":1.68,"u":"6,75 €/KG","img":"https://fd5-photos.leclercdrive.fr/image.ashx?id=2459153&use=l&cat=p&typeid=i","cat":318431},{"id":61613,"n":"Sauce Pommes frites  Amora 448g","p":2.3,"u":"5,13 €/KG","img":"https://fd5-photos.leclercdrive.fr/image.ashx?id=2738227&use=l&cat=p&typeid=i","cat":318431},{"id":61628,"n":"Fruits au sirop St Mamet Pêches - 245g","p":1.77,"u":"7,22 €/KG","img":"https://fd5-photos.leclercdrive.fr/image.ashx?id=2628428&use=l&cat=p&typeid=i","cat":284507},{"id":61697,"n":"Eponges Spontex Multicolore - x3","p":1.93,"u":"0,64 €/P","img":"https://fd5-photos.leclercdrive.fr/image.ashx?id=2972847&use=l&cat=p&typeid=i","cat":284667},{"id":61874,"n":"Gel shampooing douche Fa Men Perfect wave flacon - 250ml","p":1.46,"u":"5,84 €/L","img":"https://fd5-photos.leclercdrive.fr/image.ashx?id=2995091&use=l&cat=p&typeid=i","cat":284619},{"id":61983,"n":"Sachet repas Gourmet  Terrine coffret - 4x85g","p":1.9,"u":"5,59 €/KG","img":"https://fd5-photos.leclercdrive.fr/image.ashx?id=2901118&use=l&cat=p&typeid=i","cat":285286},{"id":61984,"n":"Sachet repas chat Gourmet  Perle duo de la mer - 4x85g","p":2.64,"u":"7,76 €/KG","img":"https://fd5-photos.leclercdrive.fr/image.ashx?id=2859866&use=l&cat=p&typeid=i","cat":285286},{"id":62004,"n":"Cornichons Maille  Mini classique - 370g","p":3.95,"u":"10,68 €/KG","img":"https://fd5-photos.leclercdrive.fr/image.ashx?id=2916567&use=l&cat=p&typeid=i","cat":284458},{"id":62042,"n":"Haricots rouges D'aucy  500g","p":1.86,"u":"3,72 €/KG","img":"https://fd5-photos.leclercdrive.fr/image.ashx?id=2491190&use=l&cat=p&typeid=i","cat":312606},{"id":62043,"n":"Lentilles préparées D'aucy  265g","p":0.9,"u":"3,40 €/KG","img":"https://fd5-photos.leclercdrive.fr/image.ashx?id=2560600&use=l&cat=p&typeid=i","cat":312609},{"id":62050,"n":"Macédoine déjà égouttée D'aucy 265g","p":1.15,"u":"4,34 €/KG","img":"https://fd5-photos.leclercdrive.fr/image.ashx?id=2511601&use=l&cat=p&typeid=i","cat":312612},{"id":62054,"n":"Courgettes Cuisinées Cassegrain à la Provençale 185g","p":2.08,"u":"11,24 €/KG","img":"https://fd5-photos.leclercdrive.fr/image.ashx?id=2913022&use=l&cat=p&typeid=i","cat":312612},{"id":62055,"n":"Aubergines Cuisinées Cassegrain à la Provençale 185g","p":2.22,"u":"12,00 €/KG","img":"https://fd5-photos.leclercdrive.fr/image.ashx?id=2913019&use=l&cat=p&typeid=i","cat":312612},{"id":62067,"n":"Flageolets Préparés Cassegrain Extra Fins 130g","p":0.97,"u":"7,46 €/KG","img":"https://fd5-photos.leclercdrive.fr/image.ashx?id=2912980&use=l&cat=p&typeid=i","cat":312606},{"id":62083,"n":"Soda Schweppes Saveur Agrumes - 1L","p":1.5,"u":"1,50 €/L","img":"https://fd5-photos.leclercdrive.fr/image.ashx?id=2852414&use=l&cat=p&typeid=i","cat":284532},{"id":62093,"n":"Tortillas Barquitas Old El Paso de blé nature x8 - 193g","p":2.81,"u":"14,56 €/KG","img":"https://fd5-photos.leclercdrive.fr/image.ashx?id=2745346&use=l&cat=p&typeid=i","cat":288993},{"id":62094,"n":"Sauce fajitas Old El Paso à cuisiner doux - 395g","p":2.17,"u":"5,49 €/KG","img":"https://fd5-photos.leclercdrive.fr/image.ashx?id=2950852&use=l&cat=p&typeid=i","cat":288993},{"id":62095,"n":"Chips Tortilla Old El Paso Fajita - 185g","p":2.16,"u":"11,68 €/KG","img":"https://fd5-photos.leclercdrive.fr/image.ashx?id=2444522&use=l&cat=p&typeid=i","cat":288993},{"id":62112,"n":"Compotes Pom'Potes Gourdes  Pomme Nature - 12x90g","p":4.9,"u":"4,54 €/KG","img":"https://fd5-photos.leclercdrive.fr/image.ashx?id=3010927&use=l&cat=p&typeid=i","cat":284508},{"id":62120,"n":"Cookies Choco Sensation Milka Chocolat au lait - 312g","p":3.83,"u":"12,28 €/KG","img":"https://fd5-photos.leclercdrive.fr/image.ashx?id=3002279&use=l&cat=p&typeid=i","cat":325066},{"id":62130,"n":"Cookies extra moelleux Granola Pépites de chocolat - 312g","p":3.45,"u":"11,06 €/KG","img":"https://fd5-photos.leclercdrive.fr/image.ashx?id=2306723&use=l&cat=p&typeid=i","cat":325066},{"id":62142,"n":"Biscottes Braisor Heudebert  Nature - 500g","p":3.37,"u":"6,74 €/KG","img":"https://fd5-photos.leclercdrive.fr/image.ashx?id=2680176&use=l&cat=p&typeid=i","cat":284479},{"id":62146,"n":"Brioche La Fournée Dorée Tranchée crème fraiche - 500g","p":2.12,"u":"4,24 €/KG","img":"https://fd5-photos.leclercdrive.fr/image.ashx?id=2415365&use=l&cat=p&typeid=i","cat":284478},{"id":62152,"n":"Graines de chia bio Happy Bio   250g","p":5.22,"u":"20,88 €/KG","img":"https://fd5-photos.leclercdrive.fr/image.ashx?id=2970990&use=l&cat=p&typeid=i","cat":318651},{"id":62162,"n":"Donuts Curly 100g","p":1.02,"u":"10,20 €/KG","img":"https://fd5-photos.leclercdrive.fr/image.ashx?id=2446836&use=l&cat=p&typeid=i","cat":284449},{"id":62169,"n":"Croquettes chiens Purina One Minis chiens - 1.5kg","p":5.59,"u":"3,73 €/KG","img":"https://fd5-photos.leclercdrive.fr/image.ashx?id=2899677&use=l&cat=p&typeid=i","cat":294526},{"id":62210,"n":"AOP Cabernet d'Anjou Vins et terroirs de Loire -75cl","p":2.95,"u":"3,93 €/L","img":"https://fd5-photos.leclercdrive.fr/image.ashx?id=2153858&use=l&cat=p&typeid=i","cat":289558},{"id":62226,"n":"Soda Coca-Cola Sans Sucres Bouteille - 1L","p":1.2,"u":"1,20 €/L","img":"https://fd5-photos.leclercdrive.fr/image.ashx?id=2194418&use=l&cat=p&typeid=i","cat":284530},{"id":62238,"n":"Bière blonde Grimbergen Triple d'Abbaye -8° - 6x25cl","p":5.59,"u":"3,73 €/L","img":"https://fd5-photos.leclercdrive.fr/image.ashx?id=2317363&use=l&cat=p&typeid=i","cat":334852},{"id":62252,"n":"Soda 7UP Citron et citron vert - 1.5L","p":1.14,"u":"0,76 €/L","img":"https://fd5-photos.leclercdrive.fr/image.ashx?id=2748545&use=l&cat=p&typeid=i","cat":284531},{"id":62303,"n":"yaourt fruits bio les 2 vaches brassé framboise - 4x115g","p":1.96,"u":"4,26 €/KG","img":"https://fd5-photos.leclercdrive.fr/image.ashx?id=2571533&use=l&cat=p&typeid=i","cat":284410},{"id":62333,"n":"Yaourt brassé Bio les 2 vaches Citron - 4x115g","p":2.0,"u":"4,35 €/KG","img":"https://fd5-photos.leclercdrive.fr/image.ashx?id=2571536&use=l&cat=p&typeid=i","cat":284410},{"id":62335,"n":"yaourt fruits bio les 2 vaches brassé myrtille - 4x115g","p":1.98,"u":"4,30 €/KG","img":"https://fd5-photos.leclercdrive.fr/image.ashx?id=2571530&use=l&cat=p&typeid=i","cat":284410},{"id":62340,"n":"Jus d'oranges pressées Andros 1.5L","p":4.06,"u":"2,71 €/L","img":"https://fd5-photos.leclercdrive.fr/image.ashx?id=2904272&use=l&cat=p&typeid=i","cat":285435},{"id":62357,"n":"Faisselle Rians Coulis framboise - 240g","p":2.0,"u":"8,33 €/KG","img":"https://fd5-photos.leclercdrive.fr/image.ashx?id=2522776&use=l&cat=p&typeid=i","cat":284410},{"id":62359,"n":"Jus d'oranges pressées  Sans pulpe Andros - 1.5L","p":4.16,"u":"2,77 €/L","img":"https://fd5-photos.leclercdrive.fr/image.ashx?id=2876104&use=l&cat=p&typeid=i","cat":285435},{"id":62417,"n":"Jus de pamplemousse rose pressé Andros - 1L","p":3.2,"u":"3,20 €/L","img":"https://fd5-photos.leclercdrive.fr/image.ashx?id=2928423&use=l&cat=p&typeid=i","cat":285435},{"id":62418,"n":"Jus d'oranges douces Andros 1L","p":3.41,"u":"3,41 €/L","img":"https://fd5-photos.leclercdrive.fr/image.ashx?id=2882638&use=l&cat=p&typeid=i","cat":285435},{"id":62481,"n":"Coton disque Bio Bionaïa x70","p":0.97,"u":"0,01 €/P","img":"https://fd5-photos.leclercdrive.fr/image.ashx?id=2434942&use=l&cat=p&typeid=i","cat":285593},{"id":62496,"n":"Biscuit bébé Blédina 12 mois Petit beurre - 133g","p":1.99,"u":"14,96 €/KG","img":"https://fd5-photos.leclercdrive.fr/image.ashx?id=2974288&use=l&cat=p&typeid=i","cat":312227},{"id":62497,"n":"Biscuit bébé Blédina 12 mois  Petit beurre pépites choco-133g","p":1.93,"u":"14,51 €/KG","img":"https://fd5-photos.leclercdrive.fr/image.ashx?id=2639344&use=l&cat=p&typeid=i","cat":312227},{"id":62555,"n":"Boissons aux fruits Fruit Shoot Tropical - 12x20cl","p":4.33,"u":"1,80 €/L","img":"https://fd5-photos.leclercdrive.fr/image.ashx?id=2915736&use=l&cat=p&typeid=i","cat":295018},{"id":62571,"n":"Soda à l'orange Orangina 1L","p":1.63,"u":"1,63 €/L","img":"https://fd5-photos.leclercdrive.fr/image.ashx?id=2668413&use=l&cat=p&typeid=i","cat":284532},{"id":62573,"n":"Tonic soda Sprink's Zero - 1.5L","p":0.89,"u":"0,59 €/L","img":"https://fd5-photos.leclercdrive.fr/image.ashx?id=2913745&use=l&cat=p&typeid=i","cat":284531},{"id":62574,"n":"Bière ambrée Grimbergen 6,5° - 6x25cl","p":5.81,"u":"3,87 €/L","img":"https://fd5-photos.leclercdrive.fr/image.ashx?id=2293483&use=l&cat=p&typeid=i","cat":334852},{"id":62575,"n":"Coton disque Inell Rond confort x70","p":0.61,"u":"0,01 €/P","img":"https://fd5-photos.leclercdrive.fr/image.ashx?id=2169171&use=l&cat=p&typeid=i","cat":285593},{"id":62576,"n":"Bière blanche Grimbergen 6° - 6x25cl","p":5.08,"u":"3,39 €/L","img":"https://fd5-photos.leclercdrive.fr/image.ashx?id=2294375&use=l&cat=p&typeid=i","cat":334878},{"id":62579,"n":"Bière blonde Leffe Triple 8,5% - 6x25cl","p":5.97,"u":"23,88 €/L","img":"https://fd5-photos.leclercdrive.fr/image.ashx?id=2548282&use=l&cat=p&typeid=i","cat":334852},{"id":62581,"n":"Bière aromatisée Grimbergen Cerise 5,5° - 6x25cl","p":5.8,"u":"3,87 €/L","img":"https://fd5-photos.leclercdrive.fr/image.ashx?id=2312798&use=l&cat=p&typeid=i","cat":334878},{"id":62635,"n":"Eponge Nicols Magique Magico - x3","p":1.58,"u":"0,53 €/P","img":"https://fd5-photos.leclercdrive.fr/image.ashx?id=2554424&use=l&cat=p&typeid=i","cat":284667},{"id":62668,"n":"Brosse à dents Sensodyne Extra souple x1","p":2.07,"pp":1.45,"img":"https://fd5-photos.leclercdrive.fr/image.ashx?id=2923633&use=l&cat=p&typeid=i","cat":284614},{"id":62676,"n":"Gel douche bio So Bio Etic  Karité sans sulfate - 650ml","p":4.39,"u":"6,75 €/L","img":"https://fd5-photos.leclercdrive.fr/image.ashx?id=2850593&use=l&cat=p&typeid=i","cat":284594},{"id":62677,"n":"Gel douche bio So Bio Etic Aloe vera sans sulfate 650ml","p":5.66,"u":"8,71 €/L","img":"https://fd5-photos.leclercdrive.fr/image.ashx?id=2850596&use=l&cat=p&typeid=i","cat":284594},{"id":62678,"n":"Crème douche bio So Bio Etic Lait d'anesse - 650ml","p":5.0,"u":"7,69 €/L","img":"https://fd5-photos.leclercdrive.fr/image.ashx?id=2862515&use=l&cat=p&typeid=i","cat":284594},{"id":62687,"n":"Spray nasal Primoplast 100% eau de mer - 150ml","p":4.45,"u":"29,67 €/L","img":"https://fd5-photos.leclercdrive.fr/image.ashx?id=2955758&use=l&cat=p&typeid=i","cat":284630},{"id":62724,"n":"Biscuits Double Crème Oreo Vanille - 157g","p":1.21,"u":"7,71 €/KG","img":"https://fd5-photos.leclercdrive.fr/image.ashx?id=2160198&use=l&cat=p&typeid=i","cat":284488},{"id":62725,"n":"Saucisson sec Saint-Azay  Maxi format - 600g","p":7.35,"u":"12,25 €/KG","img":"https://fd5-photos.leclercdrive.fr/image.ashx?id=2943686&use=l&cat=p&typeid=i","cat":316006},{"id":62731,"n":"Abricots Douceur du Verger Sirop léger - 475 g","p":2.42,"u":"5,09 €/KG","img":"https://fd5-photos.leclercdrive.fr/image.ashx?id=2618235&use=l&cat=p&typeid=i","cat":284507},{"id":62742,"n":"Gressins sésames bio Bio Village - 125g","p":1.52,"u":"12,16 €/KG","img":"https://fd5-photos.leclercdrive.fr/image.ashx?id=1944640&use=l&cat=p&typeid=i","cat":297000},{"id":62745,"n":"Palmiers bio Bio Village  Fromage - 100g","p":2.25,"u":"22,50 €/KG","img":"https://fd5-photos.leclercdrive.fr/image.ashx?id=2301574&use=l&cat=p&typeid=i","cat":297000},{"id":62858,"n":"Biscuit Nature GERBLE  sans sucres ajoutés - 132g","p":2.05,"u":"15,53 €/KG","img":"https://fd5-photos.leclercdrive.fr/image.ashx?id=2662835&use=l&cat=p&typeid=i","cat":318653},{"id":62860,"n":"Moelleux Gerblé sans sucres Chocolat - 196g","p":3.62,"u":"18,47 €/KG","img":"https://fd5-photos.leclercdrive.fr/image.ashx?id=2812702&use=l&cat=p&typeid=i","cat":318653},{"id":62880,"n":"Moelleux Citron GERBLE   sans sucre - 196g","p":3.2,"u":"16,33 €/KG","img":"https://fd5-photos.leclercdrive.fr/image.ashx?id=2575087&use=l&cat=p&typeid=i","cat":318653},{"id":62937,"n":"Thon mariné Petit Navire Tomate séchée - 2x110g","p":3.71,"u":"16,86 €/KG","img":"https://fd5-photos.leclercdrive.fr/image.ashx?id=2522560&use=l&cat=p&typeid=i","cat":303867},{"id":63170,"n":"Sucre de canne Daddy Petits morceaux - 1kg","p":2.3,"u":"2,30 €/KG","img":"https://fd5-photos.leclercdrive.fr/image.ashx?id=2276420&use=l&cat=p&typeid=i","cat":284502},{"id":63248,"n":"Biscuits fourrés Prince Maxi Chocolat - 2X250g","p":3.22,"u":"6,44 €/KG","img":"https://fd5-photos.leclercdrive.fr/image.ashx?id=2347308&use=l&cat=p&typeid=i","cat":284488},{"id":63284,"n":"AOP Champagne Canard Duchêne Charles VII Brut - 75cl","p":29.5,"pp":26.55,"u":"35,40 €/L","img":"https://fd5-photos.leclercdrive.fr/image.ashx?id=2174390&use=l&cat=p&typeid=i","cat":284542},{"id":63304,"n":"Pizza Crust Sodebo Classic Jambon Emmental - 600g","p":4.51,"u":"7,52 €/KG","img":"https://fd5-photos.leclercdrive.fr/image.ashx?id=3008254&use=l&cat=p&typeid=i","cat":333679},{"id":63306,"n":"Pizza Crust Sodebo Buffalo boeuf poivrons - 600g","p":5.32,"u":"8,87 €/KG","img":"https://fd5-photos.leclercdrive.fr/image.ashx?id=3011197&use=l&cat=p&typeid=i","cat":333679},{"id":63320,"n":"Rhum Vieux Agricole AOC  Martinique 40%vol - 70cl","p":19.84,"u":"28,34 €/L","img":"https://fd5-photos.leclercdrive.fr/image.ashx?id=2731075&use=l&cat=p&typeid=i","cat":284550},{"id":63520,"n":"Pizza crust Sodebo Cheesy 4 fromages - 580g","p":4.49,"u":"7,74 €/KG","img":"https://fd5-photos.leclercdrive.fr/image.ashx?id=2912098&use=l&cat=p&typeid=i","cat":333679},{"id":63521,"n":"Penne au saumon Marie Crème d'épinard - 280g","p":2.91,"u":"10,39 €/KG","img":"https://fd5-photos.leclercdrive.fr/image.ashx?id=2317519&use=l&cat=p&typeid=i","cat":333665},{"id":63523,"n":"Crousty chicken Le Gaulois Long filet - 400g","p":5.31,"u":"13,28 €/KG","img":"https://fd5-photos.leclercdrive.fr/image.ashx?id=2968214&use=l&cat=p&typeid=i","cat":333684},{"id":63528,"n":"Boisson énergisante Crazy Tiger Canette - 50cl","p":0.99,"u":"1,98 €/L","img":"https://fd5-photos.leclercdrive.fr/image.ashx?id=2859641&use=l&cat=p&typeid=i","cat":284533},{"id":63541,"n":"Sauce barbecue Rustica 560g","p":1.78,"u":"3,18 €/KG","img":"https://fd5-photos.leclercdrive.fr/image.ashx?id=2092948&use=l&cat=p&typeid=i","cat":318431},{"id":63608,"n":"Chèvre fouetté Soignon Nature - 140g","p":2.37,"u":"16,93 €/KG","img":"https://fd5-photos.leclercdrive.fr/image.ashx?id=2516602&use=l&cat=p&typeid=i","cat":314029},{"id":63631,"n":"Tartinade tomates confites  à l'origan Sud & Sol - 150g","p":2.39,"pp":1.58,"u":"10,53 €/KG","img":"https://fd5-photos.leclercdrive.fr/image.ashx?id=2937307&use=l&cat=p&typeid=i","cat":315999},{"id":63632,"n":"Tartinade de poivrons confits Sud & Sol - 150g","p":2.39,"pp":1.58,"u":"10,53 €/KG","img":"https://fd5-photos.leclercdrive.fr/image.ashx?id=2986642&use=l&cat=p&typeid=i","cat":315999},{"id":63633,"n":"Tartinade d'olives noires  Sud & Sol - 150g","p":2.39,"pp":1.58,"u":"10,53 €/KG","img":"https://fd5-photos.leclercdrive.fr/image.ashx?id=2937316&use=l&cat=p&typeid=i","cat":315999},{"id":63634,"n":"Tartinade tomates cerise  confites Sud & Sol - 150g","p":2.39,"pp":1.58,"u":"10,53 €/KG","img":"https://fd5-photos.leclercdrive.fr/image.ashx?id=2937334&use=l&cat=p&typeid=i","cat":315999},{"id":63636,"n":"Tartinade d'olives & tomates Sud & Sol - 150g","p":2.39,"pp":1.58,"u":"10,53 €/KG","img":"https://fd5-photos.leclercdrive.fr/image.ashx?id=2937313&use=l&cat=p&typeid=i","cat":315999},{"id":63639,"n":"Biscuits Oréo Duo Vanille - 2x220g","p":3.19,"u":"7,25 €/KG","img":"https://fd5-photos.leclercdrive.fr/image.ashx?id=2207475&use=l&cat=p&typeid=i","cat":284488},{"id":63648,"n":"Biscuits cacaotés Oréo Fourrés goût Vanille - 3x154g","p":2.99,"u":"6,47 €/KG","img":"https://fd5-photos.leclercdrive.fr/image.ashx?id=2192949&use=l&cat=p&typeid=i","cat":284488},{"id":63674,"n":"3 poivres Ducros Moulin - 34g","p":3.45,"u":"101,47 €/KG","img":"https://fd5-photos.leclercdrive.fr/image.ashx?id=2559460&use=l&cat=p&typeid=i","cat":284457},{"id":63676,"n":"Poivre blanc moulu Ducros 36g","p":2.75,"u":"76,39 €/KG","img":"https://fd5-photos.leclercdrive.fr/image.ashx?id=2203745&use=l&cat=p&typeid=i","cat":284457},{"id":63685,"n":"4 épices moulues Ducros 37g","p":1.63,"u":"44,05 €/KG","img":"https://fd5-photos.leclercdrive.fr/image.ashx?id=2983213&use=l&cat=p&typeid=i","cat":298297},{"id":63718,"n":"Rhum Vieux agricole HSE 40° - 70cl","p":18.59,"u":"26,56 €/L","img":"https://fd5-photos.leclercdrive.fr/image.ashx?id=2475753&use=l&cat=p&typeid=i","cat":284550},{"id":63722,"n":"Liqueur Herbes Jagermeister 35° - 70cl","p":18.95,"u":"27,07 €/L","img":"https://fd5-photos.leclercdrive.fr/image.ashx?id=2474740&use=l&cat=p&typeid=i","cat":286032},{"id":63756,"n":"Pur jus Tropicana Orange Pure Premium Avec pulpe - 1L","p":2.47,"u":"2,47 €/L","img":"https://fd5-photos.leclercdrive.fr/image.ashx?id=2605668&use=l&cat=p&typeid=i","cat":284521},{"id":63759,"n":"Pur Jus Jafaden Mutlifruits - 2L","p":2.75,"u":"1,38 €/L","img":"https://fd5-photos.leclercdrive.fr/image.ashx?id=2762955&use=l&cat=p&typeid=i","cat":284917},{"id":63762,"n":"Boisson aux fruits Oasis Tropical - 6x33cl","p":3.48,"u":"1,76 €/L","img":"https://fd5-photos.leclercdrive.fr/image.ashx?id=2900812&use=l&cat=p&typeid=i","cat":295018},{"id":63765,"n":"Boisson aux fruits Oasis Orange - 6x33cl","p":4.07,"u":"2,06 €/L","img":"https://fd5-photos.leclercdrive.fr/image.ashx?id=2681718&use=l&cat=p&typeid=i","cat":295018},{"id":63768,"n":"Boisson aux fruits Oasis Pomme Cassis Framboise - 6x33cl","p":3.45,"u":"1,74 €/L","img":"https://fd5-photos.leclercdrive.fr/image.ashx?id=3014449&use=l&cat=p&typeid=i","cat":295018},{"id":63776,"n":"Sirop Moulin de Valdonne Fraise des bois - 70cl","p":4.04,"u":"5,77 €/L","img":"https://fd5-photos.leclercdrive.fr/image.ashx?id=2170589&use=l&cat=p&typeid=i","cat":295020},{"id":63795,"n":"Soda Schweppes Indian Tonic - 6x33cl","p":3.54,"u":"1,79 €/L","img":"https://fd5-photos.leclercdrive.fr/image.ashx?id=2852423&use=l&cat=p&typeid=i","cat":284531},{"id":63798,"n":"Soda Schweppes Saveur Agrumes Zero - 6x33cl","p":3.08,"u":"1,56 €/L","img":"https://fd5-photos.leclercdrive.fr/image.ashx?id=2852740&use=l&cat=p&typeid=i","cat":284532},{"id":63824,"n":"Soda Coca-Cola Zéro Sans caféine - 1.25L","p":1.44,"u":"1,15 €/L","img":"https://fd5-photos.leclercdrive.fr/image.ashx?id=3009059&use=l&cat=p&typeid=i","cat":284530},{"id":63847,"n":"Champagne A.Rothschild & Cie Rosé - 75cl","p":27.47,"u":"36,63 €/L","img":"https://fd5-photos.leclercdrive.fr/image.ashx?id=2628470&use=l&cat=p&typeid=i","cat":284542},{"id":63892,"n":"Capsules café L'Or Espresso Forza N°9 x10","p":3.11,"u":"59,81 €/KG","img":"https://fd5-photos.leclercdrive.fr/image.ashx?id=2393753&use=l&cat=p&typeid=i","cat":284749},{"id":63959,"n":"Burger le Charolais Côté Snack 180g","p":2.49,"u":"13,83 €/KG","img":"https://fd5-photos.leclercdrive.fr/image.ashx?id=2776292&use=l&cat=p&typeid=i","cat":333671},{"id":63971,"n":"Escalope cordon bleu Père dodu Poulet x4 - 400g - Familial","p":2.93,"u":"7,33 €/KG","img":"https://fd5-photos.leclercdrive.fr/image.ashx?id=2957173&use=l&cat=p&typeid=i","cat":333683},{"id":63973,"n":"Cordon Bleu Père Dodu  Poulet x8 - 800g - Maxi Format","p":7.6,"u":"9,50 €/KG","img":"https://fd5-photos.leclercdrive.fr/image.ashx?id=2957176&use=l&cat=p&typeid=i","cat":333683},{"id":63993,"n":"Crème glacée Eskiss  Douceur de vanille - 500g","p":3.91,"u":"7,82 €/KG","img":"https://fd5-photos.leclercdrive.fr/image.ashx?id=2982634&use=l&cat=p&typeid=i","cat":284263},{"id":63998,"n":"Nectar d'abricot Pays d'Oc NRT 1L","p":3.09,"u":"3,09 €/L","img":"https://fd5-photos.leclercdrive.fr/image.ashx?id=2988144&use=l&cat=p&typeid=i","cat":284915},{"id":63999,"n":"Nectar de Goyave NRT De Martinique - 1L","p":2.85,"u":"2,85 €/L","img":"https://fd5-photos.leclercdrive.fr/image.ashx?id=2849656&use=l&cat=p&typeid=i","cat":284916},{"id":64000,"n":"Nectar de poire Williams NRT Du Roussillon - 1L","p":3.05,"u":"3,05 €/L","img":"https://fd5-photos.leclercdrive.fr/image.ashx?id=2988150&use=l&cat=p&typeid=i","cat":284915},{"id":64032,"n":"Pur jus d'orange Tropicana Sans pulpe - 2x1L","p":4.8,"u":"2,40 €/L","img":"https://fd5-photos.leclercdrive.fr/image.ashx?id=2605671&use=l&cat=p&typeid=i","cat":284521},{"id":64052,"n":"Bière blonde Castelain Grand cru 8.5% - 75cl","p":4.28,"u":"5,71 €/L","img":"https://fd5-photos.leclercdrive.fr/image.ashx?id=2139097&use=l&cat=p&typeid=i","cat":334872},{"id":64057,"n":"Bière Desperados Red 12x33cl","p":15.93,"u":"4,02 €/L","img":"https://fd5-photos.leclercdrive.fr/image.ashx?id=2651074&use=l&cat=p&typeid=i","cat":334878},{"id":64109,"n":"Fromage blanc Délisse 3.2%mg 12x100g","p":2.69,"u":"2,24 €/KG","img":"https://fd5-photos.leclercdrive.fr/image.ashx?id=3012848&use=l&cat=p&typeid=i","cat":284409},{"id":64132,"n":"Baume hydratant Cicabiafine 400 ml","p":15.3,"u":"38,25 €/L","img":"https://fd5-photos.leclercdrive.fr/image.ashx?id=2993418&use=l&cat=p&typeid=i","cat":290421},{"id":64135,"n":"Lait hydratant Cicabiafine 400 ml","p":14.15,"u":"35,38 €/L","img":"https://fd5-photos.leclercdrive.fr/image.ashx?id=2993424&use=l&cat=p&typeid=i","cat":290421},{"id":64140,"n":"Crème mains Cicabiafine Réparation intense - 2x75 ml","p":8.99,"u":"59,93 €/L","img":"https://fd5-photos.leclercdrive.fr/image.ashx?id=2971128&use=l&cat=p&typeid=i","cat":290424},{"id":64161,"n":"Nettoyant Lipikar Syndet AP  La Roche Posay - 400 ml","p":13.0,"u":"32,50 €/L","img":"https://fd5-photos.leclercdrive.fr/image.ashx?id=2404779&use=l&cat=p&typeid=i","cat":301591},{"id":64170,"n":"Surimi Petits Coraya Sauce mayonnaise  x21 - 210g","p":2.58,"u":"12,29 €/KG","img":"https://fd5-photos.leclercdrive.fr/image.ashx?id=2968880&use=l&cat=p&typeid=i","cat":285189},{"id":64177,"n":"Eau micellaire La Roche Posay 400 ml","p":10.99,"u":"27,48 €/L","img":"https://fd5-photos.leclercdrive.fr/image.ashx?id=2863154&use=l&cat=p&typeid=i","cat":301587},{"id":64191,"n":"Tomates cerises allongées Panier du Primeur - 250g","p":1.59,"u":"6,36 €/KG","img":"https://fd5-photos.leclercdrive.fr/image.ashx?id=2988099&use=l&cat=p&typeid=i","cat":284352},{"id":64248,"n":"Nettoyant doux Abcderm Bioderma 1 L","p":10.96,"u":"10,96 €/L","img":"https://fd5-photos.leclercdrive.fr/image.ashx?id=2956403&use=l&cat=p&typeid=i","cat":290425},{"id":64278,"n":"Matière grasse St Hubert 41 Demi-sel - 38%MG - 500g","p":2.95,"u":"5,90 €/KG","img":"https://fd5-photos.leclercdrive.fr/image.ashx?id=2734150&use=l&cat=p&typeid=i","cat":315229},{"id":64341,"n":"Crème Bébé Klorane au Cold Cream - 125ml","p":9.47,"u":"75,76 €/L","img":"https://fd5-photos.leclercdrive.fr/image.ashx?id=2377307&use=l&cat=p&typeid=i","cat":290425},{"id":64362,"n":"Démaquillant yeux Avene 125 ml","p":11.59,"u":"92,72 €/L","img":"https://fd5-photos.leclercdrive.fr/image.ashx?id=2985141&use=l&cat=p&typeid=i","cat":301587},{"id":64493,"n":"Liquide vaisselle Rainett Citron vert - 750ml","p":1.84,"u":"2,45 €/L","img":"https://fd5-photos.leclercdrive.fr/image.ashx?id=2293096&use=l&cat=p&typeid=i","cat":284655},{"id":64686,"n":"Soupe liquide brique Liebig  Velouté légumes soleil - 2x30cl","p":1.84,"u":"3,07 €/L","img":"https://fd5-photos.leclercdrive.fr/image.ashx?id=2203382&use=l&cat=p&typeid=i","cat":284462},{"id":64692,"n":"Chocolat Pâtissier Nestlé Dessert - Noir corsé - 200g","p":2.95,"u":"14,75 €/KG","img":"https://fd5-photos.leclercdrive.fr/image.ashx?id=2889895&use=l&cat=p&typeid=i","cat":285562},{"id":64889,"n":"Végétal Nuggets Garden Gourmet Soja et Blé 200g","p":2.39,"u":"11,95 €/KG","img":"https://fd5-photos.leclercdrive.fr/image.ashx?id=2963967&use=l&cat=p&typeid=i","cat":316036},{"id":64890,"n":"Bouchée Grillée Garden Gourmet Soja et Blé 175g","p":2.02,"u":"11,54 €/KG","img":"https://fd5-photos.leclercdrive.fr/image.ashx?id=2971392&use=l&cat=p&typeid=i","cat":316036},{"id":64897,"n":"Tortellini à poêler Lustucru Jambon emmental - 300g","p":2.07,"u":"6,90 €/KG","img":"https://fd5-photos.leclercdrive.fr/image.ashx?id=2792393&use=l&cat=p&typeid=i","cat":333682},{"id":64910,"n":"Secret de mousse La Laitière Citron - 4x59g","p":1.65,"u":"6,99 €/KG","img":"https://fd5-photos.leclercdrive.fr/image.ashx?id=2616532&use=l&cat=p&typeid=i","cat":284417},{"id":64937,"n":"Collants Body Touch Dim Voile peau dorée - Taille 1","p":6.67,"img":"https://fd5-photos.leclercdrive.fr/image.ashx?id=2018592&use=l&cat=p&typeid=i","cat":334130},{"id":64964,"n":"Eau minérale gazeuse Quezac 6x1.15L","p":2.72,"u":"0,39 €/L","img":"https://fd5-photos.leclercdrive.fr/image.ashx?id=2975341&use=l&cat=p&typeid=i","cat":284536},{"id":64984,"n":"Lasagne de Boeuf  Maison Tino - 900g","p":9.89,"u":"10,99 €/KG","img":"https://fd5-photos.leclercdrive.fr/image.ashx?id=2681829&use=l&cat=p&typeid=i","cat":333666},{"id":65013,"n":"AIRWICK Spray Désodorisant  Pure Rafraichissant - 250ml","p":3.7,"u":"14,80 €/L","img":"https://fd5-photos.leclercdrive.fr/image.ashx?id=2962011&use=l&cat=p&typeid=i","cat":311626},{"id":65044,"n":"Biscuits petit déjeuner Belvita Miel & pépites chocolat - 435g","p":2.7,"u":"6,21 €/KG","img":"https://fd5-photos.leclercdrive.fr/image.ashx?id=2989441&use=l&cat=p&typeid=i","cat":284491},{"id":65061,"n":"Eau aromatisée Volvic zest  citron vert citron - 1,5L","p":1.05,"u":"0,70 €/L","img":"https://fd5-photos.leclercdrive.fr/image.ashx?id=2730259&use=l&cat=p&typeid=i","cat":284537},{"id":65297,"n":"Collant Well Morphologie  Regular Opaque noir / -1m65","p":5.52,"img":"https://fd5-photos.leclercdrive.fr/image.ashx?id=2254736&use=l&cat=p&typeid=i","cat":334130},{"id":65336,"n":"Café dosettes Tassimo L'Or Espresso Splendente x16","p":4.8,"u":"42,86 €/KG","img":"https://fd5-photos.leclercdrive.fr/image.ashx?id=2853404&use=l&cat=p&typeid=i","cat":293240},{"id":65337,"n":"Epices pour fajitas Old El Paso doux - 30g","p":1.07,"u":"35,67 €/KG","img":"https://fd5-photos.leclercdrive.fr/image.ashx?id=2737702&use=l&cat=p&typeid=i","cat":288993},{"id":65341,"n":"Bonbons LUTTI Koala Guimauve Chocolat - 185g","p":1.49,"u":"8,05 €/KG","img":"https://fd5-photos.leclercdrive.fr/image.ashx?id=2806147&use=l&cat=p&typeid=i","cat":304250},{"id":65342,"n":"Bonbons LUTTI Surffizz Piquants Fruits - 200g","p":1.06,"u":"5,30 €/KG","img":"https://fd5-photos.leclercdrive.fr/image.ashx?id=2806144&use=l&cat=p&typeid=i","cat":304250},{"id":65366,"n":"Bière blonde Affligem Pack 6.7% vol. - 20x25cl","p":15.5,"u":"3,10 €/L","img":"https://fd5-photos.leclercdrive.fr/image.ashx?id=2774274&use=l&cat=p&typeid=i","cat":334852},{"id":65665,"n":"Mini cônes Milka x8 - 140g","p":4.4,"u":"31,43 €/KG","img":"https://fd5-photos.leclercdrive.fr/image.ashx?id=1989618&use=l&cat=p&typeid=i","cat":284264},{"id":65866,"n":"Eau micellaire La Roche Posay Peaux réactives - 400ml","p":9.94,"u":"24,85 €/L","img":"https://fd5-photos.leclercdrive.fr/image.ashx?id=2863157&use=l&cat=p&typeid=i","cat":301587},{"id":65926,"n":"Guacamole Extra l'Atelier Blini 175g","p":3.5,"u":"20,00 €/KG","img":"https://fd5-photos.leclercdrive.fr/image.ashx?id=2852504&use=l&cat=p&typeid=i","cat":315999},{"id":65932,"n":"Pizza Dolce Sodebo Capri chèvre coppa - 380g","p":3.97,"u":"10,45 €/KG","img":"https://fd5-photos.leclercdrive.fr/image.ashx?id=2889412&use=l&cat=p&typeid=i","cat":333679},{"id":65970,"n":"Crème légère fluide Bridélice 12%MG - 3x20cl","p":2.44,"u":"4,07 €/L","img":"https://fd5-photos.leclercdrive.fr/image.ashx?id=2904736&use=l&cat=p&typeid=i","cat":284381},{"id":65973,"n":"Abricots Douceur du Verger Sirop léger - 235 g","p":1.44,"u":"6,13 €/KG","img":"https://fd5-photos.leclercdrive.fr/image.ashx?id=2622891&use=l&cat=p&typeid=i","cat":284507},{"id":66024,"n":"Dermoliquide émulsion Saugella 500ml","p":7.33,"u":"14,66 €/L","img":"https://fd5-photos.leclercdrive.fr/image.ashx?id=2086135&use=l&cat=p&typeid=i","cat":301348},{"id":66029,"n":"Déodorant bille La Roche Posay Physiologique - 50ml","p":7.98,"u":"159,60 €/L","img":"https://fd5-photos.leclercdrive.fr/image.ashx?id=2128878&use=l&cat=p&typeid=i","cat":301593},{"id":66245,"n":"Bougies d'anniversaire Vahiné Roses - blister de 16 bougies","p":1.35,"u":"0,08 €/P","img":"https://fd5-photos.leclercdrive.fr/image.ashx?id=1209488&use=l&cat=p&typeid=i","cat":284504},{"id":66266,"n":"Brioche tranchée Pasquier Tranches gourmandes - 450g","p":1.93,"u":"4,29 €/KG","img":"https://fd5-photos.leclercdrive.fr/image.ashx?id=2850940&use=l&cat=p&typeid=i","cat":284478},{"id":66279,"n":"Roquefort AOP Les croisés - 32%mg - 100g","p":2.15,"u":"21,50 €/KG","img":"https://fd5-photos.leclercdrive.fr/image.ashx?id=2562885&use=l&cat=p&typeid=i","cat":314032},{"id":66289,"n":"Barre Chocolat Noisettes Nuts x6 barres - 252g","p":3.29,"u":"13,06 €/KG","img":"https://fd5-photos.leclercdrive.fr/image.ashx?id=2991006&use=l&cat=p&typeid=i","cat":284498},{"id":66293,"n":"Eau aromatisée Volvic juicy jus de fraise - 6x50cl","p":4.15,"u":"1,38 €/L","img":"https://fd5-photos.leclercdrive.fr/image.ashx?id=2961996&use=l&cat=p&typeid=i","cat":284537},{"id":66366,"n":"Déodorant compressé Sanex  Zéro % Extra control - 100ml","p":3.29,"u":"32,90 €/L","img":"https://fd5-photos.leclercdrive.fr/image.ashx?id=2664274&use=l&cat=p&typeid=i","cat":284618},{"id":66368,"n":"Déodorant sanex zéro % spray  compressé peau sensible - 100ml","p":3.35,"u":"33,50 €/L","img":"https://fd5-photos.leclercdrive.fr/image.ashx?id=2692851&use=l&cat=p&typeid=i","cat":284618},{"id":66417,"n":"Biscuits Mikado LU Chocolat au lait - 300g","p":4.87,"u":"16,23 €/KG","img":"https://fd5-photos.leclercdrive.fr/image.ashx?id=2347284&use=l&cat=p&typeid=i","cat":284488},{"id":66418,"n":"Biscuits Oreo Vanille - 220g","p":1.97,"u":"8,95 €/KG","img":"https://fd5-photos.leclercdrive.fr/image.ashx?id=2324285&use=l&cat=p&typeid=i","cat":284488},{"id":66555,"n":"Café moulu Bio Village Bio Ethiopie - 250g","p":4.35,"u":"17,40 €/KG","img":"https://fd5-photos.leclercdrive.fr/image.ashx?id=2468876&use=l&cat=p&typeid=i","cat":284750},{"id":66602,"n":"Nectar Douceur Cidou Orange - 1.75L","p":2.81,"u":"1,61 €/L","img":"https://fd5-photos.leclercdrive.fr/image.ashx?id=2342499&use=l&cat=p&typeid=i","cat":284521},{"id":66652,"n":"Doonuts marbrés St Michel 180g","p":1.8,"u":"10,00 €/KG","img":"https://fd5-photos.leclercdrive.fr/image.ashx?id=2962299&use=l&cat=p&typeid=i","cat":284495},{"id":66739,"n":"Petits Pots  - P'tite Recette  Paëlla - dès 12 mois - 2x200g","p":2.31,"u":"5,78 €/KG","img":"https://fd5-photos.leclercdrive.fr/image.ashx?id=2525693&use=l&cat=p&typeid=i","cat":312237},{"id":66740,"n":"P'tite Recette Nestlé Lentilles Vertes Jambon 12 mois - 2x200g","p":2.18,"u":"5,45 €/KG","img":"https://fd5-photos.leclercdrive.fr/image.ashx?id=2525690&use=l&cat=p&typeid=i","cat":312237},{"id":66745,"n":"Lait velouté hydratant Uriage 500ml","p":13.56,"u":"27,12 €/L","img":"https://fd5-photos.leclercdrive.fr/image.ashx?id=2773751&use=l&cat=p&typeid=i","cat":290421},{"id":66746,"n":"Tomme de brebis Lou Pérac Fromage de brebis - 200g","p":3.93,"u":"19,65 €/KG","img":"https://fd5-photos.leclercdrive.fr/image.ashx?id=2758840&use=l&cat=p&typeid=i","cat":329184},{"id":66747,"n":"Ma Crème anglaise Bridélice UHT - 50cl","p":1.79,"u":"3,58 €/L","img":"https://fd5-photos.leclercdrive.fr/image.ashx?id=2643086&use=l&cat=p&typeid=i","cat":284382},{"id":66751,"n":"Boisson à l'amande Végé 1L Végé - 200g","p":1.85,"u":"1,85 €/L","img":"https://fd5-photos.leclercdrive.fr/image.ashx?id=2874699&use=l&cat=p&typeid=i","cat":316067},{"id":66757,"n":"Soja cuisine Bio Bio Village Végétal - 25cl","p":0.95,"u":"3,80 €/L","img":"https://fd5-photos.leclercdrive.fr/image.ashx?id=2791060&use=l&cat=p&typeid=i","cat":316069},{"id":66761,"n":"Mini gratins Côté Table Légumes du soleil - 400g","p":3.69,"u":"9,23 €/KG","img":"https://fd5-photos.leclercdrive.fr/image.ashx?id=2059098&use=l&cat=p&typeid=i","cat":319802},{"id":66767,"n":"Olives Couleurs Vives A la provençal - 150g","p":1.99,"u":"13,27 €/KG","img":"https://fd5-photos.leclercdrive.fr/image.ashx?id=2601292&use=l&cat=p&typeid=i","cat":316002},{"id":66780,"n":"Oeufs Bio gros Sans OGM x6 - Elev. des Hauts de France","p":2.49,"u":"0,42 €/P","img":"https://fd5-photos.leclercdrive.fr/image.ashx?id=2224862&use=l&cat=p&typeid=i","cat":284378},{"id":66787,"n":"Biscuits Nat&Vie  Chocolat - 200g","p":1.07,"u":"5,35 €/KG","img":"https://fd5-photos.leclercdrive.fr/image.ashx?id=2460616&use=l&cat=p&typeid=i","cat":318651},{"id":66789,"n":"Cheddar tranché Mac Cambell  Mature - 140g","p":1.83,"u":"13,07 €/KG","img":"https://fd5-photos.leclercdrive.fr/image.ashx?id=1574459&use=l&cat=p&typeid=i","cat":314028},{"id":66791,"n":"Cossettes mozzarella  Délices d'Amélie - 400g","p":4.71,"u":"11,78 €/KG","img":"https://fd5-photos.leclercdrive.fr/image.ashx?id=2855085&use=l&cat=p&typeid=i","cat":314035},{"id":66792,"n":"Cheddar râpé Délices d'Amélie  200g","p":2.82,"u":"14,10 €/KG","img":"https://fd5-photos.leclercdrive.fr/image.ashx?id=2855082&use=l&cat=p&typeid=i","cat":314035},{"id":66793,"n":"Biscuits Nat&Vie Sésame - 200g","p":1.15,"u":"5,75 €/KG","img":"https://fd5-photos.leclercdrive.fr/image.ashx?id=2390428&use=l&cat=p&typeid=i","cat":318651},{"id":66803,"n":"Biscuits Nutella B-ready Cacao noisettes - 330g","p":3.94,"u":"11,94 €/KG","img":"https://fd5-photos.leclercdrive.fr/image.ashx?id=2770599&use=l&cat=p&typeid=i","cat":284488},{"id":66809,"n":"Gousses vanille Vahiné  3g","p":4.32,"img":"https://fd5-photos.leclercdrive.fr/image.ashx?id=2524314&use=l&cat=p&typeid=i","cat":284504},{"id":66811,"n":"Tablette de chocolat Côte d'Or Lait Noisettes - 2x180g","p":6.83,"u":"18,97 €/KG","img":"https://fd5-photos.leclercdrive.fr/image.ashx?id=2850231&use=l&cat=p&typeid=i","cat":284497},{"id":66823,"n":"Biscuits petit déjeuner Belvita Miel & pépites chocolat - 650g","p":3.83,"u":"5,89 €/KG","img":"https://fd5-photos.leclercdrive.fr/image.ashx?id=2345487&use=l&cat=p&typeid=i","cat":284491},{"id":66834,"n":"Gel coiffant Vitanove Fixation extrême - 250ml","p":1.62,"u":"6,48 €/L","img":"https://fd5-photos.leclercdrive.fr/image.ashx?id=2824704&use=l&cat=p&typeid=i","cat":284609},{"id":66837,"n":"Gel coiffant Vitanove  Fixation extra forte - 250ml","p":1.29,"u":"5,16 €/L","img":"https://fd5-photos.leclercdrive.fr/image.ashx?id=2836325&use=l&cat=p&typeid=i","cat":284609},{"id":66838,"n":"Gel coiffant Vitanove  Fixation béton - 250ml","p":1.61,"u":"6,44 €/L","img":"https://fd5-photos.leclercdrive.fr/image.ashx?id=2823087&use=l&cat=p&typeid=i","cat":284609},{"id":66843,"n":"Bandes de cire froide Siliss Visage - x32","p":2.19,"u":"0,07 €/P","img":"https://fd5-photos.leclercdrive.fr/image.ashx?id=2699708&use=l&cat=p&typeid=i","cat":325351},{"id":66844,"n":"Bandes de cire froide Siliss Jambes - x20","p":2.3,"u":"0,12 €/P","img":"https://fd5-photos.leclercdrive.fr/image.ashx?id=2842316&use=l&cat=p&typeid=i","cat":325351},{"id":66849,"n":"Dessert bébé lacté Blédina 6m Banane - 6x55g","p":2.11,"u":"6,39 €/KG","img":"https://fd5-photos.leclercdrive.fr/image.ashx?id=2952454&use=l&cat=p&typeid=i","cat":312392},{"id":66965,"n":"Matière grasse Primevere Oméga 3 - 55% - 500g","p":2.87,"u":"5,74 €/KG","img":"https://fd5-photos.leclercdrive.fr/image.ashx?id=2939328&use=l&cat=p&typeid=i","cat":315229},{"id":66967,"n":"Matière grasse Primevere 63%MG - oméga 3 - 500g","p":3.31,"u":"6,62 €/KG","img":"https://fd5-photos.leclercdrive.fr/image.ashx?id=2936044&use=l&cat=p&typeid=i","cat":315229},{"id":66968,"n":"Beurre tendre Président Doux - 82% MG - 250g","p":3.07,"u":"12,28 €/KG","img":"https://fd5-photos.leclercdrive.fr/image.ashx?id=2811944&use=l&cat=p&typeid=i","cat":284379},{"id":66969,"n":"Pommes de terre Notre Jardin En lamelle - 500g","p":1.38,"u":"2,76 €/KG","img":"https://fd5-photos.leclercdrive.fr/image.ashx?id=2670335&use=l&cat=p&typeid=i","cat":284352},{"id":66985,"n":"Roulés au fromage Côté Table x2 - 260g","p":2.32,"u":"8,92 €/KG","img":"https://fd5-photos.leclercdrive.fr/image.ashx?id=2794838&use=l&cat=p&typeid=i","cat":333671},{"id":66989,"n":"Yaourt bifidus Activia céréales noix - 4x120g","p":2.03,"u":"4,23 €/KG","img":"https://fd5-photos.leclercdrive.fr/image.ashx?id=2901623&use=l&cat=p&typeid=i","cat":315000},{"id":66990,"n":"Yaourt bifidus Activia céréales muesli - 4x120g","p":1.95,"u":"4,06 €/KG","img":"https://fd5-photos.leclercdrive.fr/image.ashx?id=2901620&use=l&cat=p&typeid=i","cat":315000},{"id":67034,"n":"AOP Muscadet Sevre et Maine Château des Gillières - 75 cl","p":3.98,"u":"5,31 €/L","img":"https://fd5-photos.leclercdrive.fr/image.ashx?id=2204490&use=l&cat=p&typeid=i","cat":289557},{"id":67071,"n":"Fromage Maroilles Fauquet  Quart AOP - 210g","p":3.33,"u":"15,86 €/KG","img":"https://fd5-photos.leclercdrive.fr/image.ashx?id=2834509&use=l&cat=p&typeid=i","cat":329558},{"id":67140,"n":"Mix cerise Daco Bello 300g","p":4.5,"u":"15,00 €/KG","img":"https://fd5-photos.leclercdrive.fr/image.ashx?id=2307835&use=l&cat=p&typeid=i","cat":284357},{"id":67143,"n":"Quatro de graines Daco Bello Grillées - Non salées - 175g","p":4.7,"u":"26,86 €/KG","img":"https://fd5-photos.leclercdrive.fr/image.ashx?id=2298544&use=l&cat=p&typeid=i","cat":284357},{"id":67150,"n":"Croustilles Belin Emmental - 4x138g","p":4.25,"u":"7,70 €/KG","img":"https://fd5-photos.leclercdrive.fr/image.ashx?id=2539025&use=l&cat=p&typeid=i","cat":284449},{"id":67151,"n":"Croustilles Belin Cacahuète - 4x138g","p":4.25,"u":"7,70 €/KG","img":"https://fd5-photos.leclercdrive.fr/image.ashx?id=2940477&use=l&cat=p&typeid=i","cat":284449},{"id":67152,"n":"Tablette de chocolat noir Lindt Zestes de citron vert - 2x100g","p":4.68,"u":"23,40 €/KG","img":"https://fd5-photos.leclercdrive.fr/image.ashx?id=2230887&use=l&cat=p&typeid=i","cat":284956},{"id":67155,"n":"Tablette de chocolat noir Lindt Orange intense - 2x100g","p":4.34,"u":"21,70 €/KG","img":"https://fd5-photos.leclercdrive.fr/image.ashx?id=2153273&use=l&cat=p&typeid=i","cat":284956},{"id":67156,"n":"Tablette de chocolat noir Lindt Caramel Pointe de sel - 2x100g","p":4.28,"u":"21,40 €/KG","img":"https://fd5-photos.leclercdrive.fr/image.ashx?id=2153276&use=l&cat=p&typeid=i","cat":284956},{"id":67168,"n":"Yaourt à boire Actimel fruits pêche gelée royale - 12x100g","p":5.07,"u":"4,23 €/KG","img":"https://fd5-photos.leclercdrive.fr/image.ashx?id=2996473&use=l&cat=p&typeid=i","cat":284415},{"id":67378,"n":"Sirop Eco+ Grenadine - 1L","p":1.71,"u":"1,71 €/L","img":"https://fd5-photos.leclercdrive.fr/image.ashx?id=2901419&use=l&cat=p&typeid=i","cat":295020},{"id":67393,"n":"Beurre gastronomique Président Doux - 82% MG - 250g","p":2.74,"u":"10,96 €/KG","img":"https://fd5-photos.leclercdrive.fr/image.ashx?id=3011104&use=l&cat=p&typeid=i","cat":284379},{"id":67421,"n":"Soupe Bio Mouliné Knorr Légumes du potager - 1L","p":3.11,"u":"3,11 €/L","img":"https://fd5-photos.leclercdrive.fr/image.ashx?id=2312578&use=l&cat=p&typeid=i","cat":284462},{"id":67439,"n":"Fromage Pavé d'Affinois Original - 6x30g + 1offert","p":2.58,"u":"12,29 €/KG","img":"https://fd5-photos.leclercdrive.fr/image.ashx?id=2469665&use=l&cat=p&typeid=i","cat":314033},{"id":67440,"n":"Fromage Pavé d'Affinois Secret - 6x25g + 1offert","p":2.55,"u":"14,57 €/KG","img":"https://fd5-photos.leclercdrive.fr/image.ashx?id=2469668&use=l&cat=p&typeid=i","cat":314033},{"id":67441,"n":"Fromage Pavé d'Affinois Brin - 25g x 6+1offert","p":2.46,"u":"14,06 €/KG","img":"https://fd5-photos.leclercdrive.fr/image.ashx?id=2469671&use=l&cat=p&typeid=i","cat":314033},{"id":67568,"n":"Curry moulu Rustica 42g","p":0.55,"u":"13,10 €/KG","img":"https://fd5-photos.leclercdrive.fr/image.ashx?id=2772975&use=l&cat=p&typeid=i","cat":298297},{"id":67570,"n":"Poivre noir moulu Rustica Indonésie - 38g","p":0.81,"u":"21,32 €/KG","img":"https://fd5-photos.leclercdrive.fr/image.ashx?id=2797793&use=l&cat=p&typeid=i","cat":284457},{"id":67572,"n":"Ciboulette Rustica 4g","p":0.43,"u":"107,50 €/KG","img":"https://fd5-photos.leclercdrive.fr/image.ashx?id=2772990&use=l&cat=p&typeid=i","cat":298297},{"id":67573,"n":"Cumin moulu Rustica 32g","p":0.59,"u":"18,44 €/KG","img":"https://fd5-photos.leclercdrive.fr/image.ashx?id=2772963&use=l&cat=p&typeid=i","cat":298297},{"id":67575,"n":"Saucisse fumée de Savoie Socopa Façon charcutière x4 - 320g","p":3.2,"u":"10,00 €/KG","img":"https://fd5-photos.leclercdrive.fr/image.ashx?id=2264686&use=l&cat=p&typeid=i","cat":284334},{"id":67620,"n":"Persil Rustica 5g","p":0.39,"u":"78,00 €/KG","img":"https://fd5-photos.leclercdrive.fr/image.ashx?id=2772969&use=l&cat=p&typeid=i","cat":298297},{"id":67621,"n":"Paprika doux moulu Rustica  40g","p":0.49,"u":"12,25 €/KG","img":"https://fd5-photos.leclercdrive.fr/image.ashx?id=2772966&use=l&cat=p&typeid=i","cat":298297},{"id":67622,"n":"Thym Rustica 14g","p":0.4,"u":"28,57 €/KG","img":"https://fd5-photos.leclercdrive.fr/image.ashx?id=2797784&use=l&cat=p&typeid=i","cat":298297},{"id":67651,"n":"Poivre Noir moulu Bio Village Bio  - 38g","p":1.99,"u":"52,37 €/KG","img":"https://fd5-photos.leclercdrive.fr/image.ashx?id=2706538&use=l&cat=p&typeid=i","cat":284457},{"id":67652,"n":"Poivre gris moulu Flacon - 36g","p":1.11,"u":"30,83 €/KG","img":"https://fd5-photos.leclercdrive.fr/image.ashx?id=2797778&use=l&cat=p&typeid=i","cat":284457},{"id":67653,"n":"Gingembre moulu Rustica 27g","p":1.19,"u":"44,07 €/KG","img":"https://fd5-photos.leclercdrive.fr/image.ashx?id=2797796&use=l&cat=p&typeid=i","cat":298297},{"id":67667,"n":"Purée de tomate Panzani Tomacouli nature - 500g","p":0.86,"u":"1,72 €/KG","img":"https://fd5-photos.leclercdrive.fr/image.ashx?id=2979623&use=l&cat=p&typeid=i","cat":288384},{"id":67668,"n":"Crépinettes Eleveurs des Hauts de France x2 - 200g","p":2.99,"u":"14,95 €/KG","img":"https://fd5-photos.leclercdrive.fr/image.ashx?id=2701812&use=l&cat=p&typeid=i","cat":284332},{"id":67678,"n":"Curcuma moulu Rustica 37g","p":0.66,"u":"17,84 €/KG","img":"https://fd5-photos.leclercdrive.fr/image.ashx?id=2772981&use=l&cat=p&typeid=i","cat":298297},{"id":67679,"n":"Estragon Rustica 7g","p":0.79,"u":"112,86 €/KG","img":"https://fd5-photos.leclercdrive.fr/image.ashx?id=2772993&use=l&cat=p&typeid=i","cat":298297},{"id":67680,"n":"Herbes de provence Rustica 120g","p":2.6,"u":"21,67 €/KG","img":"https://fd5-photos.leclercdrive.fr/image.ashx?id=2907228&use=l&cat=p&typeid=i","cat":298297},{"id":67681,"n":"Herbes de Provence Rustica 18g","p":0.41,"u":"22,78 €/KG","img":"https://fd5-photos.leclercdrive.fr/image.ashx?id=2772972&use=l&cat=p&typeid=i","cat":298297},{"id":67682,"n":"Noix de Muscade Rustica Moulue - 32g","p":1.36,"u":"42,50 €/KG","img":"https://fd5-photos.leclercdrive.fr/image.ashx?id=2772996&use=l&cat=p&typeid=i","cat":298297},{"id":67693,"n":"Piment de Cayenne Rustica 38g","p":1.09,"u":"28,68 €/KG","img":"https://fd5-photos.leclercdrive.fr/image.ashx?id=2932671&use=l&cat=p&typeid=i","cat":298297},{"id":67712,"n":"Yaourts nature Délisse Au lait chèvre - 4x125g","p":1.84,"u":"3,68 €/KG","img":"https://fd5-photos.leclercdrive.fr/image.ashx?id=1847192&use=l&cat=p&typeid=i","cat":314998},{"id":67715,"n":"Liégeois Délisse Pistache - 4x100g","p":1.62,"u":"4,05 €/KG","img":"https://fd5-photos.leclercdrive.fr/image.ashx?id=2652514&use=l&cat=p&typeid=i","cat":285042},{"id":67726,"n":"AOC Crémant de Bourgogne Veuve Ambal Rosé brut - 75cl","p":7.99,"u":"10,65 €/L","img":"https://fd5-photos.leclercdrive.fr/image.ashx?id=2021286&use=l&cat=p&typeid=i","cat":284545},{"id":67875,"n":"The Pik Box Haribo Boîte bonbons acidulés - 550g","p":4.91,"u":"8,93 €/KG","img":"https://fd5-photos.leclercdrive.fr/image.ashx?id=2805219&use=l&cat=p&typeid=i","cat":304250},{"id":67885,"n":"Crème fraîche épaisse Président Entière 30%mg - 45cl","p":2.18,"u":"4,84 €/L","img":"https://fd5-photos.leclercdrive.fr/image.ashx?id=2971948&use=l&cat=p&typeid=i","cat":284381},{"id":67890,"n":"Mélange de fruits de mer Costa - 360g","p":7.91,"u":"21,97 €/KG","img":"https://fd5-photos.leclercdrive.fr/image.ashx?id=2741132&use=l&cat=p&typeid=i","cat":319787},{"id":67892,"n":"Amandes décortiquées Sun 300g","p":6.12,"u":"20,40 €/KG","img":"https://fd5-photos.leclercdrive.fr/image.ashx?id=2765027&use=l&cat=p&typeid=i","cat":284448},{"id":67915,"n":"Baby carottes Florette 250g","p":2.25,"u":"9,00 €/KG","img":"https://fd5-photos.leclercdrive.fr/image.ashx?id=2786492&use=l&cat=p&typeid=i","cat":284352},{"id":68010,"n":"Crème dessert Bio Les 2 vaches Vanille - 4x95g","p":1.76,"u":"4,63 €/KG","img":"https://fd5-photos.leclercdrive.fr/image.ashx?id=2774015&use=l&cat=p&typeid=i","cat":285041},{"id":68087,"n":"Ananas Douceur du Verger Tranches brisées -  340g","p":1.59,"u":"4,68 €/KG","img":"https://fd5-photos.leclercdrive.fr/image.ashx?id=2485086&use=l&cat=p&typeid=i","cat":284507},{"id":68088,"n":"Cannelle Rustica 39g","p":0.88,"u":"22,56 €/KG","img":"https://fd5-photos.leclercdrive.fr/image.ashx?id=2772960&use=l&cat=p&typeid=i","cat":298297},{"id":68090,"n":"Champignons Bio Village Bio Emincés - 170g","p":2.25,"u":"13,24 €/KG","img":"https://fd5-photos.leclercdrive.fr/image.ashx?id=2613294&use=l&cat=p&typeid=i","cat":312610},{"id":68093,"n":"Champignons Paris Notre Jardin Entiers - 2x115g","p":1.85,"u":"8,04 €/KG","img":"https://fd5-photos.leclercdrive.fr/image.ashx?id=2724699&use=l&cat=p&typeid=i","cat":312610},{"id":68097,"n":"Yaourt à la grecque YAOS Citron - 4x125g","p":2.37,"u":"4,74 €/KG","img":"https://fd5-photos.leclercdrive.fr/image.ashx?id=2578672&use=l&cat=p&typeid=i","cat":314999},{"id":68214,"n":"Biscuits Petits Cœurs LU Chocolat - 125g","p":1.09,"u":"8,72 €/KG","img":"https://fd5-photos.leclercdrive.fr/image.ashx?id=3002021&use=l&cat=p&typeid=i","cat":284488},{"id":68355,"n":"Compote pomme poire Bio Bio Village - 4x100g","p":1.99,"u":"4,98 €/KG","img":"https://fd5-photos.leclercdrive.fr/image.ashx?id=2454638&use=l&cat=p&typeid=i","cat":284416},{"id":68432,"n":"Gel WC Syphon Activ'Effect Fraîcheur pin - 750ml","p":0.74,"u":"0,99 €/L","img":"https://fd5-photos.leclercdrive.fr/image.ashx?id=2388382&use=l&cat=p&typeid=i","cat":284662},{"id":68449,"n":"Perles désodorisantes Bien Air Japon","p":2.25,"img":"https://fd5-photos.leclercdrive.fr/image.ashx?id=2568798&use=l&cat=p&typeid=i","cat":311628},{"id":68451,"n":"Lingettes Inell Rafraichissantes - x10","p":1.08,"u":"0,11 €/P","img":"https://fd5-photos.leclercdrive.fr/image.ashx?id=2658132&use=l&cat=p&typeid=i","cat":284603},{"id":68453,"n":"Gel lavant Manava Hypoallergénique - 300ml","p":1.05,"u":"3,50 €/L","img":"https://fd5-photos.leclercdrive.fr/image.ashx?id=2935528&use=l&cat=p&typeid=i","cat":284597},{"id":68454,"n":"Savon noir Clair Mou - 1kg","p":4.3,"u":"4,30 €/KG","img":"https://fd5-photos.leclercdrive.fr/image.ashx?id=1294158&use=l&cat=p&typeid=i","cat":284907},{"id":68455,"n":"Gel nettoyant Syphon Entretien menthe - 1L","p":2.89,"u":"2,89 €/L","img":"https://fd5-photos.leclercdrive.fr/image.ashx?id=2943659&use=l&cat=p&typeid=i","cat":284908},{"id":68475,"n":"Culotte Chorys Médium nuit - x12","p":8.56,"u":"0,71 €/P","img":"https://fd5-photos.leclercdrive.fr/image.ashx?id=2716009&use=l&cat=p&typeid=i","cat":284628},{"id":68476,"n":"Culotte Chorys Absorption plus large nuit x10","p":7.14,"u":"0,71 €/P","img":"https://fd5-photos.leclercdrive.fr/image.ashx?id=2704490&use=l&cat=p&typeid=i","cat":284628},{"id":68486,"n":"Tampon Nett  Digital normal boite - x24","p":2.3,"u":"0,10 €/P","img":"https://fd5-photos.leclercdrive.fr/image.ashx?id=2359657&use=l&cat=p&typeid=i","cat":284626},{"id":68487,"n":"Tampons Nett Procomfort Digitaux - Super - x24","p":2.18,"u":"0,09 €/P","img":"https://fd5-photos.leclercdrive.fr/image.ashx?id=2502625&use=l&cat=p&typeid=i","cat":284626},{"id":68737,"n":"Crème de coco légère Bio Bjorg  20cl","p":1.47,"u":"7,35 €/L","img":"https://fd5-photos.leclercdrive.fr/image.ashx?id=2936386&use=l&cat=p&typeid=i","cat":288992},{"id":68738,"n":"Soja cuisine - semi-épaisse Bio Bjorg - 25cl","p":1.16,"u":"4,64 €/L","img":"https://fd5-photos.leclercdrive.fr/image.ashx?id=2906196&use=l&cat=p&typeid=i","cat":316069},{"id":68824,"n":"Coton maxi carré Inell Aloé Vera - x50","p":1.75,"u":"0,04 €/P","img":"https://fd5-photos.leclercdrive.fr/image.ashx?id=1959190&use=l&cat=p&typeid=i","cat":284636},{"id":68840,"n":"Chocolat noir Bio Village Bio - Noisettes entières - 200g","p":3.33,"u":"16,65 €/KG","img":"https://fd5-photos.leclercdrive.fr/image.ashx?id=2646026&use=l&cat=p&typeid=i","cat":284956},{"id":68844,"n":"Mini crackers Tokapi 75g","p":0.95,"u":"12,67 €/KG","img":"https://fd5-photos.leclercdrive.fr/image.ashx?id=2096458&use=l&cat=p&typeid=i","cat":297000},{"id":68862,"n":"Pâte à tartiner Nustikao 600g","p":2.73,"u":"4,55 €/KG","img":"https://fd5-photos.leclercdrive.fr/image.ashx?id=2814869&use=l&cat=p&typeid=i","cat":284481},{"id":68864,"n":"Compote Douceur du Verger Bocal pomme poire - 710g","p":1.75,"u":"2,46 €/KG","img":"https://fd5-photos.leclercdrive.fr/image.ashx?id=2263224&use=l&cat=p&typeid=i","cat":284508},{"id":68866,"n":"Compote Douceur du Verger Bocal pomme - 710g","p":1.27,"u":"1,79 €/KG","img":"https://fd5-photos.leclercdrive.fr/image.ashx?id=2232589&use=l&cat=p&typeid=i","cat":284508},{"id":68870,"n":"Pistaches Bio Village Grillées salées bio - 100g","p":2.6,"u":"26,00 €/KG","img":"https://fd5-photos.leclercdrive.fr/image.ashx?id=2615789&use=l&cat=p&typeid=i","cat":284448},{"id":68881,"n":"Litchis Douceur du Verger Sirop léger - 250g","p":2.8,"u":"11,20 €/KG","img":"https://fd5-photos.leclercdrive.fr/image.ashx?id=2485089&use=l&cat=p&typeid=i","cat":284507},{"id":68882,"n":"Compote bio Bio Village Coupelle pomme - 8x100g","p":2.89,"u":"3,61 €/KG","img":"https://fd5-photos.leclercdrive.fr/image.ashx?id=1947749&use=l&cat=p&typeid=i","cat":284508},{"id":68913,"n":"Purificateur d'air Sanytol Désinfectant - 300ml","p":3.74,"u":"12,47 €/L","img":"https://fd5-photos.leclercdrive.fr/image.ashx?id=2901659&use=l&cat=p&typeid=i","cat":311626},{"id":68914,"n":"Riz Basmati Comptoir du grain Variété Traditionelle - 1kg","p":3.56,"u":"3,56 €/KG","img":"https://fd5-photos.leclercdrive.fr/image.ashx?id=2583271&use=l&cat=p&typeid=i","cat":284428},{"id":68930,"n":"Soupe liquide bio Knorr Légumes potager à la crème - 1L","p":3.06,"u":"3,06 €/L","img":"https://fd5-photos.leclercdrive.fr/image.ashx?id=2312572&use=l&cat=p&typeid=i","cat":284462},{"id":68935,"n":"Soupe Régal Soupe Poule pot vermicelles - 1L","p":2.02,"u":"2,02 €/L","img":"https://fd5-photos.leclercdrive.fr/image.ashx?id=2983817&use=l&cat=p&typeid=i","cat":284462},{"id":68952,"n":"Crème dessert La Laitière Velours de crème chocolat 4x85g","p":2.19,"u":"6,44 €/KG","img":"https://fd5-photos.leclercdrive.fr/image.ashx?id=2633824&use=l&cat=p&typeid=i","cat":285041},{"id":68969,"n":"Mélange de 3 fruits Daco Bello 400g","p":5.1,"u":"12,75 €/KG","img":"https://fd5-photos.leclercdrive.fr/image.ashx?id=2307838&use=l&cat=p&typeid=i","cat":284357},{"id":69006,"n":"Tomates séchées Rustica Bocal - 280g","p":2.5,"u":"8,93 €/KG","img":"https://fd5-photos.leclercdrive.fr/image.ashx?id=2539457&use=l&cat=p&typeid=i","cat":284458},{"id":69061,"n":"Yaourt nature Danone 4x125g","p":0.86,"u":"1,72 €/KG","img":"https://fd5-photos.leclercdrive.fr/image.ashx?id=2911184&use=l&cat=p&typeid=i","cat":284409},{"id":69062,"n":"Yaourt nature Danone 12x125g","p":2.75,"u":"1,83 €/KG","img":"https://fd5-photos.leclercdrive.fr/image.ashx?id=2915688&use=l&cat=p&typeid=i","cat":284409},{"id":69067,"n":"Crème dessert Délisse Saveur cookies - 4x125g","p":1.52,"u":"3,04 €/KG","img":"https://fd5-photos.leclercdrive.fr/image.ashx?id=2441405&use=l&cat=p&typeid=i","cat":285041},{"id":69068,"n":"Crème dessert Délisse Saveur Brownie - 4x125g","p":1.55,"u":"3,10 €/KG","img":"https://fd5-photos.leclercdrive.fr/image.ashx?id=2441411&use=l&cat=p&typeid=i","cat":285041},{"id":69071,"n":"yaourt aux fruits danonino aromatisé - 12x125g","p":3.09,"u":"2,06 €/KG","img":"https://fd5-photos.leclercdrive.fr/image.ashx?id=2883432&use=l&cat=p&typeid=i","cat":284414},{"id":69073,"n":"Yaourts brassés velouté Danone Nature - 4x125g","p":1.31,"u":"2,62 €/KG","img":"https://fd5-photos.leclercdrive.fr/image.ashx?id=2865587&use=l&cat=p&typeid=i","cat":284409},{"id":69074,"n":"Yaourts brassés Velouté Danone Nature - 8x125g","p":2.38,"u":"2,38 €/KG","img":"https://fd5-photos.leclercdrive.fr/image.ashx?id=2865590&use=l&cat=p&typeid=i","cat":284409},{"id":69084,"n":"petit suisse aux fruits danonino - 6x100g","p":2.95,"u":"4,92 €/KG","img":"https://fd5-photos.leclercdrive.fr/image.ashx?id=3003134&use=l&cat=p&typeid=i","cat":284414},{"id":69108,"n":"Muesli duo pépites de chocolats  bio Terres et Céréales -1kg","p":6.08,"u":"6,08 €/KG","img":"https://fd5-photos.leclercdrive.fr/image.ashx?id=2802452&use=l&cat=p&typeid=i","cat":309512},{"id":69120,"n":"Eau de toilette Alix de Faure Vanille - 110ml","p":3.2,"u":"29,09 €/L","img":"https://fd5-photos.leclercdrive.fr/image.ashx?id=2675768&use=l&cat=p&typeid=i","cat":291525},{"id":69145,"n":"Crème lavante Manava Framboise pivoine - 300ml","p":1.28,"u":"4,27 €/L","img":"https://fd5-photos.leclercdrive.fr/image.ashx?id=2935507&use=l&cat=p&typeid=i","cat":284597},{"id":69147,"n":"Café dosettes Tassimo L'Or Café Long Classique x16","p":4.41,"u":"42,40 €/KG","img":"https://fd5-photos.leclercdrive.fr/image.ashx?id=2160312&use=l&cat=p&typeid=i","cat":293240},{"id":69150,"n":"Nettoyant multi surfaces Clair Citron - 1.5L","p":1.7,"u":"1,13 €/L","img":"https://fd5-photos.leclercdrive.fr/image.ashx?id=2534211&use=l&cat=p&typeid=i","cat":284907},{"id":69151,"n":"Nettoyant multi surfaces Clair Pins - 1.5L","p":1.7,"u":"1,13 €/L","img":"https://fd5-photos.leclercdrive.fr/image.ashx?id=2369164&use=l&cat=p&typeid=i","cat":284907},{"id":69152,"n":"Nettoyant multi surfaces Clair Fleurs - 1.5L","p":1.7,"u":"1,13 €/L","img":"https://fd5-photos.leclercdrive.fr/image.ashx?id=2381556&use=l&cat=p&typeid=i","cat":284907},{"id":69153,"n":"Nettoyant multi surfaces Clair Fraîcheur pure - 1.5L","p":1.7,"u":"1,13 €/L","img":"https://fd5-photos.leclercdrive.fr/image.ashx?id=2373263&use=l&cat=p&typeid=i","cat":284907},{"id":69154,"n":"Nettoyant multi surfaces Clair Savon de Marseille - 1.5L","p":1.7,"u":"1,13 €/L","img":"https://fd5-photos.leclercdrive.fr/image.ashx?id=2858845&use=l&cat=p&typeid=i","cat":284907},{"id":69155,"n":"Nettoyant multi surfaces Clair Savon noir - 1.5L","p":1.7,"u":"1,13 €/L","img":"https://fd5-photos.leclercdrive.fr/image.ashx?id=2849584&use=l&cat=p&typeid=i","cat":284907},{"id":69161,"n":"Purée carotte bio Bio Village 450g","p":1.39,"u":"3,09 €/KG","img":"https://fd5-photos.leclercdrive.fr/image.ashx?id=2878747&use=l&cat=p&typeid=i","cat":319805},{"id":69164,"n":"Pizza chèvre feu de bois Bio  Bio Village - 360g","p":3.19,"u":"8,86 €/KG","img":"https://fd5-photos.leclercdrive.fr/image.ashx?id=1911810&use=l&cat=p&typeid=i","cat":284256},{"id":69171,"n":"Détachant Système 8 Ace Délicat Bouquet Méditerranée - 2L","p":4.65,"u":"2,33 €/L","img":"https://fd5-photos.leclercdrive.fr/image.ashx?id=2559155&use=l&cat=p&typeid=i","cat":284651},{"id":69215,"n":"Pains wrap Epi d'Or Nature x6 - 383g","p":1.95,"u":"5,09 €/KG","img":"https://fd5-photos.leclercdrive.fr/image.ashx?id=2998883&use=l&cat=p&typeid=i","cat":284985},{"id":69233,"n":"Capsules café L'Or Espresso Ristretto N°11 x10","p":3.08,"u":"59,23 €/KG","img":"https://fd5-photos.leclercdrive.fr/image.ashx?id=2260869&use=l&cat=p&typeid=i","cat":284749},{"id":69256,"n":"Dessert panaché Andros Panaché - 16x100g","p":5.47,"u":"3,42 €/KG","img":"https://fd5-photos.leclercdrive.fr/image.ashx?id=2875114&use=l&cat=p&typeid=i","cat":284416},{"id":69265,"n":"Tartinade d'artichauts  Sud & Sol - 150g","p":2.39,"pp":1.58,"u":"10,53 €/KG","img":"https://fd5-photos.leclercdrive.fr/image.ashx?id=2937304&use=l&cat=p&typeid=i","cat":315999},{"id":69268,"n":"Liquide vaisselle Rainett Citron écologique - 750ml","p":1.87,"u":"2,49 €/L","img":"https://fd5-photos.leclercdrive.fr/image.ashx?id=2297129&use=l&cat=p&typeid=i","cat":284655},{"id":69273,"n":"Eau de toilette Alix de Faure Fruits rouges - 110ml","p":3.2,"u":"29,09 €/L","img":"https://fd5-photos.leclercdrive.fr/image.ashx?id=2675762&use=l&cat=p&typeid=i","cat":291525},{"id":69275,"n":"Gel Douche Homme Nivea Men 3 en 1 Protect&Care - 250ml","p":1.9,"u":"7,60 €/L","img":"https://fd5-photos.leclercdrive.fr/image.ashx?id=2985465&use=l&cat=p&typeid=i","cat":284619},{"id":69279,"n":"Crème soin jour Diadermine Expert Fondamental  - 50ml","p":10.19,"u":"203,80 €/L","img":"https://fd5-photos.leclercdrive.fr/image.ashx?id=2458334&use=l&cat=p&typeid=i","cat":325345},{"id":69280,"n":"Couches bébé Mots d'enfants Midi T3 4/9kg - x50 changes","p":6.35,"u":"0,13 €/P","img":"https://fd5-photos.leclercdrive.fr/image.ashx?id=2699717&use=l&cat=p&typeid=i","cat":284737},{"id":69281,"n":"Couches bébé Mots d'enfants Ultra confort T4 7/18kg - x44","p":6.35,"u":"0,14 €/P","img":"https://fd5-photos.leclercdrive.fr/image.ashx?id=2699720&use=l&cat=p&typeid=i","cat":284737},{"id":69282,"n":"Couches bébé Mots d'enfants Ultra confort T4+  9/20kg - x41","p":6.35,"u":"0,15 €/P","img":"https://fd5-photos.leclercdrive.fr/image.ashx?id=2699723&use=l&cat=p&typeid=i","cat":284737},{"id":69283,"n":"Couches bébé Mots d'enfants Ultra confort T5 11/25kg - x39","p":6.35,"u":"0,16 €/P","img":"https://fd5-photos.leclercdrive.fr/image.ashx?id=2699726&use=l&cat=p&typeid=i","cat":284737},{"id":69285,"n":"Couches bébé Mots d'enfants T4 Ultra confort 7/18kg - x144","p":19.85,"u":"0,14 €/P","img":"https://fd5-photos.leclercdrive.fr/image.ashx?id=2689429&use=l&cat=p&typeid=i","cat":284737},{"id":69286,"n":"Couches bébé Mots d'enfants T5 Ultra confort 11/25kg - x136","p":19.85,"u":"0,15 €/P","img":"https://fd5-photos.leclercdrive.fr/image.ashx?id=2691833&use=l&cat=p&typeid=i","cat":284737},{"id":69317,"n":"Eau minérale naturelle Vittel 6x1.5L","p":2.86,"u":"0,32 €/L","img":"https://fd5-photos.leclercdrive.fr/image.ashx?id=3000441&use=l&cat=p&typeid=i","cat":284535},{"id":69326,"n":"Piles Duracell LR44 - x2","p":3.18,"u":"1,59 €/P","img":"https://fd5-photos.leclercdrive.fr/image.ashx?id=2525402&use=l&cat=p&typeid=i","cat":300572},{"id":69327,"n":"Piles Duracell MN21 x2","p":5.56,"u":"2,78 €/P","img":"https://fd5-photos.leclercdrive.fr/image.ashx?id=2328739&use=l&cat=p&typeid=i","cat":300572},{"id":69335,"n":"Piles rechargeables Duracell 2500mAh AA - x4","p":18.69,"img":"https://fd5-photos.leclercdrive.fr/image.ashx?id=2862833&use=l&cat=p&typeid=i","cat":300572},{"id":69336,"n":"Piles Ultra Duracell RCR 850 AAA - x4","p":18.69,"img":"https://fd5-photos.leclercdrive.fr/image.ashx?id=2421949&use=l&cat=p&typeid=i","cat":300572},{"id":69379,"n":"From'Chaud Ermitage 50% mg - 200g","p":3.23,"u":"16,15 €/KG","img":"https://fd5-photos.leclercdrive.fr/image.ashx?id=2966002&use=l&cat=p&typeid=i","cat":314037},{"id":69383,"n":"Fromage à Raclette RichesMonts  Duo Classique & Fumée - 420G","p":5.75,"u":"13,69 €/KG","img":"https://fd5-photos.leclercdrive.fr/image.ashx?id=2953815&use=l&cat=p&typeid=i","cat":314037},{"id":69423,"n":"Hampes et Sauce Béarnaise X2 - 300g","p":4.67,"u":"15,57 €/KG","img":"https://fd5-photos.leclercdrive.fr/image.ashx?id=2414603&use=l&cat=p&typeid=i","cat":284328},{"id":69432,"n":"Trio de terrines Label Rouge Nos Régions Ont Du Talent -270g","p":3.7,"u":"13,70 €/KG","img":"https://fd5-photos.leclercdrive.fr/image.ashx?id=2560521&use=l&cat=p&typeid=i","cat":305149},{"id":69679,"n":"Yaourt à la grecque YAOS Nature lit de myrtilles 4x125g","p":2.33,"u":"4,66 €/KG","img":"https://fd5-photos.leclercdrive.fr/image.ashx?id=2614933&use=l&cat=p&typeid=i","cat":314999},{"id":69690,"n":"Mascarpone 41.5% mg Galbani 500g","p":5.13,"u":"10,26 €/KG","img":"https://fd5-photos.leclercdrive.fr/image.ashx?id=2832470&use=l&cat=p&typeid=i","cat":314026},{"id":69720,"n":"Gougères au fromage Côté Table x20 - 140g","p":3.76,"u":"26,86 €/KG","img":"https://fd5-photos.leclercdrive.fr/image.ashx?id=2726709&use=l&cat=p&typeid=i","cat":319774},{"id":69738,"n":"AOC Côtes du Marmandais vin  rosé Terrasses d'Autan - BIB 3L","p":9.99,"u":"3,33 €/L","img":"https://fd5-photos.leclercdrive.fr/image.ashx?id=2863069&use=l&cat=p&typeid=i","cat":289560},{"id":69739,"n":"Mini feuilletés Côté Table Apéritifs - x30 - 360g","p":3.72,"u":"10,33 €/KG","img":"https://fd5-photos.leclercdrive.fr/image.ashx?id=2212509&use=l&cat=p&typeid=i","cat":319774},{"id":69740,"n":"Mini-feuilletés Côté Table Apéritifs - x80 - 740g","p":6.83,"u":"9,23 €/KG","img":"https://fd5-photos.leclercdrive.fr/image.ashx?id=2238045&use=l&cat=p&typeid=i","cat":319774},{"id":69741,"n":"Mini-feuilletés Côté Table Apéritifs - x40 - 350g","p":3.37,"u":"9,63 €/KG","img":"https://fd5-photos.leclercdrive.fr/image.ashx?id=2632873&use=l&cat=p&typeid=i","cat":319774},{"id":70117,"n":"Biscuits Mc Vitie's Original - 400g","p":1.6,"u":"4,00 €/KG","img":"https://fd5-photos.leclercdrive.fr/image.ashx?id=2310182&use=l&cat=p&typeid=i","cat":284487},{"id":70123,"n":"Fromage blanc Danone Nature 3%MG - 8x100g","p":2.92,"u":"3,65 €/KG","img":"https://fd5-photos.leclercdrive.fr/image.ashx?id=2792075&use=l&cat=p&typeid=i","cat":284409},{"id":70140,"n":"Yaourt Nature Panier de Yoplait Lit de Fruits Panaché - 6x140g","p":2.92,"u":"3,48 €/KG","img":"https://fd5-photos.leclercdrive.fr/image.ashx?id=2884429&use=l&cat=p&typeid=i","cat":284410},{"id":70158,"n":"Yaourt Nature Panier de Yoplait Lit Fruits de Saison - 6x140g","p":2.77,"u":"3,30 €/KG","img":"https://fd5-photos.leclercdrive.fr/image.ashx?id=2992062&use=l&cat=p&typeid=i","cat":284410},{"id":70327,"n":"Tartiflette Maison Tino Au reblochon - 800g","p":10.15,"u":"12,69 €/KG","img":"https://fd5-photos.leclercdrive.fr/image.ashx?id=2762157&use=l&cat=p&typeid=i","cat":333666},{"id":70328,"n":"Chimay blanche 8° - 75cl","p":4.25,"u":"5,67 €/L","img":"https://fd5-photos.leclercdrive.fr/image.ashx?id=2476812&use=l&cat=p&typeid=i","cat":334872},{"id":70335,"n":"Kasteel blonde  11° - 75cl","p":4.69,"u":"6,25 €/L","img":"https://fd5-photos.leclercdrive.fr/image.ashx?id=2483218&use=l&cat=p&typeid=i","cat":334872},{"id":70342,"n":"Bière Westmalle triple 75cl","p":5.9,"u":"7,87 €/L","img":"https://fd5-photos.leclercdrive.fr/image.ashx?id=2433488&use=l&cat=p&typeid=i","cat":334872},{"id":70344,"n":"Triple Secret des Moines 8%  - 75cl","p":3.84,"u":"5,12 €/L","img":"https://fd5-photos.leclercdrive.fr/image.ashx?id=2947991&use=l&cat=p&typeid=i","cat":334872},{"id":70579,"n":"Fromage Caprice des Dieux  200g","p":2.88,"u":"14,40 €/KG","img":"https://fd5-photos.leclercdrive.fr/image.ashx?id=2762438&use=l&cat=p&typeid=i","cat":314033},{"id":70914,"n":"Poivre noir grains Rustica 90g","p":2.32,"u":"25,78 €/KG","img":"https://fd5-photos.leclercdrive.fr/image.ashx?id=2870047&use=l&cat=p&typeid=i","cat":284457},{"id":70980,"n":"Crousty chicken Le Gaulois L'original - 400g","p":4.63,"u":"11,58 €/KG","img":"https://fd5-photos.leclercdrive.fr/image.ashx?id=2967765&use=l&cat=p&typeid=i","cat":333684},{"id":70993,"n":"Coulommiers Président  350g","p":2.76,"u":"7,89 €/KG","img":"https://fd5-photos.leclercdrive.fr/image.ashx?id=2029862&use=l&cat=p&typeid=i","cat":314033},{"id":71060,"n":"Basilic Rustica 11g","p":0.39,"u":"35,45 €/KG","img":"https://fd5-photos.leclercdrive.fr/image.ashx?id=2772957&use=l&cat=p&typeid=i","cat":298297},{"id":71066,"n":"Moutarde à l'ancienne Origine du Goût-Au vinaigre cidre -100g","p":1.39,"u":"13,90 €/KG","img":"https://fd5-photos.leclercdrive.fr/image.ashx?id=2794850&use=l&cat=p&typeid=i","cat":288850},{"id":71067,"n":"Moutarde L'Origine du Goût Poivre vert de Madagascar -100g","p":1.39,"u":"13,90 €/KG","img":"https://fd5-photos.leclercdrive.fr/image.ashx?id=2711631&use=l&cat=p&typeid=i","cat":288850},{"id":71069,"n":"Moutarde à l'ancienne Origine du Goût -Piment espelette -100g","p":1.39,"u":"13,90 €/KG","img":"https://fd5-photos.leclercdrive.fr/image.ashx?id=2794853&use=l&cat=p&typeid=i","cat":288850},{"id":71071,"n":"Vinaigre L'Origine du Goût Pulpe de mangue - 20cl","p":3.49,"u":"17,45 €/L","img":"https://fd5-photos.leclercdrive.fr/image.ashx?id=2709027&use=l&cat=p&typeid=i","cat":298543},{"id":71072,"n":"Vinaigre Pulpe de framboise L'Origine du goût - 20cl","p":3.99,"u":"19,95 €/L","img":"https://fd5-photos.leclercdrive.fr/image.ashx?id=2709030&use=l&cat=p&typeid=i","cat":298543},{"id":71075,"n":"Vinaigrette biphase Rustica Tomate/ Balsamique - 50cl","p":2.72,"u":"5,44 €/L","img":"https://fd5-photos.leclercdrive.fr/image.ashx?id=1972937&use=l&cat=p&typeid=i","cat":284456},{"id":71102,"n":"Bière Desperados 65cl","p":2.47,"u":"3,80 €/L","img":"https://fd5-photos.leclercdrive.fr/image.ashx?id=2977960&use=l&cat=p&typeid=i","cat":334878},{"id":71106,"n":"Ail semoule Rustica 110g","p":1.39,"u":"12,64 €/KG","img":"https://fd5-photos.leclercdrive.fr/image.ashx?id=2870038&use=l&cat=p&typeid=i","cat":298297},{"id":71155,"n":"Ail semoule Rustica Flacon - 60g","p":0.99,"u":"16,50 €/KG","img":"https://fd5-photos.leclercdrive.fr/image.ashx?id=2797790&use=l&cat=p&typeid=i","cat":298297},{"id":71156,"n":"Moulin 5 baies Rustica Flacon - 24g","p":1.19,"u":"49,58 €/KG","img":"https://fd5-photos.leclercdrive.fr/image.ashx?id=2907231&use=l&cat=p&typeid=i","cat":284457},{"id":71158,"n":"Poivre gris moulu Rustica Boite - 90g","p":2.29,"u":"25,44 €/KG","img":"https://fd5-photos.leclercdrive.fr/image.ashx?id=1239440&use=l&cat=p&typeid=i","cat":284457},{"id":71162,"n":"Assortiment crackers Tokapi 85g","p":0.69,"u":"8,12 €/KG","img":"https://fd5-photos.leclercdrive.fr/image.ashx?id=2705037&use=l&cat=p&typeid=i","cat":297000},{"id":71164,"n":"Gel lavant Bionaïa Abricot bio - 300ml","p":1.79,"u":"5,97 €/L","img":"https://fd5-photos.leclercdrive.fr/image.ashx?id=2935525&use=l&cat=p&typeid=i","cat":284597},{"id":71209,"n":"Café moulu L'Origine du Goût Sumatra  - 250g","p":5.29,"u":"21,16 €/KG","img":"https://fd5-photos.leclercdrive.fr/image.ashx?id=1240181&use=l&cat=p&typeid=i","cat":284750},{"id":71211,"n":"Café moulu L'Origine du Goût Ethiopie - 250g","p":5.29,"u":"21,16 €/KG","img":"https://fd5-photos.leclercdrive.fr/image.ashx?id=1241944&use=l&cat=p&typeid=i","cat":284750},{"id":71412,"n":"Déodorant Manava Cologne - 100ml","p":1.39,"u":"13,90 €/L","img":"https://fd5-photos.leclercdrive.fr/image.ashx?id=2666572&use=l&cat=p&typeid=i","cat":284595},{"id":71413,"n":"Déodorant Manava Freesia Orchidée - 100ml","p":1.36,"u":"13,60 €/L","img":"https://fd5-photos.leclercdrive.fr/image.ashx?id=2656451&use=l&cat=p&typeid=i","cat":284595},{"id":71422,"n":"Macedoine de legumes Eco  530g","p":1.11,"u":"2,09 €/KG","img":"https://fd5-photos.leclercdrive.fr/image.ashx?id=1991117&use=l&cat=p&typeid=i","cat":312612},{"id":71433,"n":"Choux-fleurs Eco+ 1kg","p":1.34,"u":"1,34 €/KG","img":"https://fd5-photos.leclercdrive.fr/image.ashx?id=2729254&use=l&cat=p&typeid=i","cat":319805},{"id":71440,"n":"Curry poudre bio Ducros Flacon - 36g","p":2.49,"u":"69,17 €/KG","img":"https://fd5-photos.leclercdrive.fr/image.ashx?id=2484071&use=l&cat=p&typeid=i","cat":298297},{"id":71442,"n":"Cassoulet Eco+ 840g","p":1.97,"u":"2,35 €/KG","img":"https://fd5-photos.leclercdrive.fr/image.ashx?id=2847937&use=l&cat=p&typeid=i","cat":284440},{"id":71444,"n":"Galettes au beurre Eco+ x16 - 125g","p":0.64,"u":"5,12 €/KG","img":"https://fd5-photos.leclercdrive.fr/image.ashx?id=2746781&use=l&cat=p&typeid=i","cat":284487},{"id":71446,"n":"Biscuits aux oeufs Eco+ x60 - 400g","p":1.57,"u":"3,93 €/KG","img":"https://fd5-photos.leclercdrive.fr/image.ashx?id=2804136&use=l&cat=p&typeid=i","cat":284487},{"id":71447,"n":"Curcuma bio Ducros Flacon - 42g","p":2.54,"u":"60,48 €/KG","img":"https://fd5-photos.leclercdrive.fr/image.ashx?id=2484086&use=l&cat=p&typeid=i","cat":298297},{"id":71451,"n":"Serviettes maxi nuit Eco+ x10","p":0.64,"u":"0,06 €/P","img":"https://fd5-photos.leclercdrive.fr/image.ashx?id=2824739&use=l&cat=p&typeid=i","cat":284624},{"id":71454,"n":"Persil bio Ducros Flacon - 7g","p":2.4,"u":"342,86 €/KG","img":"https://fd5-photos.leclercdrive.fr/image.ashx?id=2484062&use=l&cat=p&typeid=i","cat":298297},{"id":71455,"n":"Gélatine feuille bio Vahiné 10g","p":1.27,"u":"127,00 €/KG","img":"https://fd5-photos.leclercdrive.fr/image.ashx?id=2559829&use=l&cat=p&typeid=i","cat":284504},{"id":71457,"n":"Amande poudre bio Vahiné 100g","p":3.77,"u":"37,70 €/KG","img":"https://fd5-photos.leclercdrive.fr/image.ashx?id=2504221&use=l&cat=p&typeid=i","cat":284504},{"id":71459,"n":"Noix coco rapée bio Vahiné 115g","p":2.24,"u":"19,48 €/KG","img":"https://fd5-photos.leclercdrive.fr/image.ashx?id=2559841&use=l&cat=p&typeid=i","cat":284504},{"id":71460,"n":"Poudre à lever bio Vahiné 5 sachets - 35g","p":0.9,"u":"25,71 €/KG","img":"https://fd5-photos.leclercdrive.fr/image.ashx?id=2559832&use=l&cat=p&typeid=i","cat":294686},{"id":71461,"n":"Sucre vanillé bio Vahiné 5 sachets - 35G","p":3.4,"u":"97,14 €/KG","img":"https://fd5-photos.leclercdrive.fr/image.ashx?id=2559835&use=l&cat=p&typeid=i","cat":284504},{"id":71462,"n":"Pépites chocolat noirVahiné Bio - 100g","p":2.57,"u":"25,70 €/KG","img":"https://fd5-photos.leclercdrive.fr/image.ashx?id=2504227&use=l&cat=p&typeid=i","cat":284504},{"id":71463,"n":"Raisins secs bio Vahiné 200g","p":2.7,"u":"13,50 €/KG","img":"https://fd5-photos.leclercdrive.fr/image.ashx?id=2559844&use=l&cat=p&typeid=i","cat":284357},{"id":71469,"n":"DOC Prosecco extra-dry blanc 7% vol - 75cl","p":4.99,"u":"6,65 €/L","img":"https://fd5-photos.leclercdrive.fr/image.ashx?id=2977171&use=l&cat=p&typeid=i","cat":289461},{"id":71473,"n":"Vin d'Espagne blanc Chardonnay Adrien Champaud - BIB 5L","p":11.99,"u":"2,40 €/L","img":"https://fd5-photos.leclercdrive.fr/image.ashx?id=2959617&use=l&cat=p&typeid=i","cat":289557},{"id":71479,"n":"Cookies P'tit Déli Paillettes muticolores - 150g","p":1.45,"u":"9,67 €/KG","img":"https://fd5-photos.leclercdrive.fr/image.ashx?id=2939064&use=l&cat=p&typeid=i","cat":325066},{"id":71489,"n":"Croissants Epi d'Or x8 - 320g","p":1.64,"u":"5,13 €/KG","img":"https://fd5-photos.leclercdrive.fr/image.ashx?id=2860766&use=l&cat=p&typeid=i","cat":296366},{"id":71490,"n":"Vin d'Espagne blanc Sauvignon Adrien Champaud - BIB 5L","p":9.99,"u":"2,00 €/L","img":"https://fd5-photos.leclercdrive.fr/image.ashx?id=2960511&use=l&cat=p&typeid=i","cat":289560},{"id":71491,"n":"Croissants Epi d'Or x14 - 560g","p":2.79,"u":"4,98 €/KG","img":"https://fd5-photos.leclercdrive.fr/image.ashx?id=2860769&use=l&cat=p&typeid=i","cat":296366},{"id":71497,"n":"Tartelette P'tit Déli Fraise - 127g","p":1.42,"u":"11,18 €/KG","img":"https://fd5-photos.leclercdrive.fr/image.ashx?id=2888640&use=l&cat=p&typeid=i","cat":284489},{"id":71514,"n":"Sablé pur beurre P'tit Déli Caramel - 100g","p":1.18,"u":"11,80 €/KG","img":"https://fd5-photos.leclercdrive.fr/image.ashx?id=2660574&use=l&cat=p&typeid=i","cat":284487},{"id":71523,"n":"Sablés pur beurre P'tit Déli Coco - 100g","p":1.89,"u":"18,90 €/KG","img":"https://fd5-photos.leclercdrive.fr/image.ashx?id=2709704&use=l&cat=p&typeid=i","cat":284487},{"id":71524,"n":"Goûter rectangle P'tit Déli Fourré chocolat - 125g","p":1.19,"u":"9,52 €/KG","img":"https://fd5-photos.leclercdrive.fr/image.ashx?id=2619725&use=l&cat=p&typeid=i","cat":284488},{"id":71531,"n":"Crème fraiche bio Bio village Epaisse - 30% MG  - 50cl","p":2.66,"u":"5,32 €/L","img":"https://fd5-photos.leclercdrive.fr/image.ashx?id=1975050&use=l&cat=p&typeid=i","cat":284381},{"id":71535,"n":"Pommes de terre NRT à l'échirlète - 600g","p":3.55,"u":"5,92 €/KG","img":"https://fd5-photos.leclercdrive.fr/image.ashx?id=2699855&use=l&cat=p&typeid=i","cat":319792},{"id":71546,"n":"Gaufrettes P'tit Déli Vanille - 110g","p":1.01,"u":"9,18 €/KG","img":"https://fd5-photos.leclercdrive.fr/image.ashx?id=2436023&use=l&cat=p&typeid=i","cat":284487},{"id":71561,"n":"Palets P'tit Déli A la madeleine - 125g","p":1.15,"u":"9,20 €/KG","img":"https://fd5-photos.leclercdrive.fr/image.ashx?id=2693138&use=l&cat=p&typeid=i","cat":284487},{"id":71563,"n":"Mayonnaise Rustica A la moutarde de Dijon - 720g","p":2.45,"u":"3,40 €/KG","img":"https://fd5-photos.leclercdrive.fr/image.ashx?id=2954379&use=l&cat=p&typeid=i","cat":298295},{"id":71565,"n":"Pêches Douceur du Verger Sirop léger - 465g","p":1.62,"u":"3,48 €/KG","img":"https://fd5-photos.leclercdrive.fr/image.ashx?id=2666471&use=l&cat=p&typeid=i","cat":284507},{"id":71570,"n":"Palmiers P'tit Déli Zestes Citron - 100g","p":0.86,"u":"8,60 €/KG","img":"https://fd5-photos.leclercdrive.fr/image.ashx?id=2331321&use=l&cat=p&typeid=i","cat":284487},{"id":71574,"n":"Gaufrettes P'tit Déli Chocolat noisette - 160g","p":1.54,"u":"9,63 €/KG","img":"https://fd5-photos.leclercdrive.fr/image.ashx?id=2915302&use=l&cat=p&typeid=i","cat":284488},{"id":71575,"n":"Test de grossesse Primoplast x1","p":0.74,"img":"https://fd5-photos.leclercdrive.fr/image.ashx?id=2832975&use=l&cat=p&typeid=i","cat":324482},{"id":71578,"n":"Crème lavante Manava Surgras - 300ml","p":1.12,"u":"3,73 €/L","img":"https://fd5-photos.leclercdrive.fr/image.ashx?id=2935513&use=l&cat=p&typeid=i","cat":284597},{"id":71580,"n":"Tampons digitaux Doulys Super+ x24","p":2.09,"u":"0,09 €/P","img":"https://fd5-photos.leclercdrive.fr/image.ashx?id=2965521&use=l&cat=p&typeid=i","cat":284626},{"id":71581,"n":"Cire visage Siliss 15ml","p":4.07,"u":"271,33 €/L","img":"https://fd5-photos.leclercdrive.fr/image.ashx?id=2510446&use=l&cat=p&typeid=i","cat":325351},{"id":71683,"n":"Pâtes de fruits NRT Assortiment 300g","p":8.7,"u":"29,00 €/KG","img":"https://fd5-photos.leclercdrive.fr/image.ashx?id=2265350&use=l&cat=p&typeid=i","cat":284499},{"id":72032,"n":"Bière blonde Affligem 6.7% vol -  Fût 5L","p":21.16,"u":"4,23 €/L","img":"https://fd5-photos.leclercdrive.fr/image.ashx?id=2672722&use=l&cat=p&typeid=i","cat":334879},{"id":72448,"n":"Gateaux Ourson Lu Fraise - 3x150g","p":3.78,"u":"8,40 €/KG","img":"https://fd5-photos.leclercdrive.fr/image.ashx?id=3004777&use=l&cat=p&typeid=i","cat":284495},{"id":72721,"n":"Saucisson à l'ail  Hauts de France - 300g","p":3.49,"u":"11,63 €/KG","img":"https://fd5-photos.leclercdrive.fr/image.ashx?id=1893490&use=l&cat=p&typeid=i","cat":316006},{"id":72731,"n":"Chocolat Pâtissier Nestlé Dessert : Noir 70% - 170g","p":3.31,"u":"19,47 €/KG","img":"https://fd5-photos.leclercdrive.fr/image.ashx?id=2902358&use=l&cat=p&typeid=i","cat":285562},{"id":72734,"n":"Pain de mie Schär - Céréales Sans gluten - 300g","p":3.4,"u":"11,33 €/KG","img":"https://fd5-photos.leclercdrive.fr/image.ashx?id=2659421&use=l&cat=p&typeid=i","cat":318654},{"id":72786,"n":"Bière blonde Pelforth Fût pression - 5L","p":15.94,"u":"3,19 €/L","img":"https://fd5-photos.leclercdrive.fr/image.ashx?id=2767249&use=l&cat=p&typeid=i","cat":334879},{"id":72791,"n":"Bière Desperados 3x33cl","p":4.31,"u":"4,35 €/L","img":"https://fd5-photos.leclercdrive.fr/image.ashx?id=2983120&use=l&cat=p&typeid=i","cat":334878},{"id":72932,"n":"Spaghetti bolognaise Côté Table 415g","p":2.03,"u":"4,89 €/KG","img":"https://fd5-photos.leclercdrive.fr/image.ashx?id=2977882&use=l&cat=p&typeid=i","cat":284442},{"id":73006,"n":"Sauce pour nems Tables du monde 125ml","p":0.99,"u":"7,92 €/L","img":"https://fd5-photos.leclercdrive.fr/image.ashx?id=2526306&use=l&cat=p&typeid=i","cat":288992},{"id":73084,"n":"Crème Hydratante Visage Mixa Peaux Sensibles - 100ml","p":2.73,"u":"27,30 €/L","img":"https://fd5-photos.leclercdrive.fr/image.ashx?id=2300749&use=l&cat=p&typeid=i","cat":325345},{"id":73346,"n":"Apéritif de nos régions 26 pièces - 320g","p":4.99,"u":"15,59 €/KG","img":"https://fd5-photos.leclercdrive.fr/image.ashx?id=1988262&use=l&cat=p&typeid=i","cat":319774},{"id":73347,"n":"Apéritif de nos régions Fromager, 20 pièces, 250g","p":4.99,"u":"19,96 €/KG","img":"https://fd5-photos.leclercdrive.fr/image.ashx?id=1566898&use=l&cat=p&typeid=i","cat":319774},{"id":73348,"n":"Apéritif de nos régions A l'italienne, 22 pièces - 220g","p":4.99,"u":"22,68 €/KG","img":"https://fd5-photos.leclercdrive.fr/image.ashx?id=1567240&use=l&cat=p&typeid=i","cat":319774},{"id":73349,"n":"Apéritif de nos régions Provençale, 26 pièces - 320g","p":4.99,"u":"15,59 €/KG","img":"https://fd5-photos.leclercdrive.fr/image.ashx?id=1565353&use=l&cat=p&typeid=i","cat":319774},{"id":73697,"n":"Compote Allégée en sucres Eco+ Bocal pomme - 720g","p":0.85,"u":"1,18 €/KG","img":"https://fd5-photos.leclercdrive.fr/image.ashx?id=2953185&use=l&cat=p&typeid=i","cat":284508},{"id":73705,"n":"AOC Bourgogne Pinot Noir Couvent des Visitandines - 75cl","p":7.4,"u":"9,87 €/L","img":"https://fd5-photos.leclercdrive.fr/image.ashx?id=2870221&use=l&cat=p&typeid=i","cat":289556},{"id":73706,"n":"Riz basmati Eco+ 1kg","p":2.01,"u":"2,01 €/KG","img":"https://fd5-photos.leclercdrive.fr/image.ashx?id=2141651&use=l&cat=p&typeid=i","cat":284428},{"id":73715,"n":"Vin blanc AOC Bourgogne Aligoté Couvent des Visitandines - 75cl","p":8.2,"u":"10,93 €/L","img":"https://fd5-photos.leclercdrive.fr/image.ashx?id=2955294&use=l&cat=p&typeid=i","cat":289557},{"id":73735,"n":"Café moulu Eco+ Pur arabica - 500g","p":6.44,"u":"12,88 €/KG","img":"https://fd5-photos.leclercdrive.fr/image.ashx?id=2843578&use=l&cat=p&typeid=i","cat":284750},{"id":73790,"n":"Café soluble Eco+ 200g","p":3.47,"u":"17,35 €/KG","img":"https://fd5-photos.leclercdrive.fr/image.ashx?id=1654429&use=l&cat=p&typeid=i","cat":284843},{"id":73793,"n":"Goûters ronds Eco+ Fourrés chocolat - 500g","p":1.35,"u":"2,70 €/KG","img":"https://fd5-photos.leclercdrive.fr/image.ashx?id=2222751&use=l&cat=p&typeid=i","cat":284488},{"id":73798,"n":"Pâtes Eco+ Coquillettes - 1kg","p":1.01,"u":"1,01 €/KG","img":"https://fd5-photos.leclercdrive.fr/image.ashx?id=2885723&use=l&cat=p&typeid=i","cat":284427},{"id":73803,"n":"Shampooing aux oeufs Eco+ 750ml","p":0.52,"u":"0,69 €/L","img":"https://fd5-photos.leclercdrive.fr/image.ashx?id=2779178&use=l&cat=p&typeid=i","cat":284606},{"id":73805,"n":"Biscuit fourré cacao Eco+ x12 - 225g","p":0.93,"u":"4,13 €/KG","img":"https://fd5-photos.leclercdrive.fr/image.ashx?id=2834223&use=l&cat=p&typeid=i","cat":284488},{"id":73807,"n":"Carré coton bébé Eco+ x60","p":0.99,"u":"0,02 €/P","img":"https://fd5-photos.leclercdrive.fr/image.ashx?id=2987634&use=l&cat=p&typeid=i","cat":284739},{"id":73818,"n":"Mister Cocktail sans alcool Planteur créole - 75cl","p":3.38,"u":"4,51 €/L","img":"https://fd5-photos.leclercdrive.fr/image.ashx?id=2962230&use=l&cat=p&typeid=i","cat":284549},{"id":73819,"n":"Mister Cocktail sans alcool Rosé pamplemousse - 75cl","p":3.38,"u":"4,51 €/L","img":"https://fd5-photos.leclercdrive.fr/image.ashx?id=2962224&use=l&cat=p&typeid=i","cat":284549},{"id":73820,"n":"Mister Cocktail sans alcool Sangria - 75cl","p":3.14,"u":"4,19 €/L","img":"https://fd5-photos.leclercdrive.fr/image.ashx?id=2962227&use=l&cat=p&typeid=i","cat":284551},{"id":73957,"n":"Essuie tout Original N°1 Okay Blanc - x6 rouleaux","p":4.21,"u":"0,70 €/P","img":"https://fd5-photos.leclercdrive.fr/image.ashx?id=2981346&use=l&cat=p&typeid=i","cat":284635},{"id":74048,"n":"Lasagnes à la bolognaise Eco + 1kg","p":2.54,"u":"2,54 €/KG","img":"https://fd5-photos.leclercdrive.fr/image.ashx?id=2779166&use=l&cat=p&typeid=i","cat":284254},{"id":74090,"n":"Nectar Multifruits Eco+ Brique - 2L","p":1.38,"u":"0,69 €/L","img":"https://fd5-photos.leclercdrive.fr/image.ashx?id=2751853&use=l&cat=p&typeid=i","cat":284917},{"id":74091,"n":"Mozzarella Eco+ 18%mg - 125g","p":0.76,"u":"6,08 €/KG","img":"https://fd5-photos.leclercdrive.fr/image.ashx?id=2754868&use=l&cat=p&typeid=i","cat":314026},{"id":74110,"n":"Chorizo doux Eco+ 250g","p":1.66,"u":"6,64 €/KG","img":"https://fd5-photos.leclercdrive.fr/image.ashx?id=2849566&use=l&cat=p&typeid=i","cat":316006},{"id":74114,"n":"Eau de source Eco+ 12x50cl","p":1.61,"u":"0,27 €/L","img":"https://fd5-photos.leclercdrive.fr/image.ashx?id=2991416&use=l&cat=p&typeid=i","cat":284535},{"id":74115,"n":"Petit Brie Eco+ 32%mg - 500g","p":3.39,"u":"6,78 €/KG","img":"https://fd5-photos.leclercdrive.fr/image.ashx?id=2938403&use=l&cat=p&typeid=i","cat":314033},{"id":74123,"n":"Citron jaune Rustica 200ml","p":0.79,"u":"3,95 €/L","img":"https://fd5-photos.leclercdrive.fr/image.ashx?id=2627652&use=l&cat=p&typeid=i","cat":288383},{"id":74124,"n":"Citron vert Rustica 200ml","p":0.89,"u":"4,45 €/L","img":"https://fd5-photos.leclercdrive.fr/image.ashx?id=2635768&use=l&cat=p&typeid=i","cat":288383},{"id":74171,"n":"Jambon fumé Bleu Blanc Coeur Eleveurs Hauts de France - 2tr.","p":2.09,"u":"20,90 €/KG","img":"https://fd5-photos.leclercdrive.fr/image.ashx?id=1906150&use=l&cat=p&typeid=i","cat":316009},{"id":74289,"n":"Terrine de saumon Guyader Saumon / Saumon fumé - 350g","p":4.49,"u":"12,83 €/KG","img":"https://fd5-photos.leclercdrive.fr/image.ashx?id=2750471&use=l&cat=p&typeid=i","cat":285191},{"id":74292,"n":"Terrine de noix Guyader St Jacques A la bretonne - 350g","p":4.49,"u":"12,83 €/KG","img":"https://fd5-photos.leclercdrive.fr/image.ashx?id=2750468&use=l&cat=p&typeid=i","cat":285191},{"id":74340,"n":"Jambon le gourmet Madrange A l'os - x4 - 160g","p":2.74,"u":"17,13 €/KG","img":"https://fd5-photos.leclercdrive.fr/image.ashx?id=3008206&use=l&cat=p&typeid=i","cat":316009},{"id":74344,"n":"Shampooing Naturé Moi Nourrissant - 250ml","p":2.23,"u":"8,92 €/L","img":"https://fd5-photos.leclercdrive.fr/image.ashx?id=2741472&use=l&cat=p&typeid=i","cat":284606},{"id":74381,"n":"Mousse de canard Madrange Au porto - 180g","p":1.51,"u":"8,39 €/KG","img":"https://fd5-photos.leclercdrive.fr/image.ashx?id=2865704&use=l&cat=p&typeid=i","cat":316008},{"id":74610,"n":"La Fermière Yaourt au lait entier Vanille - 2x140g","p":2.13,"u":"7,61 €/KG","img":"https://fd5-photos.leclercdrive.fr/image.ashx?id=3004924&use=l&cat=p&typeid=i","cat":286006},{"id":74656,"n":"Croquettes chien Purina One Medium adulte poulet riz  2.5kg","p":8.2,"u":"3,28 €/KG","img":"https://fd5-photos.leclercdrive.fr/image.ashx?id=2878384&use=l&cat=p&typeid=i","cat":284672},{"id":74697,"n":"Fondue aux 3 fromages Président 16%mg - 600g","p":6.7,"u":"11,17 €/KG","img":"https://fd5-photos.leclercdrive.fr/image.ashx?id=2632996&use=l&cat=p&typeid=i","cat":314037},{"id":74860,"n":"Champignons Notre Jardin A la grecque - 400g","p":1.56,"u":"3,90 €/KG","img":"https://fd5-photos.leclercdrive.fr/image.ashx?id=2531101&use=l&cat=p&typeid=i","cat":312610},{"id":74949,"n":"Crème Cold cream Avène 100 ml","p":13.39,"u":"133,90 €/L","img":"https://fd5-photos.leclercdrive.fr/image.ashx?id=2377286&use=l&cat=p&typeid=i","cat":290421},{"id":74999,"n":"Filet mignon de porc Ecrasé de pommes de terre 300g","p":2.74,"u":"9,13 €/KG","img":"https://fd5-photos.leclercdrive.fr/image.ashx?id=2962335&use=l&cat=p&typeid=i","cat":284953},{"id":75151,"n":"AOC Crémant de Bourgogne Rosé Couvent des Visitandines - 75cl","p":8.7,"pp":6.09,"u":"8,12 €/L","img":"https://fd5-photos.leclercdrive.fr/image.ashx?id=2549477&use=l&cat=p&typeid=i","cat":284544},{"id":75152,"n":"AOC Crémant de Bourgogne brut Couvent des Visitandines - 75cl","p":8.7,"pp":6.09,"u":"8,12 €/L","img":"https://fd5-photos.leclercdrive.fr/image.ashx?id=2553599&use=l&cat=p&typeid=i","cat":284544},{"id":75283,"n":"Déodorant Sanex spray 0% Sensitive - 2x100ml","p":6.63,"u":"33,15 €/L","img":"https://fd5-photos.leclercdrive.fr/image.ashx?id=2188530&use=l&cat=p&typeid=i","cat":284595},{"id":75426,"n":"Tofu fumé bio Bjorg - 2x100g","p":3.14,"u":"15,70 €/KG","img":"https://fd5-photos.leclercdrive.fr/image.ashx?id=2928531&use=l&cat=p&typeid=i","cat":284953},{"id":75462,"n":"Pâte d'amande Holyfruits Blanc - 250g","p":3.59,"u":"14,36 €/KG","img":"https://fd5-photos.leclercdrive.fr/image.ashx?id=2628929&use=l&cat=p&typeid=i","cat":284504},{"id":75475,"n":"Biscuits Oréo Format familial 440g","p":3.51,"u":"7,98 €/KG","img":"https://fd5-photos.leclercdrive.fr/image.ashx?id=2903827&use=l&cat=p&typeid=i","cat":284488},{"id":75491,"n":"Tablette chocolat au lait Lindt Praliné noisettes - 225g","p":3.96,"u":"17,60 €/KG","img":"https://fd5-photos.leclercdrive.fr/image.ashx?id=2423756&use=l&cat=p&typeid=i","cat":284497},{"id":75539,"n":"Saucisse cockail Tradilege Bacon - 300g","p":2.82,"u":"9,40 €/KG","img":"https://fd5-photos.leclercdrive.fr/image.ashx?id=2930784&use=l&cat=p&typeid=i","cat":316012},{"id":75595,"n":"Courge butternut bio Bio Village - x1","p":2.59,"img":"https://fd5-photos.leclercdrive.fr/image.ashx?id=2645759&use=l&cat=p&typeid=i","cat":284352},{"id":75902,"n":"Sérum Keracnyl Ducray - 30ml","p":14.49,"u":"48,30 €/L","img":"https://fd5-photos.leclercdrive.fr/image.ashx?id=2335310&use=l&cat=p&typeid=i","cat":291166},{"id":75976,"n":"Potimarron bio Bio Village 1p","p":2.69,"img":"https://fd5-photos.leclercdrive.fr/image.ashx?id=2645765&use=l&cat=p&typeid=i","cat":284352},{"id":76008,"n":"Chocolat au lait Lindt Création La Crème brûlée - 150g","p":3.01,"u":"20,07 €/KG","img":"https://fd5-photos.leclercdrive.fr/image.ashx?id=2685802&use=l&cat=p&typeid=i","cat":284497},{"id":76011,"n":"Chocolat noir Lindt Création Le Rocher noir - 150g","p":3.01,"u":"20,07 €/KG","img":"https://fd5-photos.leclercdrive.fr/image.ashx?id=2685808&use=l&cat=p&typeid=i","cat":284956},{"id":76015,"n":"Biscuit Speculoos Lotus Biscoff Original - 250g (2x125g)","p":1.44,"u":"5,76 €/KG","img":"https://fd5-photos.leclercdrive.fr/image.ashx?id=2854735&use=l&cat=p&typeid=i","cat":284487},{"id":76018,"n":"Biscuit spéculoos Lotus  Biscoff Original 140g","p":1.03,"u":"7,36 €/KG","img":"https://fd5-photos.leclercdrive.fr/image.ashx?id=2696079&use=l&cat=p&typeid=i","cat":284487},{"id":76024,"n":"Pain de mie seigle Epi d'Or 800g","p":2.6,"u":"3,25 €/KG","img":"https://fd5-photos.leclercdrive.fr/image.ashx?id=2994818&use=l&cat=p&typeid=i","cat":284477},{"id":76113,"n":"Fromage de Chèvre rapé  Les Croisés -  150g","p":2.69,"u":"17,93 €/KG","img":"https://fd5-photos.leclercdrive.fr/image.ashx?id=2897799&use=l&cat=p&typeid=i","cat":314035},{"id":76147,"n":"Yaourt Nature Panier de Yoplait Lit de Fruits Rouges - 6x140g","p":3.17,"u":"3,77 €/KG","img":"https://fd5-photos.leclercdrive.fr/image.ashx?id=2884423&use=l&cat=p&typeid=i","cat":284410},{"id":76211,"n":"L'ours d'or Haribo Sachet bonbons - 300g","p":1.79,"u":"5,97 €/KG","img":"https://fd5-photos.leclercdrive.fr/image.ashx?id=2805201&use=l&cat=p&typeid=i","cat":304250},{"id":76212,"n":"Tutti Candi Haribo Sachet bonbons - 250g","p":1.73,"u":"6,92 €/KG","img":"https://fd5-photos.leclercdrive.fr/image.ashx?id=2984910&use=l&cat=p&typeid=i","cat":304250},{"id":76214,"n":"Chamallows Choco Haribo Sachet bonbons guimauve - 160g","p":1.94,"u":"12,13 €/KG","img":"https://fd5-photos.leclercdrive.fr/image.ashx?id=2984919&use=l&cat=p&typeid=i","cat":304250},{"id":76219,"n":"Cannelloni Côté Table 800g","p":2.99,"u":"3,74 €/KG","img":"https://fd5-photos.leclercdrive.fr/image.ashx?id=2977897&use=l&cat=p&typeid=i","cat":284442},{"id":76221,"n":"Pur jus Bio Village Bio Citron Sicile - 25cl","p":1.29,"u":"5,16 €/L","img":"https://fd5-photos.leclercdrive.fr/image.ashx?id=3010446&use=l&cat=p&typeid=i","cat":288383},{"id":76224,"n":"Maoam Stripes Haribo Sachet bonbons - 250g","p":2.05,"u":"8,20 €/KG","img":"https://fd5-photos.leclercdrive.fr/image.ashx?id=2953561&use=l&cat=p&typeid=i","cat":304250},{"id":76226,"n":"Tartiflette Côté Table 800g","p":2.83,"u":"3,54 €/KG","img":"https://fd5-photos.leclercdrive.fr/image.ashx?id=2977879&use=l&cat=p&typeid=i","cat":284441},{"id":76313,"n":"Hygiène parfaite Dr Beckmann Lave-linge - 250g","p":2.57,"u":"10,28 €/KG","img":"https://fd5-photos.leclercdrive.fr/image.ashx?id=2569821&use=l&cat=p&typeid=i","cat":284653},{"id":76321,"n":"Assortiment crackers Tokapi 4x85g","p":2.8,"u":"8,24 €/KG","img":"https://fd5-photos.leclercdrive.fr/image.ashx?id=2710840&use=l&cat=p&typeid=i","cat":297000},{"id":76322,"n":"Mini crackers Tokapi Salés - 4x75g","p":3.11,"u":"10,37 €/KG","img":"https://fd5-photos.leclercdrive.fr/image.ashx?id=1648078&use=l&cat=p&typeid=i","cat":297000},{"id":76358,"n":"Prosecco zonin brut blanc  75cl","p":6.5,"pp":4.29,"u":"5,72 €/L","img":"https://fd5-photos.leclercdrive.fr/image.ashx?id=2507131&use=l&cat=p&typeid=i","cat":289461},{"id":76360,"n":"Soda Schweppes Indian Tonic - 1L","p":1.53,"u":"1,53 €/L","img":"https://fd5-photos.leclercdrive.fr/image.ashx?id=2852399&use=l&cat=p&typeid=i","cat":284531},{"id":76397,"n":"Tablette chocolat au lait Lindt Noisettes 34% - 150g","p":3.88,"u":"25,87 €/KG","img":"https://fd5-photos.leclercdrive.fr/image.ashx?id=1877960&use=l&cat=p&typeid=i","cat":284497},{"id":76399,"n":"Tablette de chocolat noir Lindt Poire intense - 100g","p":2.54,"u":"25,40 €/KG","img":"https://fd5-photos.leclercdrive.fr/image.ashx?id=2209209&use=l&cat=p&typeid=i","cat":284956},{"id":76501,"n":"Chips Tortilla Old El Paso Nachips - 185g","p":2.17,"u":"11,73 €/KG","img":"https://fd5-photos.leclercdrive.fr/image.ashx?id=2444519&use=l&cat=p&typeid=i","cat":288993},{"id":76515,"n":"AOP Petit-Chablis blanc Union Vignerons - 75 cl","p":9.99,"u":"13,32 €/L","img":"https://fd5-photos.leclercdrive.fr/image.ashx?id=2417884&use=l&cat=p&typeid=i","cat":289557},{"id":76598,"n":"Crème Solaire Spray Nivea Sun FPS 30 Protect&Hydrate - 200ml","p":8.86,"u":"44,30 €/L","img":"https://fd5-photos.leclercdrive.fr/image.ashx?id=2736241&use=l&cat=p&typeid=i","cat":325355},{"id":76687,"n":"Citronnade pétillante Pulco Citron - 1L","p":1.95,"u":"1,95 €/L","img":"https://fd5-photos.leclercdrive.fr/image.ashx?id=2850482&use=l&cat=p&typeid=i","cat":284532},{"id":76691,"n":"Whisky Tullamore Dew 40%vol - 1L","p":25.95,"pp":20.76,"u":"20,76 €/L","img":"https://fd5-photos.leclercdrive.fr/image.ashx?id=2657802&use=l&cat=p&typeid=i","cat":284547},{"id":76731,"n":"Sachet mini burger Trolli 100g","p":2.13,"u":"21,30 €/KG","img":"https://fd5-photos.leclercdrive.fr/image.ashx?id=2651179&use=l&cat=p&typeid=i","cat":304250},{"id":76732,"n":"Yaourt allégé Sveltesse  Chocolat - 4x125g","p":1.49,"u":"2,98 €/KG","img":"https://fd5-photos.leclercdrive.fr/image.ashx?id=2571020&use=l&cat=p&typeid=i","cat":315000},{"id":76776,"n":"Eau de toilette Daniel Hechter  Homme Caractère - 50ml","p":15.01,"u":"300,20 €/L","img":"https://fd5-photos.leclercdrive.fr/image.ashx?id=2526953&use=l&cat=p&typeid=i","cat":287740},{"id":76783,"n":"Eau de Toilette Femme Eau Jeune Echappée Belle - 75ml","p":6.51,"u":"86,80 €/L","img":"https://fd5-photos.leclercdrive.fr/image.ashx?id=2458745&use=l&cat=p&typeid=i","cat":291525},{"id":76802,"n":"Biscuits cacao Kinder Cards Au lait et au cacao x5 - 128g","p":1.84,"u":"14,38 €/KG","img":"https://fd5-photos.leclercdrive.fr/image.ashx?id=2673328&use=l&cat=p&typeid=i","cat":284488},{"id":76859,"n":"Pâté de boeuf pour chat Eco+ Barquette - 100g","p":0.24,"u":"2,40 €/KG","img":"https://fd5-photos.leclercdrive.fr/image.ashx?id=2052724&use=l&cat=p&typeid=i","cat":285286},{"id":76864,"n":"Gelée Bonne Maman Mûres - 370g","p":2.68,"u":"7,24 €/KG","img":"https://fd5-photos.leclercdrive.fr/image.ashx?id=2476305&use=l&cat=p&typeid=i","cat":284480},{"id":76870,"n":"Sachet fraîcheur chien Pedigree  Mixte en gelée - 12x100g","p":5.31,"u":"4,43 €/KG","img":"https://fd5-photos.leclercdrive.fr/image.ashx?id=2870239&use=l&cat=p&typeid=i","cat":284673},{"id":76878,"n":"Confiture Bonne Maman Fruits rouges intense - 335g","p":2.13,"u":"6,36 €/KG","img":"https://fd5-photos.leclercdrive.fr/image.ashx?id=2900977&use=l&cat=p&typeid=i","cat":284480},{"id":76883,"n":"Sachet chat stérilisé Perfect Fit poissons sauce - 4x85g","p":2.68,"u":"7,88 €/KG","img":"https://fd5-photos.leclercdrive.fr/image.ashx?id=2759724&use=l&cat=p&typeid=i","cat":285286},{"id":76887,"n":"Friandises chien Pedigree  Récompense poulet canard - 130g","p":1.69,"u":"13,00 €/KG","img":"https://fd5-photos.leclercdrive.fr/image.ashx?id=2985555&use=l&cat=p&typeid=i","cat":294527},{"id":76888,"n":"Compotes Pom'Potes Gourdes  Multivariétés - 12x90g","p":4.87,"u":"4,51 €/KG","img":"https://fd5-photos.leclercdrive.fr/image.ashx?id=2986143&use=l&cat=p&typeid=i","cat":284508},{"id":76893,"n":"Gousse vanille bourbon Vahiné De Madagascar Bio - x1","p":5.4,"img":"https://fd5-photos.leclercdrive.fr/image.ashx?id=2559847&use=l&cat=p&typeid=i","cat":284504},{"id":76975,"n":"Huile de massage Weleda Au calendula - 100ml","p":11.89,"u":"118,90 €/L","img":"https://fd5-photos.leclercdrive.fr/image.ashx?id=1955786&use=l&cat=p&typeid=i","cat":290422},{"id":76999,"n":"Vinaigre de vin rouge Maille 50cl","p":2.25,"u":"4,50 €/L","img":"https://fd5-photos.leclercdrive.fr/image.ashx?id=2812747&use=l&cat=p&typeid=i","cat":298543},{"id":77289,"n":"Friandises chats  Félix Poulet, foie, dinde  - 200g","p":2.44,"u":"12,20 €/KG","img":"https://fd5-photos.leclercdrive.fr/image.ashx?id=2740859&use=l&cat=p&typeid=i","cat":285285},{"id":77336,"n":"St nectaire laitier NRT AOP  300g","p":4.28,"u":"14,27 €/KG","img":"https://fd5-photos.leclercdrive.fr/image.ashx?id=2143359&use=l&cat=p&typeid=i","cat":329184},{"id":77342,"n":"Riz vinaigre 255g","p":2.5,"u":"9,80 €/KG","img":"https://fd5-photos.leclercdrive.fr/image.ashx?id=2308123&use=l&cat=p&typeid=i","cat":286791},{"id":77503,"n":"Kit pour Burritos Old El Paso Original - 510g","p":5.05,"u":"9,90 €/KG","img":"https://fd5-photos.leclercdrive.fr/image.ashx?id=2759511&use=l&cat=p&typeid=i","cat":288993},{"id":77557,"n":"Rhum blanc Charrette  40%vol - 2L","p":26.25,"u":"13,13 €/L","img":"https://fd5-photos.leclercdrive.fr/image.ashx?id=2811491&use=l&cat=p&typeid=i","cat":284550},{"id":77567,"n":"Détachant Vanish  Powergel - 2 x 200ml","p":6.14,"u":"15,35 €/L","img":"https://fd5-photos.leclercdrive.fr/image.ashx?id=2689778&use=l&cat=p&typeid=i","cat":284651},{"id":77570,"n":"Jus de fruit Caraïbos Litchi - 75cl","p":1.94,"u":"2,59 €/L","img":"https://fd5-photos.leclercdrive.fr/image.ashx?id=3011296&use=l&cat=p&typeid=i","cat":284916},{"id":77636,"n":"Purée de fruits Charles & Alice Pomme - 4x100g + 2 offerts","p":1.34,"u":"2,23 €/KG","img":"https://fd5-photos.leclercdrive.fr/image.ashx?id=2187502&use=l&cat=p&typeid=i","cat":284416},{"id":77652,"n":"Plaisir Citron  Recette Lenôtre - 410g","p":6.85,"u":"16,71 €/KG","img":"https://fd5-photos.leclercdrive.fr/image.ashx?id=2807747&use=l&cat=p&typeid=i","cat":284267},{"id":77675,"n":"Tartinade Caviar d'aubergine Sud & Sol - 150g","p":2.39,"pp":1.58,"u":"10,53 €/KG","img":"https://fd5-photos.leclercdrive.fr/image.ashx?id=2971152&use=l&cat=p&typeid=i","cat":315999},{"id":77681,"n":"Amandes décortiquées Vahiné 125g","p":3.94,"u":"31,52 €/KG","img":"https://fd5-photos.leclercdrive.fr/image.ashx?id=2559805&use=l&cat=p&typeid=i","cat":284504},{"id":77683,"n":"Gousses vanille Vahiné x2","p":5.7,"u":"2,85 €/P","img":"https://fd5-photos.leclercdrive.fr/image.ashx?id=2524317&use=l&cat=p&typeid=i","cat":284504},{"id":77731,"n":"Pâte à sucre Vahiné 250g","p":3.6,"u":"14,40 €/KG","img":"https://fd5-photos.leclercdrive.fr/image.ashx?id=2559874&use=l&cat=p&typeid=i","cat":284504},{"id":77735,"n":"IGP Vinaigrette à l'orange Maille 36cl","p":2.53,"u":"7,03 €/L","img":"https://fd5-photos.leclercdrive.fr/image.ashx?id=2082855&use=l&cat=p&typeid=i","cat":284456},{"id":77739,"n":"Crème sans rinçage Elsève Cheveu Abimé, Cassant - 200ml","p":5.22,"u":"26,10 €/L","img":"https://fd5-photos.leclercdrive.fr/image.ashx?id=2948980&use=l&cat=p&typeid=i","cat":284608},{"id":77754,"n":"Pain grillé Pelletier Goût brioche - 500g","p":3.09,"u":"6,18 €/KG","img":"https://fd5-photos.leclercdrive.fr/image.ashx?id=3002246&use=l&cat=p&typeid=i","cat":284479},{"id":77811,"n":"Roll-On EasyWax Expert Veet Appareil + Recharge Cire 50ml","p":10.03,"img":"https://fd5-photos.leclercdrive.fr/image.ashx?id=2854345&use=l&cat=p&typeid=i","cat":325351},{"id":77812,"n":"Déodorant Black&white Nivea Atomiseur - 2x200ml","p":3.59,"u":"8,98 €/L","img":"https://fd5-photos.leclercdrive.fr/image.ashx?id=2290320&use=l&cat=p&typeid=i","cat":284595},{"id":77855,"n":"Huile à barbe L'Oréal Paris Men Expert bois de cèdre - 30ml","p":9.09,"u":"303,00 €/L","img":"https://fd5-photos.leclercdrive.fr/image.ashx?id=3008770&use=l&cat=p&typeid=i","cat":284622},{"id":77882,"n":"Houmous L'Atelier Blini Extra au citron - 175g","p":2.77,"u":"15,83 €/KG","img":"https://fd5-photos.leclercdrive.fr/image.ashx?id=2868984&use=l&cat=p&typeid=i","cat":315999},{"id":77946,"n":"Soin visage L'Oréal Paris Revitalift anti-âge - 50ml","p":13.97,"u":"279,40 €/L","img":"https://fd5-photos.leclercdrive.fr/image.ashx?id=2867527&use=l&cat=p&typeid=i","cat":325345},{"id":77976,"n":"Beurre Grand Fermage Doux - 82% MG - 250g","p":2.63,"u":"10,52 €/KG","img":"https://fd5-photos.leclercdrive.fr/image.ashx?id=2985207&use=l&cat=p&typeid=i","cat":284379},{"id":78005,"n":"Feta AOP Casa Azzurra Portion - 150g","p":3.2,"u":"21,33 €/KG","img":"https://fd5-photos.leclercdrive.fr/image.ashx?id=1620610&use=l&cat=p&typeid=i","cat":314026},{"id":78008,"n":"Sauce à l'oseille Gastromer Gastronomie de la mer - 200g","p":1.29,"u":"6,45 €/KG","img":"https://fd5-photos.leclercdrive.fr/image.ashx?id=1583504&use=l&cat=p&typeid=i","cat":284382},{"id":78060,"n":"Spaghetti Chaque Jour  Sans gluten - 400g","p":1.6,"u":"4,00 €/KG","img":"https://fd5-photos.leclercdrive.fr/image.ashx?id=2872712&use=l&cat=p&typeid=i","cat":284427},{"id":78097,"n":"Ail Ducros Flacon moulin - 40g","p":3.59,"u":"89,75 €/KG","img":"https://fd5-photos.leclercdrive.fr/image.ashx?id=2486569&use=l&cat=p&typeid=i","cat":298297},{"id":78098,"n":"Sauce Épicée TABASCO Piment Rouge - 60ml","p":2.28,"u":"38,00 €/L","img":"https://fd5-photos.leclercdrive.fr/image.ashx?id=2961317&use=l&cat=p&typeid=i","cat":298298},{"id":78105,"n":"Capsules café L'Or Espresso Splendente N°7 x10","p":3.07,"u":"59,04 €/KG","img":"https://fd5-photos.leclercdrive.fr/image.ashx?id=3000465&use=l&cat=p&typeid=i","cat":284749},{"id":78108,"n":"Capsules café L'Or Espresso Or Absolu N°9 x10","p":3.23,"u":"62,12 €/KG","img":"https://fd5-photos.leclercdrive.fr/image.ashx?id=2100287&use=l&cat=p&typeid=i","cat":284749},{"id":78121,"n":"Emmental Français 220g","p":2.5,"u":"11,36 €/KG","img":"https://fd5-photos.leclercdrive.fr/image.ashx?id=2309861&use=l&cat=p&typeid=i","cat":314034},{"id":78122,"n":"Bleu d'Auvergne AOP 250g","p":2.5,"u":"10,00 €/KG","img":"https://fd5-photos.leclercdrive.fr/image.ashx?id=2861650&use=l&cat=p&typeid=i","cat":314032},{"id":78123,"n":"Cantal AOP Entre-deux au lait cru - 180g","p":2.5,"u":"13,89 €/KG","img":"https://fd5-photos.leclercdrive.fr/image.ashx?id=2863569&use=l&cat=p&typeid=i","cat":314034},{"id":78125,"n":"Fromage pur brebis 150g","p":2.8,"u":"18,67 €/KG","img":"https://fd5-photos.leclercdrive.fr/image.ashx?id=2972026&use=l&cat=p&typeid=i","cat":314031},{"id":78131,"n":"Penne Chaque Jour  Sans gluten - 400g","p":1.62,"u":"4,05 €/KG","img":"https://fd5-photos.leclercdrive.fr/image.ashx?id=2866247&use=l&cat=p&typeid=i","cat":284427},{"id":78133,"n":"Sablés framboise Bonne Maman 150g","p":1.84,"u":"12,27 €/KG","img":"https://fd5-photos.leclercdrive.fr/image.ashx?id=2936215&use=l&cat=p&typeid=i","cat":284487},{"id":78135,"n":"Safran filament Ducros 0.35g","p":5.69,"img":"https://fd5-photos.leclercdrive.fr/image.ashx?id=2474296&use=l&cat=p&typeid=i","cat":298297},{"id":78137,"n":"Coquillettes Chaque Jour  Sans gluten - 400g","p":1.57,"u":"3,93 €/KG","img":"https://fd5-photos.leclercdrive.fr/image.ashx?id=2872715&use=l&cat=p&typeid=i","cat":284427},{"id":78138,"n":"Sablé de Retz Saint Michel Oter Bahlsen - 2x120g","p":1.53,"u":"6,38 €/KG","img":"https://fd5-photos.leclercdrive.fr/image.ashx?id=2935684&use=l&cat=p&typeid=i","cat":284487},{"id":78140,"n":"Tagliatelles Chaque Jour  Sans gluten - 250g","p":1.69,"u":"6,76 €/KG","img":"https://fd5-photos.leclercdrive.fr/image.ashx?id=2885771&use=l&cat=p&typeid=i","cat":284427},{"id":78176,"n":"Mini cônes Extrême Vanille Chocolat x8 - 312g","p":3.58,"u":"11,47 €/KG","img":"https://fd5-photos.leclercdrive.fr/image.ashx?id=2737030&use=l&cat=p&typeid=i","cat":284264},{"id":78204,"n":"Biscuits Palmito LU 100g","p":0.77,"u":"7,70 €/KG","img":"https://fd5-photos.leclercdrive.fr/image.ashx?id=3001949&use=l&cat=p&typeid=i","cat":284487},{"id":78210,"n":"Biscuits Nutella B-ready 6x22g","p":1.76,"u":"13,33 €/KG","img":"https://fd5-photos.leclercdrive.fr/image.ashx?id=2770602&use=l&cat=p&typeid=i","cat":284488},{"id":78214,"n":"Cookies mini Granola Pépites de chocolat - 160g","p":1.7,"u":"10,63 €/KG","img":"https://fd5-photos.leclercdrive.fr/image.ashx?id=3002252&use=l&cat=p&typeid=i","cat":325066},{"id":78223,"n":"Crevettes Nordiques Balthor Décortiquées - 90g","p":4.94,"u":"54,89 €/KG","img":"https://fd5-photos.leclercdrive.fr/image.ashx?id=2105143&use=l&cat=p&typeid=i","cat":305147},{"id":78231,"n":"Jus de pomme Andros 1L + 15% offert","p":2.19,"u":"1,90 €/L","img":"https://fd5-photos.leclercdrive.fr/image.ashx?id=2928852&use=l&cat=p&typeid=i","cat":285435},{"id":78276,"n":"Biscuit tout ronds Good Goût Bio - vanille dès 10 mois - 80g","p":3.06,"u":"38,25 €/KG","img":"https://fd5-photos.leclercdrive.fr/image.ashx?id=2736097&use=l&cat=p&typeid=i","cat":312227},{"id":78278,"n":"Muesli BIO Good Goût  - 8 mois Fraise - 200g","p":3.78,"u":"18,90 €/KG","img":"https://fd5-photos.leclercdrive.fr/image.ashx?id=2586980&use=l&cat=p&typeid=i","cat":312225},{"id":78369,"n":"Litchi  250g","p":4.39,"u":"17,56 €/KG","img":"https://fd5-photos.leclercdrive.fr/image.ashx?id=1636323&use=l&cat=p&typeid=i","cat":284356},{"id":78430,"n":"Coquilles St Jacques  à la bretonne - 2x110g","p":5.56,"u":"25,27 €/KG","img":"https://fd5-photos.leclercdrive.fr/image.ashx?id=2604620&use=l&cat=p&typeid=i","cat":319775},{"id":78574,"n":"Biscuits Choc'land Magie BN Chocolat au lait - 150g","p":1.88,"u":"12,53 €/KG","img":"https://fd5-photos.leclercdrive.fr/image.ashx?id=1739699&use=l&cat=p&typeid=i","cat":284488},{"id":78577,"n":"Gaufrettes Brun  Chocolat - 146g","p":0.85,"u":"5,82 €/KG","img":"https://fd5-photos.leclercdrive.fr/image.ashx?id=2842543&use=l&cat=p&typeid=i","cat":284487},{"id":78580,"n":"Gaufrettes Brun  Vanille - 146g","p":0.86,"u":"5,89 €/KG","img":"https://fd5-photos.leclercdrive.fr/image.ashx?id=2354320&use=l&cat=p&typeid=i","cat":284487},{"id":78586,"n":"Biscuits cuillers Brossard Pâtissier -300g","p":3.65,"u":"12,17 €/KG","img":"https://fd5-photos.leclercdrive.fr/image.ashx?id=2983384&use=l&cat=p&typeid=i","cat":284487},{"id":78594,"n":"Biscuits croquants Délichoc Chocolat noir - 150g","p":1.81,"u":"12,07 €/KG","img":"https://fd5-photos.leclercdrive.fr/image.ashx?id=2956307&use=l&cat=p&typeid=i","cat":284488},{"id":78618,"n":"Assiettes en carton Eco+ x100","p":3.09,"img":"https://fd5-photos.leclercdrive.fr/image.ashx?id=1307672&use=l&cat=p&typeid=i","cat":334134},{"id":78714,"n":"Mayonnaise Eco+ Flacon souple - 450g","p":1.27,"u":"2,82 €/KG","img":"https://fd5-photos.leclercdrive.fr/image.ashx?id=1293846&use=l&cat=p&typeid=i","cat":298295},{"id":78719,"n":"Goûter fourré rond Eco+ Vanille - 500g","p":1.43,"u":"2,86 €/KG","img":"https://fd5-photos.leclercdrive.fr/image.ashx?id=2223611&use=l&cat=p&typeid=i","cat":284489},{"id":78728,"n":"Goûter fourré Eco+ Chocolat - 300g","p":1.07,"u":"3,57 €/KG","img":"https://fd5-photos.leclercdrive.fr/image.ashx?id=2775884&use=l&cat=p&typeid=i","cat":284488},{"id":78732,"n":"Guacamole Old El Paso Doux - 320g","p":2.31,"u":"7,22 €/KG","img":"https://fd5-photos.leclercdrive.fr/image.ashx?id=2737612&use=l&cat=p&typeid=i","cat":288993},{"id":78742,"n":"Pain campagnard Schar Aux graines sans gluten - 250g","p":3.37,"u":"13,48 €/KG","img":"https://fd5-photos.leclercdrive.fr/image.ashx?id=2139874&use=l&cat=p&typeid=i","cat":325069},{"id":78744,"n":"Pain de mie Schär - Classic Sans gluten - 300g","p":3.35,"u":"11,17 €/KG","img":"https://fd5-photos.leclercdrive.fr/image.ashx?id=2659418&use=l&cat=p&typeid=i","cat":318654},{"id":78769,"n":"Super cookies Michel & Augustin Coeur fondant lait noisette180g","p":3.66,"u":"20,33 €/KG","img":"https://fd5-photos.leclercdrive.fr/image.ashx?id=2538902&use=l&cat=p&typeid=i","cat":325066},{"id":78771,"n":"Galette Bonne Maman x12 - 170g","p":1.73,"u":"10,18 €/KG","img":"https://fd5-photos.leclercdrive.fr/image.ashx?id=2935792&use=l&cat=p&typeid=i","cat":284487},{"id":78773,"n":"Tablette de chocolat noir Lindt Noir 78% cacao - 100g","p":2.37,"u":"23,70 €/KG","img":"https://fd5-photos.leclercdrive.fr/image.ashx?id=2689481&use=l&cat=p&typeid=i","cat":284956},{"id":78837,"n":"Fromage blanc Danone Nature 3%MG - 825g","p":2.95,"u":"3,58 €/KG","img":"https://fd5-photos.leclercdrive.fr/image.ashx?id=2813878&use=l&cat=p&typeid=i","cat":284409},{"id":78948,"n":"Mouchoirs Ultra Lotus Blanc boîte - x72","p":1.52,"u":"0,02 €/P","img":"https://fd5-photos.leclercdrive.fr/image.ashx?id=2609300&use=l&cat=p&typeid=i","cat":284638},{"id":78953,"n":"Savon solide Bionaïa Abricot bio - 100g","p":1.39,"u":"13,90 €/KG","img":"https://fd5-photos.leclercdrive.fr/image.ashx?id=2331324&use=l&cat=p&typeid=i","cat":284597},{"id":78965,"n":"Xtrem Box Sodebo Radiatori à la Bolognaise -400g","p":2.87,"u":"7,18 €/KG","img":"https://fd5-photos.leclercdrive.fr/image.ashx?id=2638760&use=l&cat=p&typeid=i","cat":334983},{"id":78982,"n":"Jus de clémentines Andros 1L + 15% offert","p":2.49,"u":"2,17 €/L","img":"https://fd5-photos.leclercdrive.fr/image.ashx?id=2928849&use=l&cat=p&typeid=i","cat":285435},{"id":79016,"n":"Galette boulgour Céréal Bio  Bio tomate parmesan x2 200G","p":2.27,"u":"11,35 €/KG","img":"https://fd5-photos.leclercdrive.fr/image.ashx?id=2573519&use=l&cat=p&typeid=i","cat":284953},{"id":79021,"n":"Galette Blé bio Céréal Bio  Pommes Terres Emmental xé 200g","p":2.84,"u":"14,20 €/KG","img":"https://fd5-photos.leclercdrive.fr/image.ashx?id=2575102&use=l&cat=p&typeid=i","cat":284953},{"id":79068,"n":"IGP Côte des roses Rosé Languedoc Roussillon 13% - 75cl","p":7.24,"u":"9,65 €/L","img":"https://fd5-photos.leclercdrive.fr/image.ashx?id=2505528&use=l&cat=p&typeid=i","cat":289558},{"id":79092,"n":"Adoucissant peaux sensibles 40 lavages - 750 ml - UNI VERT","p":1.78,"u":"2,37 €/L","img":"https://fd5-photos.leclercdrive.fr/image.ashx?id=2893334&use=l&cat=p&typeid=i","cat":284650},{"id":79094,"n":"Purée de pommes C'est Qui Le Patron - 4x95g","p":1.15,"u":"3,03 €/KG","img":"https://fd5-photos.leclercdrive.fr/image.ashx?id=2097659&use=l&cat=p&typeid=i","cat":284508},{"id":79095,"n":"Purée de pommes C'est Qui Le Patron - 840g","p":2.08,"u":"2,48 €/KG","img":"https://fd5-photos.leclercdrive.fr/image.ashx?id=2097662&use=l&cat=p&typeid=i","cat":284508},{"id":79233,"n":"Petit pot bébé bio Blédina 4-6m Haricots pomme de terre -2x130g","p":1.76,"u":"6,77 €/KG","img":"https://fd5-photos.leclercdrive.fr/image.ashx?id=2831699&use=l&cat=p&typeid=i","cat":312234},{"id":79243,"n":"Petit pot bébé bio Blédina 4-6m Patate douce - 2x130g","p":1.7,"u":"6,54 €/KG","img":"https://fd5-photos.leclercdrive.fr/image.ashx?id=2848581&use=l&cat=p&typeid=i","cat":312234},{"id":79252,"n":"Compote bébé bio Blédina 6 mois Pomme banane kiwi - 2x130g","p":1.9,"u":"7,31 €/KG","img":"https://fd5-photos.leclercdrive.fr/image.ashx?id=2848560&use=l&cat=p&typeid=i","cat":312388},{"id":79260,"n":"Compote bébé bio Blédina 6 mois Pomme banane nectarine - 2x130g","p":1.9,"u":"7,31 €/KG","img":"https://fd5-photos.leclercdrive.fr/image.ashx?id=2848572&use=l&cat=p&typeid=i","cat":312388},{"id":79323,"n":"Shampooing Bio Sobio Etic Cheveux nourris - 250ml","p":3.75,"u":"15,00 €/L","img":"https://fd5-photos.leclercdrive.fr/image.ashx?id=2792681&use=l&cat=p&typeid=i","cat":284606},{"id":79404,"n":"P'tit max Délisse Vanille - 6x180g","p":2.03,"u":"1,88 €/KG","img":"https://fd5-photos.leclercdrive.fr/image.ashx?id=2757933&use=l&cat=p&typeid=i","cat":284415},{"id":79406,"n":"P'tit max Délisse Framboise - 6x180g","p":2.03,"u":"1,88 €/KG","img":"https://fd5-photos.leclercdrive.fr/image.ashx?id=2757936&use=l&cat=p&typeid=i","cat":284415},{"id":79513,"n":"Soupe mouliné Knorr Légumes verts - 1L","p":2.07,"u":"2,07 €/L","img":"https://fd5-photos.leclercdrive.fr/image.ashx?id=2408270&use=l&cat=p&typeid=i","cat":284462},{"id":79517,"n":"Soupe velouté Knorr 9 légumes - 1L","p":1.72,"u":"1,72 €/L","img":"https://fd5-photos.leclercdrive.fr/image.ashx?id=2408273&use=l&cat=p&typeid=i","cat":284462},{"id":79532,"n":"Nouilles Table du Monde Asiatiques Curry cup - 61.5g","p":0.79,"u":"12,74 €/KG","img":"https://fd5-photos.leclercdrive.fr/image.ashx?id=2920205&use=l&cat=p&typeid=i","cat":288992},{"id":79534,"n":"Nouilles Tables du Monde Asiatiques crevette cup - 61.5g","p":0.74,"u":"11,94 €/KG","img":"https://fd5-photos.leclercdrive.fr/image.ashx?id=1948586&use=l&cat=p&typeid=i","cat":288992},{"id":79623,"n":"Barre de céréales Nature Valley  Crunchy avoine miel X5-210g","p":2.25,"u":"10,71 €/KG","img":"https://fd5-photos.leclercdrive.fr/image.ashx?id=2844472&use=l&cat=p&typeid=i","cat":285869},{"id":79624,"n":"Barre de céréales Nature Valley Crunchy avoine chocolat x5-210g","p":2.47,"u":"11,76 €/KG","img":"https://fd5-photos.leclercdrive.fr/image.ashx?id=2844475&use=l&cat=p&typeid=i","cat":285869},{"id":79625,"n":"Barre de céréales Nature Valley  Sweet & Salty chocolat x5-150g","p":2.78,"u":"18,53 €/KG","img":"https://fd5-photos.leclercdrive.fr/image.ashx?id=2737714&use=l&cat=p&typeid=i","cat":285869},{"id":79670,"n":"Eau de toilette Vanderbilt  Gloria - 30ml","p":13.16,"u":"438,67 €/L","img":"https://fd5-photos.leclercdrive.fr/image.ashx?id=2848908&use=l&cat=p&typeid=i","cat":291525},{"id":79674,"n":"Mascara Maybelline  Colossal Big Shot volume Noir","p":8.49,"img":"https://fd5-photos.leclercdrive.fr/image.ashx?id=2422734&use=l&cat=p&typeid=i","cat":287029},{"id":79682,"n":"Poudre fondante L'Oréal Paris Accord Parfait 3D Beige doré","p":10.99,"img":"https://fd5-photos.leclercdrive.fr/image.ashx?id=2395544&use=l&cat=p&typeid=i","cat":287029},{"id":79694,"n":"Fond de Teint L'Oréal Paris Accord Parfait 2.R Vanille Rosé","p":11.54,"img":"https://fd5-photos.leclercdrive.fr/image.ashx?id=2937355&use=l&cat=p&typeid=i","cat":287029},{"id":79797,"n":"Fond de Teint L'Oréal Paris Accord Parfait 3.R Beige Rosé","p":11.54,"img":"https://fd5-photos.leclercdrive.fr/image.ashx?id=2900971&use=l&cat=p&typeid=i","cat":287029},{"id":79798,"n":"Fond de Teint L'Oréal Paris Accord Parfait 3.D Beige Doré","p":11.54,"img":"https://fd5-photos.leclercdrive.fr/image.ashx?id=2900974&use=l&cat=p&typeid=i","cat":287029},{"id":79832,"n":"Gourde bébé Good Goût Bio 4mois Prune - 120g","p":1.35,"u":"11,25 €/KG","img":"https://fd5-photos.leclercdrive.fr/image.ashx?id=2381270&use=l&cat=p&typeid=i","cat":312393},{"id":79833,"n":"Gourde bébé Good Goût Bio 6mois Purée de Pomme/Coing - 120g","p":1.24,"u":"10,33 €/KG","img":"https://fd5-photos.leclercdrive.fr/image.ashx?id=2736181&use=l&cat=p&typeid=i","cat":312393},{"id":79873,"n":"Fond de teint Maybelline Dream Radiant 21 Beige Doré","p":8.83,"img":"https://fd5-photos.leclercdrive.fr/image.ashx?id=2434455&use=l&cat=p&typeid=i","cat":287029},{"id":79875,"n":"Fond de teint Maybelline  Dream Radiant Eclat 30 Sable","p":8.83,"img":"https://fd5-photos.leclercdrive.fr/image.ashx?id=2248561&use=l&cat=p&typeid=i","cat":287029},{"id":79904,"n":"Mascara waterproof Maybelline  Volum'Express noir","p":6.99,"img":"https://fd5-photos.leclercdrive.fr/image.ashx?id=2470285&use=l&cat=p&typeid=i","cat":287029},{"id":79966,"n":"Joker Pur Jus Engagé Orange sans pulpe - 1,5L","p":3.6,"u":"2,40 €/L","img":"https://fd5-photos.leclercdrive.fr/image.ashx?id=3001290&use=l&cat=p&typeid=i","cat":284521},{"id":79972,"n":"Soda rouge Orangina Orange Sanguine - 1,5L","p":1.83,"u":"1,22 €/L","img":"https://fd5-photos.leclercdrive.fr/image.ashx?id=2539833&use=l&cat=p&typeid=i","cat":284532},{"id":80130,"n":"Alèses absorbantes DryNites 78x88cm - x12","p":12.95,"u":"1,08 €/P","img":"https://fd5-photos.leclercdrive.fr/image.ashx?id=2883717&use=l&cat=p&typeid=i","cat":290633},{"id":80156,"n":"Tube de peintureColorPeps Maped Gouache boîte en plastique -x10","p":5.7,"img":"https://fd5-photos.leclercdrive.fr/image.ashx?id=2014016&use=l&cat=p&typeid=i","cat":334133},{"id":80170,"n":"Pochettes A4 perforées Oxford  Lisse en polypropylène x50","p":2.75,"img":"https://fd5-photos.leclercdrive.fr/image.ashx?id=2896144&use=l&cat=p&typeid=i","cat":284745},{"id":80186,"n":"Rhum tradition Rivière du Mat Blanc - 40%vol - 70cl","p":10.99,"u":"15,70 €/L","img":"https://fd5-photos.leclercdrive.fr/image.ashx?id=2616117&use=l&cat=p&typeid=i","cat":284550},{"id":80302,"n":"Eau minérale naturelle Volvic 6x1,5L","p":3.04,"u":"0,34 €/L","img":"https://fd5-photos.leclercdrive.fr/image.ashx?id=2730244&use=l&cat=p&typeid=i","cat":284535},{"id":80305,"n":"Boisson aux fruits Oasis Tropical - 12x33cl","p":7.02,"u":"1,77 €/L","img":"https://fd5-photos.leclercdrive.fr/image.ashx?id=2880706&use=l&cat=p&typeid=i","cat":295018},{"id":80346,"n":"yaourt aux fruits bifidus activia cerise - 4x125g","p":1.77,"u":"3,54 €/KG","img":"https://fd5-photos.leclercdrive.fr/image.ashx?id=2885327&use=l&cat=p&typeid=i","cat":315000},{"id":80380,"n":"Tablette De Chocolat Poulain Noir Extra - 200g","p":2.05,"u":"10,25 €/KG","img":"https://fd5-photos.leclercdrive.fr/image.ashx?id=2890262&use=l&cat=p&typeid=i","cat":284956},{"id":80382,"n":"Tablette De Chocolat Poulain Noir Extra - 2x100g","p":2.19,"u":"10,95 €/KG","img":"https://fd5-photos.leclercdrive.fr/image.ashx?id=2867566&use=l&cat=p&typeid=i","cat":284956},{"id":80383,"n":"Tablette KINDER Chocolat Chocolat au Lait x12 - 150g","p":2.84,"u":"18,93 €/KG","img":"https://fd5-photos.leclercdrive.fr/image.ashx?id=1904474&use=l&cat=p&typeid=i","cat":284498},{"id":80385,"n":"Barres Chocolatées KINDER BUENO  Chocolat au Lait x5 - 215g","p":3.89,"u":"18,09 €/KG","img":"https://fd5-photos.leclercdrive.fr/image.ashx?id=2679621&use=l&cat=p&typeid=i","cat":284498},{"id":80391,"n":"Mascara L'Oréal Paris  Lash Paradise Noir","p":10.63,"img":"https://fd5-photos.leclercdrive.fr/image.ashx?id=2580158&use=l&cat=p&typeid=i","cat":287029},{"id":80506,"n":"Bière bio Bio Village Blonde - 6x25cl","p":4.99,"u":"3,33 €/L","img":"https://fd5-photos.leclercdrive.fr/image.ashx?id=2900668&use=l&cat=p&typeid=i","cat":334873},{"id":80840,"n":"Bouillon Cube Maggi Pot au feu - Dégraissé - 120g","p":1.47,"u":"12,25 €/KG","img":"https://fd5-photos.leclercdrive.fr/image.ashx?id=2212327&use=l&cat=p&typeid=i","cat":288379},{"id":80853,"n":"Fonds d'artichauts Géant Vert - 210g","p":3.0,"u":"14,29 €/KG","img":"https://fd5-photos.leclercdrive.fr/image.ashx?id=2840563&use=l&cat=p&typeid=i","cat":312611},{"id":80907,"n":"Briquets Bic J26 maxi standard multipack - x4","p":3.5,"u":"0,88 €/P","img":"https://fd5-photos.leclercdrive.fr/image.ashx?id=2887587&use=l&cat=p&typeid=i","cat":300578},{"id":81188,"n":"Flan aromatisé vanille Flanby nappé de caramel - 12x100g","p":2.5,"u":"2,08 €/KG","img":"https://fd5-photos.leclercdrive.fr/image.ashx?id=2744584&use=l&cat=p&typeid=i","cat":284420},{"id":81196,"n":"Flan aromatisé vanille Flanby nappé de caramel - 6x100g","p":1.4,"u":"2,33 €/KG","img":"https://fd5-photos.leclercdrive.fr/image.ashx?id=2483786&use=l&cat=p&typeid=i","cat":284420},{"id":81199,"n":"Yaourt La Laitière  Vanille - 8x125g","p":3.11,"u":"3,11 €/KG","img":"https://fd5-photos.leclercdrive.fr/image.ashx?id=2613981&use=l&cat=p&typeid=i","cat":286006},{"id":81215,"n":"Compote Cool Fruits bio Vitabio Pomme Mangue Ananas -12x90g","p":7.98,"u":"7,39 €/KG","img":"https://fd5-photos.leclercdrive.fr/image.ashx?id=2621399&use=l&cat=p&typeid=i","cat":284508},{"id":81222,"n":"Pizza La pizz Sodebo Chorizo - 470g","p":3.13,"u":"6,66 €/KG","img":"https://fd5-photos.leclercdrive.fr/image.ashx?id=2868389&use=l&cat=p&typeid=i","cat":333679},{"id":81234,"n":"Les carrés Good Goût Dès 8 mois - banane bio - 50g","p":2.74,"u":"54,80 €/KG","img":"https://fd5-photos.leclercdrive.fr/image.ashx?id=2640052&use=l&cat=p&typeid=i","cat":312227},{"id":81236,"n":"Fromage à tartiner Boursin Ail et fines herbes 10 portions","p":2.37,"u":"14,81 €/KG","img":"https://fd5-photos.leclercdrive.fr/image.ashx?id=2964682&use=l&cat=p&typeid=i","cat":314029},{"id":81246,"n":"Bière blonde Pelforth 12x25cl","p":6.9,"u":"2,30 €/L","img":"https://fd5-photos.leclercdrive.fr/image.ashx?id=2645146&use=l&cat=p&typeid=i","cat":334873},{"id":81250,"n":"Bière blonde Grimbergen 6,7° - 20x25cl","p":14.04,"u":"2,81 €/L","img":"https://fd5-photos.leclercdrive.fr/image.ashx?id=2294791&use=l&cat=p&typeid=i","cat":334852},{"id":81254,"n":"Bière blonde Grimbergen 6,7° - 12x25cl","p":8.62,"u":"2,87 €/L","img":"https://fd5-photos.leclercdrive.fr/image.ashx?id=2872865&use=l&cat=p&typeid=i","cat":334852},{"id":81255,"n":"Blère blonde Pelforth 6x25cl","p":4.23,"u":"2,82 €/L","img":"https://fd5-photos.leclercdrive.fr/image.ashx?id=2959025&use=l&cat=p&typeid=i","cat":334873},{"id":81262,"n":"Mort Subite Kriek Lambic 75cl","p":4.3,"u":"5,73 €/L","img":"https://fd5-photos.leclercdrive.fr/image.ashx?id=2944954&use=l&cat=p&typeid=i","cat":334878},{"id":81268,"n":"Bière blonde Grimbergen 6,7° - 6x25cl","p":4.8,"u":"3,20 €/L","img":"https://fd5-photos.leclercdrive.fr/image.ashx?id=2294381&use=l&cat=p&typeid=i","cat":334852},{"id":81272,"n":"Vin mousseux brut blanc  Produit en Allemagne - 75cl","p":1.57,"u":"2,09 €/L","img":"https://fd5-photos.leclercdrive.fr/image.ashx?id=2720133&use=l&cat=p&typeid=i","cat":284544},{"id":81280,"n":"Fromage La Vache qui rit Toastinette nature 10 tranches","p":1.73,"u":"8,65 €/KG","img":"https://fd5-photos.leclercdrive.fr/image.ashx?id=2342776&use=l&cat=p&typeid=i","cat":314028},{"id":81281,"n":"Fromage La Vache qui rit Toastinette cheddar 10 tranches","p":1.73,"u":"8,65 €/KG","img":"https://fd5-photos.leclercdrive.fr/image.ashx?id=2342773&use=l&cat=p&typeid=i","cat":314028},{"id":81291,"n":"Bière sans alcool Tourtel Twist Citron Vert Menthe 0,0° -6x27cl","p":4.36,"u":"2,64 €/L","img":"https://fd5-photos.leclercdrive.fr/image.ashx?id=2896567&use=l&cat=p&typeid=i","cat":334877},{"id":81316,"n":"Tablette KINDER Chocolat Chocolat au Lait x24 - 300g","p":4.21,"u":"14,03 €/KG","img":"https://fd5-photos.leclercdrive.fr/image.ashx?id=2868167&use=l&cat=p&typeid=i","cat":284498},{"id":81318,"n":"Bonbons KINDER Schoko-Bons Chocolat au lait - 500G","p":7.76,"u":"15,52 €/KG","img":"https://fd5-photos.leclercdrive.fr/image.ashx?id=2402925&use=l&cat=p&typeid=i","cat":304238},{"id":81322,"n":"Huile de Tournesol Eco+ 3L","p":4.89,"u":"1,63 €/L","img":"https://fd5-photos.leclercdrive.fr/image.ashx?id=3002506&use=l&cat=p&typeid=i","cat":284453},{"id":81330,"n":"Huile d'arachide Eco+ 1L","p":3.17,"u":"3,17 €/L","img":"https://fd5-photos.leclercdrive.fr/image.ashx?id=3002497&use=l&cat=p&typeid=i","cat":284453},{"id":81374,"n":"Vodka Zubrowka Biala 37.5%vol - 1L","p":14.95,"pp":13.45,"u":"13,45 €/L","img":"https://fd5-photos.leclercdrive.fr/image.ashx?id=2955510&use=l&cat=p&typeid=i","cat":284550},{"id":81378,"n":"Bière Arômatisée Desquiles Rhum - 5.9%vol - 50cl","p":1.7,"u":"3,40 €/L","img":"https://fd5-photos.leclercdrive.fr/image.ashx?id=2865074&use=l&cat=p&typeid=i","cat":334853},{"id":81380,"n":"Chorizo tranché César Moroni Doux 20 tranches - 100g","p":1.79,"u":"17,90 €/KG","img":"https://fd5-photos.leclercdrive.fr/image.ashx?id=2948836&use=l&cat=p&typeid=i","cat":316007},{"id":81382,"n":"Pastis Ricard Plantes Fraiches Anisé 45% vol - 70cl","p":19.15,"u":"27,36 €/L","img":"https://fd5-photos.leclercdrive.fr/image.ashx?id=2870302&use=l&cat=p&typeid=i","cat":284548},{"id":81383,"n":"Rillettes du Mans La Véritable Bordeau Chesnel - 220g","p":2.03,"u":"9,23 €/KG","img":"https://fd5-photos.leclercdrive.fr/image.ashx?id=2763100&use=l&cat=p&typeid=i","cat":316008},{"id":81462,"n":"Fromage Apéritif Apérivrais  Ail et Fines Herbes - 100g","p":2.08,"u":"20,80 €/KG","img":"https://fd5-photos.leclercdrive.fr/image.ashx?id=2854612&use=l&cat=p&typeid=i","cat":314027},{"id":81549,"n":"Semoule au lait Bonne Maman Vanille Naturelle - 4x100g","p":1.85,"u":"18,50 €/KG","img":"https://fd5-photos.leclercdrive.fr/image.ashx?id=2924281&use=l&cat=p&typeid=i","cat":284418},{"id":81554,"n":"Riz au lait Bonne Maman Vanille Naturelle - 4x100g","p":2.15,"u":"5,38 €/KG","img":"https://fd5-photos.leclercdrive.fr/image.ashx?id=2619130&use=l&cat=p&typeid=i","cat":284418},{"id":81558,"n":"Pain de mie 100% Mie Harrys Nature petites tranches - 500g","p":1.7,"u":"3,40 €/KG","img":"https://fd5-photos.leclercdrive.fr/image.ashx?id=2517453&use=l&cat=p&typeid=i","cat":284477},{"id":81559,"n":"Yaourt Enfant Petits Filous Fruits Mixés Panaché - 12x50g","p":2.07,"u":"3,45 €/KG","img":"https://fd5-photos.leclercdrive.fr/image.ashx?id=2767359&use=l&cat=p&typeid=i","cat":284414},{"id":81562,"n":"AOP Champagne Canard-Duchêne Rosé - 12%vol - 75cl","p":24.65,"u":"32,87 €/L","img":"https://fd5-photos.leclercdrive.fr/image.ashx?id=2757262&use=l&cat=p&typeid=i","cat":284542},{"id":81563,"n":"AOP Champagne Canard Duchêne Demi Sec - 75cl","p":21.65,"u":"28,87 €/L","img":"https://fd5-photos.leclercdrive.fr/image.ashx?id=2757259&use=l&cat=p&typeid=i","cat":284542},{"id":81564,"n":"AOP Champagne Canard-Duchêne Brut - 75cl","p":22.59,"u":"30,12 €/L","img":"https://fd5-photos.leclercdrive.fr/image.ashx?id=2756909&use=l&cat=p&typeid=i","cat":284542},{"id":81566,"n":"Fromage Raclette Burger Les Croisés 8 Tranches - 150g","p":1.23,"u":"8,20 €/KG","img":"https://fd5-photos.leclercdrive.fr/image.ashx?id=2555946&use=l&cat=p&typeid=i","cat":314028},{"id":81567,"n":"Biscuits Good Goût - 8 mois Bio - Mangue - 50g","p":2.76,"u":"55,20 €/KG","img":"https://fd5-photos.leclercdrive.fr/image.ashx?id=2762256&use=l&cat=p&typeid=i","cat":312227},{"id":81626,"n":"Seau oval à Serpillère  12L - x1","p":3.99,"img":"https://fd5-photos.leclercdrive.fr/image.ashx?id=1526171&use=l&cat=p&typeid=i","cat":284669},{"id":81678,"n":"Pané de dinde Le Gaulois 200g","p":1.49,"u":"7,45 €/KG","img":"https://fd5-photos.leclercdrive.fr/image.ashx?id=2261648&use=l&cat=p&typeid=i","cat":333683},{"id":81740,"n":"Bière Saint Omer Forte - 8%vol - 50cl","p":1.17,"u":"2,34 €/L","img":"https://fd5-photos.leclercdrive.fr/image.ashx?id=2412570&use=l&cat=p&typeid=i","cat":334853},{"id":81756,"n":"Peppermint Pastille Giffard 21% vol - 70cl","p":10.98,"u":"15,69 €/L","img":"https://fd5-photos.leclercdrive.fr/image.ashx?id=2104960&use=l&cat=p&typeid=i","cat":286032},{"id":81768,"n":"Brioche tranchée La Boulangère Bio - 400g","p":2.16,"u":"5,40 €/KG","img":"https://fd5-photos.leclercdrive.fr/image.ashx?id=2912194&use=l&cat=p&typeid=i","cat":284478},{"id":81779,"n":"Thé noir Bio Ethiquable  Tchaï aux épices x20 - 36g","p":2.04,"u":"56,67 €/KG","img":"https://fd5-photos.leclercdrive.fr/image.ashx?id=2870833&use=l&cat=p&typeid=i","cat":293233},{"id":81781,"n":"Thé noir Bio Ethiquable  Earl grey Darjeeling x20 - 36g","p":2.04,"u":"56,67 €/KG","img":"https://fd5-photos.leclercdrive.fr/image.ashx?id=2870836&use=l&cat=p&typeid=i","cat":293233},{"id":81927,"n":"Rhum Blanc Agricole AOC Martinique 40° - 2 L","p":30.83,"u":"15,42 €/L","img":"https://fd5-photos.leclercdrive.fr/image.ashx?id=1558483&use=l&cat=p&typeid=i","cat":284550},{"id":81991,"n":"Courgettes rondelle Bio Village Bio - 600g","p":1.99,"u":"3,32 €/KG","img":"https://fd5-photos.leclercdrive.fr/image.ashx?id=2898089&use=l&cat=p&typeid=i","cat":319805},{"id":82004,"n":"Mozzarella mini Galbani 150g","p":2.35,"u":"15,67 €/KG","img":"https://fd5-photos.leclercdrive.fr/image.ashx?id=2766586&use=l&cat=p&typeid=i","cat":314026},{"id":82008,"n":"Emmental râpé fondant Président 3x70g","p":2.61,"u":"12,43 €/KG","img":"https://fd5-photos.leclercdrive.fr/image.ashx?id=2462741&use=l&cat=p&typeid=i","cat":314035},{"id":82099,"n":"Steak haché Eco+ x10 - 1kg","p":8.74,"u":"8,74 €/KG","img":"https://fd5-photos.leclercdrive.fr/image.ashx?id=2966532&use=l&cat=p&typeid=i","cat":319778},{"id":82127,"n":"Vin Italie rouge Chianti DOCG Piccini - 75cl","p":4.93,"u":"6,57 €/L","img":"https://fd5-photos.leclercdrive.fr/image.ashx?id=2794637&use=l&cat=p&typeid=i","cat":289556},{"id":82145,"n":"Bière blonde La G de Goudale 7.9%vol - 75cl","p":3.85,"u":"5,13 €/L","img":"https://fd5-photos.leclercdrive.fr/image.ashx?id=2861566&use=l&cat=p&typeid=i","cat":334872},{"id":82148,"n":"Lardons fumés Supérieur Eco+ 2x100g","p":1.28,"u":"6,40 €/KG","img":"https://fd5-photos.leclercdrive.fr/image.ashx?id=2998895&use=l&cat=p&typeid=i","cat":316011},{"id":82149,"n":"lardons supérieurs ECO+ Nature - 2x100g","p":1.28,"u":"6,40 €/KG","img":"https://fd5-photos.leclercdrive.fr/image.ashx?id=2968655&use=l&cat=p&typeid=i","cat":316011},{"id":82152,"n":"Compote Andros Abricot Morceaux - 4x100g","p":2.14,"u":"5,35 €/KG","img":"https://fd5-photos.leclercdrive.fr/image.ashx?id=2853566&use=l&cat=p&typeid=i","cat":284416},{"id":82153,"n":"Pois cassés Jolie Campagne 500g","p":1.45,"u":"2,90 €/KG","img":"https://fd5-photos.leclercdrive.fr/image.ashx?id=2023949&use=l&cat=p&typeid=i","cat":284430},{"id":82157,"n":"Dessert fruitier pêche Andros En morceaux - 4x100g","p":1.77,"u":"4,43 €/KG","img":"https://fd5-photos.leclercdrive.fr/image.ashx?id=2845470&use=l&cat=p&typeid=i","cat":284416},{"id":82159,"n":"Compotes Andros Pomme/chataigne - 4x100g","p":1.62,"u":"4,05 €/KG","img":"https://fd5-photos.leclercdrive.fr/image.ashx?id=2937361&use=l&cat=p&typeid=i","cat":284416},{"id":82160,"n":"Compote Andros Pomme abricot - 4x100g","p":1.31,"u":"3,28 €/KG","img":"https://fd5-photos.leclercdrive.fr/image.ashx?id=2961074&use=l&cat=p&typeid=i","cat":284416},{"id":82166,"n":"Compotes Andros Pomme Fraise - 4x100g","p":1.41,"u":"3,53 €/KG","img":"https://fd5-photos.leclercdrive.fr/image.ashx?id=2915572&use=l&cat=p&typeid=i","cat":284416},{"id":82167,"n":"Compotes Andros Pomme Banane - 4x100g","p":1.44,"u":"3,60 €/KG","img":"https://fd5-photos.leclercdrive.fr/image.ashx?id=2883997&use=l&cat=p&typeid=i","cat":284416},{"id":82168,"n":"Compotes Andros Pomme Poire - 4x100g","p":1.29,"u":"3,23 €/KG","img":"https://fd5-photos.leclercdrive.fr/image.ashx?id=2883994&use=l&cat=p&typeid=i","cat":284416},{"id":82172,"n":"Mini cônes Extrême  Vanille Caramel x8 - 312g","p":3.26,"u":"10,45 €/KG","img":"https://fd5-photos.leclercdrive.fr/image.ashx?id=2737033&use=l&cat=p&typeid=i","cat":284264},{"id":82174,"n":"Extrême  Citron Framboise - 6x71g","p":3.63,"u":"8,52 €/KG","img":"https://fd5-photos.leclercdrive.fr/image.ashx?id=2866076&use=l&cat=p&typeid=i","cat":284264},{"id":82177,"n":"Bière blonde Duvel 8.5%vol - 75cl","p":4.07,"u":"5,43 €/L","img":"https://fd5-photos.leclercdrive.fr/image.ashx?id=2111139&use=l&cat=p&typeid=i","cat":334872},{"id":82179,"n":"Bière blonde 3 Monts 75cl","p":2.45,"u":"3,27 €/L","img":"https://fd5-photos.leclercdrive.fr/image.ashx?id=2550553&use=l&cat=p&typeid=i","cat":334852},{"id":82181,"n":"Bière Mort Subite Kriek A la cerise - 33cl","p":1.7,"u":"5,15 €/L","img":"https://fd5-photos.leclercdrive.fr/image.ashx?id=2796414&use=l&cat=p&typeid=i","cat":334872},{"id":82184,"n":"Barres KINDER BUENO White  Chocolat Blanc x12 - 468g","p":8.35,"u":"17,84 €/KG","img":"https://fd5-photos.leclercdrive.fr/image.ashx?id=2679642&use=l&cat=p&typeid=i","cat":284498},{"id":82217,"n":"Gin Hendrick's 41.1%vol - 70cl","p":32.93,"u":"47,04 €/L","img":"https://fd5-photos.leclercdrive.fr/image.ashx?id=2225594&use=l&cat=p&typeid=i","cat":284550},{"id":82218,"n":"Emmental fromage rapé Les Croisés - 750g","p":5.98,"u":"7,97 €/KG","img":"https://fd5-photos.leclercdrive.fr/image.ashx?id=2900665&use=l&cat=p&typeid=i","cat":314035},{"id":82234,"n":"Liniment Corine de Farme Bio - 500ml","p":4.28,"u":"8,56 €/L","img":"https://fd5-photos.leclercdrive.fr/image.ashx?id=2424449&use=l&cat=p&typeid=i","cat":284741},{"id":82237,"n":"Rhum trois rivières Cuvée du  Moulin - 40%vol - 70cl","p":24.47,"u":"34,96 €/L","img":"https://fd5-photos.leclercdrive.fr/image.ashx?id=2844909&use=l&cat=p&typeid=i","cat":284550},{"id":82238,"n":"Arrangé Maison La Mauny Banane 30%vol. - 70cl","p":18.49,"u":"26,41 €/L","img":"https://fd5-photos.leclercdrive.fr/image.ashx?id=2956334&use=l&cat=p&typeid=i","cat":284551},{"id":82250,"n":"Thon au Naturel Petit Navire Démarche Responsable 140g","p":2.14,"u":"15,29 €/KG","img":"https://fd5-photos.leclercdrive.fr/image.ashx?id=2928360&use=l&cat=p&typeid=i","cat":303867},{"id":82251,"n":"Thon MSC Naturel Petit Navire Entier -  112g","p":2.94,"u":"26,25 €/KG","img":"https://fd5-photos.leclercdrive.fr/image.ashx?id=2928357&use=l&cat=p&typeid=i","cat":303867},{"id":82253,"n":"Biscuits Thé LU 350g","p":1.4,"u":"4,00 €/KG","img":"https://fd5-photos.leclercdrive.fr/image.ashx?id=2977738&use=l&cat=p&typeid=i","cat":284487},{"id":82257,"n":"Thon Albacore Connetable 100% filets - De bretagne -112g","p":2.79,"u":"24,91 €/KG","img":"https://fd5-photos.leclercdrive.fr/image.ashx?id=2654806&use=l&cat=p&typeid=i","cat":303867},{"id":82264,"n":"Doonuts St Michel Pépites de chocolat - 180g","p":2.0,"u":"11,11 €/KG","img":"https://fd5-photos.leclercdrive.fr/image.ashx?id=1917782&use=l&cat=p&typeid=i","cat":284495},{"id":82265,"n":"Céréales Quaker Cruesli Chocolat - 450g","p":2.65,"u":"5,89 €/KG","img":"https://fd5-photos.leclercdrive.fr/image.ashx?id=2382791&use=l&cat=p&typeid=i","cat":309512},{"id":82266,"n":"Filet de sardines Saupiquet A l'huile d'olive - 100g","p":1.47,"u":"14,70 €/KG","img":"https://fd5-photos.leclercdrive.fr/image.ashx?id=2845347&use=l&cat=p&typeid=i","cat":305146},{"id":82309,"n":"yaourt fruits bio les 2 vaches brassé poire - 4x115g","p":1.89,"u":"4,11 €/KG","img":"https://fd5-photos.leclercdrive.fr/image.ashx?id=2571527&use=l&cat=p&typeid=i","cat":284410},{"id":82350,"n":"Frites fines McCain Côté Comptoir - 650g","p":2.56,"u":"3,94 €/KG","img":"https://fd5-photos.leclercdrive.fr/image.ashx?id=2693887&use=l&cat=p&typeid=i","cat":319791},{"id":82353,"n":"Biscuits Oréo enrobé chocolat Au lait - 246g","p":2.46,"u":"10,00 €/KG","img":"https://fd5-photos.leclercdrive.fr/image.ashx?id=2908333&use=l&cat=p&typeid=i","cat":284488},{"id":82433,"n":"Cordons Bleus Côté Croc Poulet x4 - 400g","p":3.14,"u":"7,85 €/KG","img":"https://fd5-photos.leclercdrive.fr/image.ashx?id=2801052&use=l&cat=p&typeid=i","cat":333683},{"id":82440,"n":"Boisson lactée Candy'UP Vanille - 6x20cl","p":2.72,"u":"2,27 €/L","img":"https://fd5-photos.leclercdrive.fr/image.ashx?id=2485632&use=l&cat=p&typeid=i","cat":295246},{"id":82520,"n":"Fromage Croque emmental Président - 12 tranches - 200g","p":1.69,"u":"8,45 €/KG","img":"https://fd5-photos.leclercdrive.fr/image.ashx?id=2446356&use=l&cat=p&typeid=i","cat":314028},{"id":82575,"n":"Bière ambrée La Goudale 7.2%vol - 6x25cl","p":4.45,"u":"2,97 €/L","img":"https://fd5-photos.leclercdrive.fr/image.ashx?id=2915521&use=l&cat=p&typeid=i","cat":334852},{"id":82663,"n":"Arrangé Rivière du Mât Banane Vanillé - 70cl - 35%vol","p":14.89,"u":"21,27 €/L","img":"https://fd5-photos.leclercdrive.fr/image.ashx?id=2731300&use=l&cat=p&typeid=i","cat":284551},{"id":82664,"n":"Arrangé Rivière du Mât Coco Torréfiée - 35%vol - 70cl","p":15.36,"u":"21,94 €/L","img":"https://fd5-photos.leclercdrive.fr/image.ashx?id=3002045&use=l&cat=p&typeid=i","cat":284551},{"id":82665,"n":"Arrangé Rivière du Mât Vanille des Tropiques - 70cl","p":14.76,"u":"21,09 €/L","img":"https://fd5-photos.leclercdrive.fr/image.ashx?id=2731291&use=l&cat=p&typeid=i","cat":284551},{"id":82667,"n":"Yaourt aux fruits bifidus Activia poire - 4x125g","p":1.87,"u":"3,74 €/KG","img":"https://fd5-photos.leclercdrive.fr/image.ashx?id=2885330&use=l&cat=p&typeid=i","cat":315000},{"id":82669,"n":"Yaourt aux fruits bifidus Activia mangue - 4x125g","p":1.74,"u":"3,48 €/KG","img":"https://fd5-photos.leclercdrive.fr/image.ashx?id=2886642&use=l&cat=p&typeid=i","cat":315000},{"id":82672,"n":"Yaourt aux fruits bifidus Activia pruneau - 4x125g","p":1.71,"u":"3,42 €/KG","img":"https://fd5-photos.leclercdrive.fr/image.ashx?id=2886636&use=l&cat=p&typeid=i","cat":315000},{"id":82676,"n":"Yaourt aux fruits bifidus Activia figue - 4x125g","p":1.93,"u":"3,86 €/KG","img":"https://fd5-photos.leclercdrive.fr/image.ashx?id=2886630&use=l&cat=p&typeid=i","cat":315000},{"id":82677,"n":"yaourt aux fruits bifidus activia fraise - 4x125g","p":1.76,"u":"3,52 €/KG","img":"https://fd5-photos.leclercdrive.fr/image.ashx?id=2886627&use=l&cat=p&typeid=i","cat":315000},{"id":82678,"n":"yaourt aux fruits bifidus activia - 16x125g","p":5.85,"u":"2,93 €/KG","img":"https://fd5-photos.leclercdrive.fr/image.ashx?id=2810609&use=l&cat=p&typeid=i","cat":315000},{"id":82688,"n":"Brandade de Morue Tipiak 1.050kg","p":6.2,"u":"5,90 €/KG","img":"https://fd5-photos.leclercdrive.fr/image.ashx?id=2944023&use=l&cat=p&typeid=i","cat":284254},{"id":82717,"n":"Arrangé Rivière du Mât Ananas Caramélisé 35% vol 70cl","p":14.76,"u":"21,09 €/L","img":"https://fd5-photos.leclercdrive.fr/image.ashx?id=2731297&use=l&cat=p&typeid=i","cat":284551},{"id":82745,"n":"Couches Activ+ Mots d'enfants  Taille 5 : 11/25kg - x35","p":12.99,"u":"0,37 €/P","img":"https://fd5-photos.leclercdrive.fr/image.ashx?id=2922424&use=l&cat=p&typeid=i","cat":284737},{"id":82748,"n":"Couches Activ+ Mots d'enfants  Taille 4+ 9/20kg - x37 changes","p":12.99,"u":"0,35 €/P","img":"https://fd5-photos.leclercdrive.fr/image.ashx?id=2699747&use=l&cat=p&typeid=i","cat":284737},{"id":82924,"n":"Bière Heineken 6x33cl","p":4.64,"u":"2,34 €/L","img":"https://fd5-photos.leclercdrive.fr/image.ashx?id=3008113&use=l&cat=p&typeid=i","cat":334853},{"id":83107,"n":"Bière La G de Goudale 7.9% vol - 33cl","p":1.52,"u":"4,61 €/L","img":"https://fd5-photos.leclercdrive.fr/image.ashx?id=1736938&use=l&cat=p&typeid=i","cat":334872},{"id":83109,"n":"Bières Rince Cochon rouge 75cl","p":3.68,"u":"4,91 €/L","img":"https://fd5-photos.leclercdrive.fr/image.ashx?id=2021238&use=l&cat=p&typeid=i","cat":334872},{"id":83117,"n":"Bière blonde Affligem Triple D'abbaye - 6x25cl","p":5.75,"u":"3,83 €/L","img":"https://fd5-photos.leclercdrive.fr/image.ashx?id=2959889&use=l&cat=p&typeid=i","cat":334852},{"id":83120,"n":"Bière brune Pelforth 12x25cl","p":7.99,"u":"2,66 €/L","img":"https://fd5-photos.leclercdrive.fr/image.ashx?id=2646182&use=l&cat=p&typeid=i","cat":334852},{"id":83132,"n":"Boisson lactée Tous mes amis pour chats - 3x200ml","p":2.13,"u":"3,55 €/L","img":"https://fd5-photos.leclercdrive.fr/image.ashx?id=1944634&use=l&cat=p&typeid=i","cat":285285},{"id":83240,"n":"Bière Brune Pelforth 6x25cl","p":5.06,"u":"3,37 €/L","img":"https://fd5-photos.leclercdrive.fr/image.ashx?id=2655880&use=l&cat=p&typeid=i","cat":334852},{"id":83303,"n":"Happy Cola Haribo Sachet bonbons - 300g","p":1.8,"u":"6,00 €/KG","img":"https://fd5-photos.leclercdrive.fr/image.ashx?id=2806087&use=l&cat=p&typeid=i","cat":304250},{"id":83350,"n":"Bonbons Haribo Moam Happy fruttis - 200g","p":1.53,"u":"7,65 €/KG","img":"https://fd5-photos.leclercdrive.fr/image.ashx?id=2984916&use=l&cat=p&typeid=i","cat":304250},{"id":83680,"n":"Oeufs Flandr'oeufs  Calibre gros x6","p":1.67,"u":"0,28 €/P","img":"https://fd5-photos.leclercdrive.fr/image.ashx?id=2333300&use=l&cat=p&typeid=i","cat":284378},{"id":83682,"n":"Oeufs Flandr'oeufs Moyen - x12","p":3.08,"u":"0,26 €/P","img":"https://fd5-photos.leclercdrive.fr/image.ashx?id=2333294&use=l&cat=p&typeid=i","cat":284378},{"id":83698,"n":"IGP Pays d'Oc Grenache vin rosé Vieux Carion 12.5% vol - 75cl","p":2.25,"u":"3,00 €/L","img":"https://fd5-photos.leclercdrive.fr/image.ashx?id=2722823&use=l&cat=p&typeid=i","cat":289558},{"id":83790,"n":"Desserts Lactés P'TIT BRASSE BIO Pomme Pêche 6M+ - 4x90g","p":2.05,"u":"5,69 €/KG","img":"https://fd5-photos.leclercdrive.fr/image.ashx?id=2670863&use=l&cat=p&typeid=i","cat":312392},{"id":83951,"n":"IGP Pays d'Oc rouge Merlot J-P Chenet 13% vol BIB 3L","p":10.42,"u":"3,47 €/L","img":"https://fd5-photos.leclercdrive.fr/image.ashx?id=2941709&use=l&cat=p&typeid=i","cat":289560},{"id":83979,"n":"Vin de l'Union Européenne Vieux Papes 12.5%vol - 75cl","p":2.17,"u":"2,89 €/L","img":"https://fd5-photos.leclercdrive.fr/image.ashx?id=2093388&use=l&cat=p&typeid=i","cat":289556},{"id":83985,"n":"IGP Pays d'Oc rouge Merlot Grand Sud 13% vol - 1L","p":3.92,"u":"3,92 €/L","img":"https://fd5-photos.leclercdrive.fr/image.ashx?id=2941583&use=l&cat=p&typeid=i","cat":289556},{"id":83986,"n":"IGP Pays d'Oc rosé Merlot Grand Sud 12.5% vol - 1L","p":3.92,"u":"3,92 €/L","img":"https://fd5-photos.leclercdrive.fr/image.ashx?id=2941580&use=l&cat=p&typeid=i","cat":289558},{"id":84014,"n":"AOP Bordeaux vin blanc Bernard Cordelier - 75 cl","p":2.99,"u":"3,99 €/L","img":"https://fd5-photos.leclercdrive.fr/image.ashx?id=2776561&use=l&cat=p&typeid=i","cat":289557},{"id":84028,"n":"IGP Méditerranée rosé Les Calandières 12% vol BIB 3L","p":12.65,"u":"4,22 €/L","img":"https://fd5-photos.leclercdrive.fr/image.ashx?id=2997766&use=l&cat=p&typeid=i","cat":289560},{"id":84152,"n":"Pain pour Panini La Boulangère x4 - 300g","p":1.62,"u":"5,40 €/KG","img":"https://fd5-photos.leclercdrive.fr/image.ashx?id=2937457&use=l&cat=p&typeid=i","cat":284985},{"id":84154,"n":"Bonbons VICHY Menthe 230g","p":1.0,"u":"4,35 €/KG","img":"https://fd5-photos.leclercdrive.fr/image.ashx?id=2806342&use=l&cat=p&typeid=i","cat":304252},{"id":84155,"n":"Michoko La pie qui chante 280g","p":2.81,"u":"10,04 €/KG","img":"https://fd5-photos.leclercdrive.fr/image.ashx?id=2862560&use=l&cat=p&typeid=i","cat":284499},{"id":84156,"n":"Carambar mini mix 220g","p":2.02,"u":"9,18 €/KG","img":"https://fd5-photos.leclercdrive.fr/image.ashx?id=2817845&use=l&cat=p&typeid=i","cat":304250},{"id":84158,"n":"Bonbons CARAMBAR Fruits Assortiment - 320g","p":1.67,"u":"5,22 €/KG","img":"https://fd5-photos.leclercdrive.fr/image.ashx?id=2964499&use=l&cat=p&typeid=i","cat":304250},{"id":84159,"n":"Bonbons CARAMBAR Family Assortiment - 450g","p":2.63,"u":"5,84 €/KG","img":"https://fd5-photos.leclercdrive.fr/image.ashx?id=2903446&use=l&cat=p&typeid=i","cat":304250},{"id":84160,"n":"Bonbons CARAMBAR Caramel 320g","p":1.65,"u":"5,16 €/KG","img":"https://fd5-photos.leclercdrive.fr/image.ashx?id=2770124&use=l&cat=p&typeid=i","cat":304250},{"id":84161,"n":"Bonbons LA PIE QUI CHANTE Michoko Noir - 280g","p":2.38,"u":"8,50 €/KG","img":"https://fd5-photos.leclercdrive.fr/image.ashx?id=2817842&use=l&cat=p&typeid=i","cat":304250},{"id":84186,"n":"Lait bébé en poudre Bio Guigoz 2ème âge - 6-12 mois - 800g","p":18.41,"u":"23,01 €/KG","img":"https://fd5-photos.leclercdrive.fr/image.ashx?id=2740286&use=l&cat=p&typeid=i","cat":284727},{"id":84188,"n":"Lait bébé en poudre Bio Guigoz 1er âge - 0-6 mois - 800g","p":20.05,"u":"25,06 €/KG","img":"https://fd5-photos.leclercdrive.fr/image.ashx?id=3000438&use=l&cat=p&typeid=i","cat":284726},{"id":84220,"n":"Cartouche encre multipack Epson Fraise x4 - 14.9ml","p":49.02,"u":"Dont 0,05 € d'éco-part.","img":"https://fd5-photos.leclercdrive.fr/image.ashx?id=1675272&use=l&cat=p&typeid=i","cat":316445},{"id":84225,"n":"Cartouche encre Epson Fraise - Noir - 5.3ml - x1","p":14.98,"u":"Dont 0,02 € d'éco-part.","img":"https://fd5-photos.leclercdrive.fr/image.ashx?id=1675269&use=l&cat=p&typeid=i","cat":316445},{"id":84226,"n":"Cartouche d'encre HP Noire authentique - 62","p":24.87,"u":"Dont 0,02 € d'éco-part.","img":"https://fd5-photos.leclercdrive.fr/image.ashx?id=1884124&use=l&cat=p&typeid=i","cat":316445},{"id":84249,"n":"Crème Bio Hydratante Sobio Etic Aloe Vera - 100ml","p":7.54,"u":"75,40 €/L","img":"https://fd5-photos.leclercdrive.fr/image.ashx?id=2787074&use=l&cat=p&typeid=i","cat":325345},{"id":84253,"n":"Crème de Douche Bio Sobio Etic Peaux Sensibles Aloe Vera-650ml","p":4.95,"u":"7,62 €/L","img":"https://fd5-photos.leclercdrive.fr/image.ashx?id=2891577&use=l&cat=p&typeid=i","cat":284594},{"id":84266,"n":"Crème de jour bio Sobio Etic  Hydratante à l'aloé Vera - 50ml","p":8.74,"u":"174,80 €/L","img":"https://fd5-photos.leclercdrive.fr/image.ashx?id=2802485&use=l&cat=p&typeid=i","cat":325345},{"id":84441,"n":"Trio saucissons Cévennes  Nos Régions ont du Talent 345g","p":6.84,"u":"19,83 €/KG","img":"https://fd5-photos.leclercdrive.fr/image.ashx?id=2776301&use=l&cat=p&typeid=i","cat":316006},{"id":84458,"n":"Crème glacée L'Angélys Artisanale Chocolat noir - 450g","p":5.1,"u":"11,33 €/KG","img":"https://fd5-photos.leclercdrive.fr/image.ashx?id=2963571&use=l&cat=p&typeid=i","cat":284263},{"id":84774,"n":"Préparation brownie Nestlé Au chocolat - 405g","p":3.67,"u":"9,06 €/KG","img":"https://fd5-photos.leclercdrive.fr/image.ashx?id=2849259&use=l&cat=p&typeid=i","cat":284505},{"id":84782,"n":"Cuisse de poulet Blanc Le Gaulois - 1kg","p":6.49,"u":"6,49 €/KG","img":"https://fd5-photos.leclercdrive.fr/image.ashx?id=2732764&use=l&cat=p&typeid=i","cat":284336},{"id":84784,"n":"Filet de poulet Le Gaulois x2 - 300g","p":4.84,"u":"16,13 €/KG","img":"https://fd5-photos.leclercdrive.fr/image.ashx?id=2732761&use=l&cat=p&typeid=i","cat":284336},{"id":84786,"n":"Pilons de poulet jaune Le Gaulois - 360g","p":3.25,"u":"9,03 €/KG","img":"https://fd5-photos.leclercdrive.fr/image.ashx?id=2732755&use=l&cat=p&typeid=i","cat":284336},{"id":84789,"n":"Filet de poulet blanc Le Gaulois x2 - 300g","p":4.97,"u":"16,57 €/KG","img":"https://fd5-photos.leclercdrive.fr/image.ashx?id=2633989&use=l&cat=p&typeid=i","cat":284336},{"id":84794,"n":"Coton Lotus Baby Peau nette - x85","p":2.55,"u":"0,03 €/P","img":"https://fd5-photos.leclercdrive.fr/image.ashx?id=2981355&use=l&cat=p&typeid=i","cat":284739},{"id":84820,"n":"Minis sandwich Daunat jambon/emmental - 130g","p":1.65,"u":"12,69 €/KG","img":"https://fd5-photos.leclercdrive.fr/image.ashx?id=2951812&use=l&cat=p&typeid=i","cat":333658},{"id":84996,"n":"Beurre Le Campagnou  Demi-sel - 500g","p":4.49,"u":"8,98 €/KG","img":"https://fd5-photos.leclercdrive.fr/image.ashx?id=2546626&use=l&cat=p&typeid=i","cat":284379},{"id":85002,"n":"Beurre plaquette Doux 250g","p":2.57,"u":"10,28 €/KG","img":"https://fd5-photos.leclercdrive.fr/image.ashx?id=2586616&use=l&cat=p&typeid=i","cat":284379},{"id":85022,"n":"Shampooing Naturé Moi Extra-doux - 250ml","p":2.23,"u":"8,92 €/L","img":"https://fd5-photos.leclercdrive.fr/image.ashx?id=2740673&use=l&cat=p&typeid=i","cat":284606},{"id":85024,"n":"Lentille verte bio Happy Bio  500g","p":3.53,"u":"7,06 €/KG","img":"https://fd5-photos.leclercdrive.fr/image.ashx?id=2685015&use=l&cat=p&typeid=i","cat":284430},{"id":85051,"n":"Endives Panier du Primeur x5","p":2.49,"u":"0,50 €/P","img":"https://fd5-photos.leclercdrive.fr/image.ashx?id=2655607&use=l&cat=p&typeid=i","cat":284352},{"id":85052,"n":"Croquettes petit chien Ultima  Nature Poulet - 1,25kg","p":6.47,"u":"5,18 €/KG","img":"https://fd5-photos.leclercdrive.fr/image.ashx?id=2593164&use=l&cat=p&typeid=i","cat":294526},{"id":85055,"n":"Papier toilette Lotus Moltonel Sans tube - X6","p":6.33,"u":"1,06 €/P","img":"https://fd5-photos.leclercdrive.fr/image.ashx?id=2570580&use=l&cat=p&typeid=i","cat":284634},{"id":85059,"n":"Protection auditive Quies En mousse fluo - x16","p":6.01,"u":"0,38 €/P","img":"https://fd5-photos.leclercdrive.fr/image.ashx?id=2159511&use=l&cat=p&typeid=i","cat":284630},{"id":85069,"n":"Dentifrice Sensodyne Blancheur multiprotect - 75ml","p":4.25,"u":"56,67 €/L","img":"https://fd5-photos.leclercdrive.fr/image.ashx?id=2630730&use=l&cat=p&typeid=i","cat":284612},{"id":85194,"n":"Tartine briochée Heudebert 320g","p":2.9,"u":"9,06 €/KG","img":"https://fd5-photos.leclercdrive.fr/image.ashx?id=2346663&use=l&cat=p&typeid=i","cat":284479},{"id":85268,"n":"Infusion Bio Ethiquable Rooibos Afrique du Sud x20 - 40g","p":2.04,"u":"2,55 €/KG","img":"https://fd5-photos.leclercdrive.fr/image.ashx?id=2870878&use=l&cat=p&typeid=i","cat":293233},{"id":85666,"n":"IGP Ardeche rosé Pont d'Arc 12.5% vol - BIB 5L","p":11.2,"u":"2,24 €/L","img":"https://fd5-photos.leclercdrive.fr/image.ashx?id=2527922&use=l&cat=p&typeid=i","cat":289560},{"id":85677,"n":"AOP Saumur Vin blanc pétillant  Ackerman brut - 75cl","p":5.6,"pp":4.2,"u":"5,60 €/L","img":"https://fd5-photos.leclercdrive.fr/image.ashx?id=2730232&use=l&cat=p&typeid=i","cat":284544},{"id":85693,"n":"Donut de poulet Maître Coq 800g","p":5.93,"u":"7,41 €/KG","img":"https://fd5-photos.leclercdrive.fr/image.ashx?id=2426941&use=l&cat=p&typeid=i","cat":333684},{"id":85735,"n":"Soda au cola Pepsi Zéro sucres La bouteille de 2L","p":1.44,"u":"0,72 €/L","img":"https://fd5-photos.leclercdrive.fr/image.ashx?id=2682297&use=l&cat=p&typeid=i","cat":284530},{"id":85745,"n":"Batonnets Surimi Coraya x30 - 450g","p":4.27,"u":"9,49 €/KG","img":"https://fd5-photos.leclercdrive.fr/image.ashx?id=2962683&use=l&cat=p&typeid=i","cat":285189},{"id":85768,"n":"Crème de violette Giffard 16%Vol - 50cl","p":5.5,"pp":4.95,"u":"9,90 €/L","img":"https://fd5-photos.leclercdrive.fr/image.ashx?id=2219162&use=l&cat=p&typeid=i","cat":295020},{"id":85769,"n":"Triple sec Giffard 25% Vol - 50cl","p":5.5,"u":"11,00 €/L","img":"https://fd5-photos.leclercdrive.fr/image.ashx?id=1567000&use=l&cat=p&typeid=i","cat":286032},{"id":85956,"n":"Vin d'Espagne Bio Cabernet Sauvignon Montmirel - BIB 3L","p":12.47,"u":"4,16 €/L","img":"https://fd5-photos.leclercdrive.fr/image.ashx?id=2276726&use=l&cat=p&typeid=i","cat":289556},{"id":85959,"n":"AOC Champagne brut mosaïque 75cl","p":24.88,"u":"33,17 €/L","img":"https://fd5-photos.leclercdrive.fr/image.ashx?id=2243587&use=l&cat=p&typeid=i","cat":284542},{"id":85960,"n":"AOP Bordeaux rosé Mouton Cadet - 75cl","p":5.59,"u":"7,45 €/L","img":"https://fd5-photos.leclercdrive.fr/image.ashx?id=2943987&use=l&cat=p&typeid=i","cat":289558},{"id":86020,"n":"Champagne Alfred Rothschild Brut - 75cl","p":26.88,"u":"35,84 €/L","img":"https://fd5-photos.leclercdrive.fr/image.ashx?id=2628473&use=l&cat=p&typeid=i","cat":284542},{"id":86071,"n":"AOP Prosecco Perlino Extra Dry - 75cl","p":6.3,"u":"8,40 €/L","img":"https://fd5-photos.leclercdrive.fr/image.ashx?id=2612778&use=l&cat=p&typeid=i","cat":289461},{"id":86208,"n":"Pâte à tartiner Nutella 1kg","p":6.62,"u":"6,62 €/KG","img":"https://fd5-photos.leclercdrive.fr/image.ashx?id=2935648&use=l&cat=p&typeid=i","cat":284481},{"id":86375,"n":"Rochers Suchard  Lait - 7x35g","p":3.9,"u":"15,92 €/KG","img":"https://fd5-photos.leclercdrive.fr/image.ashx?id=2950372&use=l&cat=p&typeid=i","cat":284499},{"id":86376,"n":"Rochers Suchard Noir - 7x35g","p":3.9,"u":"15,92 €/KG","img":"https://fd5-photos.leclercdrive.fr/image.ashx?id=2950375&use=l&cat=p&typeid=i","cat":284499},{"id":86395,"n":"Brioche tranchée Pasquier Familiale - 650g","p":2.32,"u":"3,57 €/KG","img":"https://fd5-photos.leclercdrive.fr/image.ashx?id=2850949&use=l&cat=p&typeid=i","cat":284478},{"id":86403,"n":"Capsules café L'Or Espresso Delizioso N°5 x10","p":3.05,"u":"58,65 €/KG","img":"https://fd5-photos.leclercdrive.fr/image.ashx?id=3000462&use=l&cat=p&typeid=i","cat":284749},{"id":86411,"n":"Biscuit bio Bjorg Avoine pépites chocolat - 130g","p":2.34,"u":"18,00 €/KG","img":"https://fd5-photos.leclercdrive.fr/image.ashx?id=2999985&use=l&cat=p&typeid=i","cat":325066},{"id":86438,"n":"Dentifrice Integral 8 Signal Nature Elements Coco 75ml","p":1.72,"u":"22,93 €/L","img":"https://fd5-photos.leclercdrive.fr/image.ashx?id=2974659&use=l&cat=p&typeid=i","cat":284612},{"id":86448,"n":"Désinfectant protection Sanytol Salle de bain - 500ml","p":3.15,"u":"6,30 €/L","img":"https://fd5-photos.leclercdrive.fr/image.ashx?id=2848620&use=l&cat=p&typeid=i","cat":325357},{"id":86451,"n":"Lessive gel Génie Lavage main - 200ml","p":1.47,"u":"7,35 €/L","img":"https://fd5-photos.leclercdrive.fr/image.ashx?id=2664142&use=l&cat=p&typeid=i","cat":284643},{"id":86470,"n":"Bonbons KREMA Festival Assortiment - 360g","p":2.38,"u":"6,61 €/KG","img":"https://fd5-photos.leclercdrive.fr/image.ashx?id=2817875&use=l&cat=p&typeid=i","cat":304250},{"id":86586,"n":"Pain de mie Harrys Nature extra moelleux - 500g","p":1.23,"u":"2,46 €/KG","img":"https://fd5-photos.leclercdrive.fr/image.ashx?id=2660730&use=l&cat=p&typeid=i","cat":284477},{"id":86591,"n":"AOP Champagne Pommery Brut Royal étui- 75cl","p":36.2,"u":"48,27 €/L","img":"https://fd5-photos.leclercdrive.fr/image.ashx?id=2791500&use=l&cat=p&typeid=i","cat":284542},{"id":86658,"n":"Thé vert Twinings Simplement pur - x25 - 37g","p":2.46,"u":"66,49 €/KG","img":"https://fd5-photos.leclercdrive.fr/image.ashx?id=2893015&use=l&cat=p&typeid=i","cat":293233},{"id":86663,"n":"Farine complète bio Mon Fournil Riz sans gluten - 400g","p":2.75,"u":"6,88 €/KG","img":"https://fd5-photos.leclercdrive.fr/image.ashx?id=2378045&use=l&cat=p&typeid=i","cat":318654},{"id":86665,"n":"Dosettes café Senseo Grand Mère Classique x54","p":5.53,"u":"15,53 €/KG","img":"https://fd5-photos.leclercdrive.fr/image.ashx?id=2769837&use=l&cat=p&typeid=i","cat":293238},{"id":86724,"n":"Huile d'olive Bio Village Bio Vierge extra fruité - 75 cl","p":7.99,"u":"10,65 €/L","img":"https://fd5-photos.leclercdrive.fr/image.ashx?id=3005712&use=l&cat=p&typeid=i","cat":284453},{"id":86725,"n":"Poudre de cacao bio Bio Village 500g - 32% de cacao","p":3.95,"u":"7,90 €/KG","img":"https://fd5-photos.leclercdrive.fr/image.ashx?id=2441516&use=l&cat=p&typeid=i","cat":293235},{"id":86734,"n":"Cookies P'tit Déli Triple chocolat - 200g","p":1.44,"u":"7,20 €/KG","img":"https://fd5-photos.leclercdrive.fr/image.ashx?id=2529608&use=l&cat=p&typeid=i","cat":325066},{"id":86738,"n":"Croquants des cordes NRT 90g","p":3.55,"u":"39,44 €/KG","img":"https://fd5-photos.leclercdrive.fr/image.ashx?id=2622341&use=l&cat=p&typeid=i","cat":284487},{"id":86745,"n":"Lames de rasoir Carré Homme x5","p":7.5,"u":"1,50 €/P","img":"https://fd5-photos.leclercdrive.fr/image.ashx?id=1944625&use=l&cat=p&typeid=i","cat":284616},{"id":86747,"n":"Sacs de congélation Elembal Curseur moyen - x15","p":1.99,"u":"0,13 €/P","img":"https://fd5-photos.leclercdrive.fr/image.ashx?id=2511120&use=l&cat=p&typeid=i","cat":334134},{"id":86748,"n":"Adoucissant Hyperdou Lingettes Rêve de fraîcheur - x20","p":1.71,"u":"0,09 €/P","img":"https://fd5-photos.leclercdrive.fr/image.ashx?id=2489203&use=l&cat=p&typeid=i","cat":325302},{"id":86781,"n":"Trio de poissons nordiques  Pêche Océan - 600g","p":11.49,"u":"19,15 €/KG","img":"https://fd5-photos.leclercdrive.fr/image.ashx?id=2175714&use=l&cat=p&typeid=i","cat":319786},{"id":86788,"n":"Tartinable thon Fromage frais MSC Ronde des mers - 140g","p":1.99,"u":"14,21 €/KG","img":"https://fd5-photos.leclercdrive.fr/image.ashx?id=2823084&use=l&cat=p&typeid=i","cat":285191},{"id":86884,"n":"Amande en poudre Vahiné 200g","p":4.38,"u":"21,90 €/KG","img":"https://fd5-photos.leclercdrive.fr/image.ashx?id=2559850&use=l&cat=p&typeid=i","cat":284504},{"id":86885,"n":"Pralin Vahiné 200g","p":4.21,"u":"21,05 €/KG","img":"https://fd5-photos.leclercdrive.fr/image.ashx?id=2524320&use=l&cat=p&typeid=i","cat":284504},{"id":86905,"n":"Bière blonde 1664 5,5° - 12x33cl canettes","p":10.17,"u":"2,57 €/L","img":"https://fd5-photos.leclercdrive.fr/image.ashx?id=2246617&use=l&cat=p&typeid=i","cat":334853},{"id":86907,"n":"Lait en poudre Modilac Bébé : 2ème âge - 820g","p":15.65,"u":"19,09 €/KG","img":"https://fd5-photos.leclercdrive.fr/image.ashx?id=2873393&use=l&cat=p&typeid=i","cat":284727},{"id":86909,"n":"Lait en poudre Modilac Doucéa Bébé 0-6mois - 820g","p":19.51,"u":"23,79 €/KG","img":"https://fd5-photos.leclercdrive.fr/image.ashx?id=2997031&use=l&cat=p&typeid=i","cat":284726},{"id":86911,"n":"Muesli bio Happy Bio  Fruits rouges et chia - 375g","p":2.35,"u":"6,27 €/KG","img":"https://fd5-photos.leclercdrive.fr/image.ashx?id=2970984&use=l&cat=p&typeid=i","cat":309512},{"id":86916,"n":"Lames de rasoir Carré Homme 2 lames - x10","p":1.29,"u":"0,13 €/P","img":"https://fd5-photos.leclercdrive.fr/image.ashx?id=2591721&use=l&cat=p&typeid=i","cat":284616},{"id":86917,"n":"Lames de rasoir Siliss 5 lames - x3","p":6.49,"u":"2,16 €/P","img":"https://fd5-photos.leclercdrive.fr/image.ashx?id=2699735&use=l&cat=p&typeid=i","cat":325352},{"id":86940,"n":"Emmental fromage râpé bio Bio village - 400g","p":4.45,"u":"11,13 €/KG","img":"https://fd5-photos.leclercdrive.fr/image.ashx?id=2501688&use=l&cat=p&typeid=i","cat":314035},{"id":86947,"n":"Parmesan rapé AOP 30% MG Bio Bio village - 50g","p":1.66,"u":"33,20 €/KG","img":"https://fd5-photos.leclercdrive.fr/image.ashx?id=2887422&use=l&cat=p&typeid=i","cat":314035},{"id":86957,"n":"Lentilles blondes Notre Jardin 500g","p":2.64,"u":"5,28 €/KG","img":"https://fd5-photos.leclercdrive.fr/image.ashx?id=2096455&use=l&cat=p&typeid=i","cat":284430},{"id":86967,"n":"Pois Cassés Notre Jardin 500g","p":2.15,"u":"4,30 €/KG","img":"https://fd5-photos.leclercdrive.fr/image.ashx?id=2096452&use=l&cat=p&typeid=i","cat":284430},{"id":86969,"n":"Haricots blancs Notre Jardin 500g","p":2.09,"u":"4,18 €/KG","img":"https://fd5-photos.leclercdrive.fr/image.ashx?id=2096449&use=l&cat=p&typeid=i","cat":284430},{"id":86975,"n":"Céréales et Lentilles Ebly Sachets cuisson 10min - 3x100g","p":2.96,"u":"9,87 €/KG","img":"https://fd5-photos.leclercdrive.fr/image.ashx?id=2286269&use=l&cat=p&typeid=i","cat":284429},{"id":86986,"n":"Sachet fraicheur chat Sheba Thon saumon en gelée - 6x50g","p":2.64,"u":"8,80 €/KG","img":"https://fd5-photos.leclercdrive.fr/image.ashx?id=2850162&use=l&cat=p&typeid=i","cat":285286},{"id":87011,"n":"Sachet repas chat Gourmet Perle Régal de sauces - 12x85g","p":5.7,"u":"5,59 €/KG","img":"https://fd5-photos.leclercdrive.fr/image.ashx?id=2902361&use=l&cat=p&typeid=i","cat":285286},{"id":87024,"n":"Smoothie innocent énergie boogie ruby 750ml","p":3.45,"u":"4,60 €/L","img":"https://fd5-photos.leclercdrive.fr/image.ashx?id=2187631&use=l&cat=p&typeid=i","cat":285435},{"id":87061,"n":"Boisson gourmande PAGO ACE Orange carotte citron - 75cl","p":1.66,"u":"2,21 €/L","img":"https://fd5-photos.leclercdrive.fr/image.ashx?id=2861237&use=l&cat=p&typeid=i","cat":284916},{"id":87067,"n":"Yaourt à boire P'tit max  Délisse Fraise - 6x180g","p":2.03,"u":"1,88 €/KG","img":"https://fd5-photos.leclercdrive.fr/image.ashx?id=2762510&use=l&cat=p&typeid=i","cat":284415},{"id":87083,"n":"Rhum premium Bacardi Reserva  Ocho 8 ans d'âge 40° - 70cl","p":29.1,"u":"41,57 €/L","img":"https://fd5-photos.leclercdrive.fr/image.ashx?id=2848373&use=l&cat=p&typeid=i","cat":284550},{"id":87084,"n":"Rhum ambré Bacardi Carta Oro 37,5° - 70cl","p":17.25,"u":"24,64 €/L","img":"https://fd5-photos.leclercdrive.fr/image.ashx?id=2858171&use=l&cat=p&typeid=i","cat":284550},{"id":87089,"n":"Pavé Gourmand Garden Gourmet Epinards et Fromage 180g","p":2.3,"u":"12,78 €/KG","img":"https://fd5-photos.leclercdrive.fr/image.ashx?id=2971389&use=l&cat=p&typeid=i","cat":316036},{"id":87091,"n":"St Jacques Marie Fondue de poireaux riz - 280g","p":3.66,"u":"13,07 €/KG","img":"https://fd5-photos.leclercdrive.fr/image.ashx?id=2317531&use=l&cat=p&typeid=i","cat":333665},{"id":87093,"n":"Eau coiffante Vitanove 150ml","p":1.99,"u":"13,27 €/L","img":"https://fd5-photos.leclercdrive.fr/image.ashx?id=2496419&use=l&cat=p&typeid=i","cat":284609},{"id":87133,"n":"Thé vert Bio Ethiquable  Menthe x20 - 36g","p":2.38,"u":"66,11 €/KG","img":"https://fd5-photos.leclercdrive.fr/image.ashx?id=2870875&use=l&cat=p&typeid=i","cat":293233},{"id":87375,"n":"Serviettes Doulys Ultra mince Nuit + large - x9","p":2.2,"u":"0,24 €/P","img":"https://fd5-photos.leclercdrive.fr/image.ashx?id=2839927&use=l&cat=p&typeid=i","cat":284624},{"id":87377,"n":"Shampooing douceur L'Arbre Vert 250ml","p":2.05,"u":"8,20 €/L","img":"https://fd5-photos.leclercdrive.fr/image.ashx?id=2886118&use=l&cat=p&typeid=i","cat":284606},{"id":87379,"n":"Shampooing L'Arbre Vert Nutrition cheveux secs - 250ml","p":2.1,"u":"8,40 €/L","img":"https://fd5-photos.leclercdrive.fr/image.ashx?id=2885390&use=l&cat=p&typeid=i","cat":284606},{"id":87703,"n":"Mini donuts poulet Maitre Coq Fromage - 400g","p":3.43,"u":"8,58 €/KG","img":"https://fd5-photos.leclercdrive.fr/image.ashx?id=2732329&use=l&cat=p&typeid=i","cat":333684},{"id":87704,"n":"Nuggets filet Maitre Coq Poulet - 400g","p":3.4,"u":"8,50 €/KG","img":"https://fd5-photos.leclercdrive.fr/image.ashx?id=2739788&use=l&cat=p&typeid=i","cat":333684},{"id":87811,"n":"Collants Well - Fusionnel Transparent noir -Taille 1","p":7.3,"img":"https://fd5-photos.leclercdrive.fr/image.ashx?id=2056515&use=l&cat=p&typeid=i","cat":334130},{"id":87849,"n":"Boisson végétale Alpro lait de coco riz - 1l","p":2.05,"u":"2,05 €/L","img":"https://fd5-photos.leclercdrive.fr/image.ashx?id=2790243&use=l&cat=p&typeid=i","cat":316067},{"id":87894,"n":"Boisson énergisante Crazy Tiger Bouteille - 1L","p":1.99,"u":"1,99 €/L","img":"https://fd5-photos.leclercdrive.fr/image.ashx?id=2927555&use=l&cat=p&typeid=i","cat":284533},{"id":87923,"n":"Compotes  gourdes Pom'Potes Multivariétés - 12x90g","p":5.2,"u":"4,81 €/KG","img":"https://fd5-photos.leclercdrive.fr/image.ashx?id=3010942&use=l&cat=p&typeid=i","cat":284508},{"id":87929,"n":"Dosettes café Senseo Classique x54","p":8.51,"u":"22,69 €/KG","img":"https://fd5-photos.leclercdrive.fr/image.ashx?id=2391798&use=l&cat=p&typeid=i","cat":293238},{"id":87949,"n":"Sirop La Maison Guiot Menthe glaciale - 70cl","p":2.87,"u":"4,10 €/L","img":"https://fd5-photos.leclercdrive.fr/image.ashx?id=2138473&use=l&cat=p&typeid=i","cat":295020},{"id":88048,"n":"Compote Charles & Alice Pommes Bananes Vanille -4x100g","p":1.56,"u":"4,02 €/KG","img":"https://fd5-photos.leclercdrive.fr/image.ashx?id=2757698&use=l&cat=p&typeid=i","cat":284416},{"id":88056,"n":"Sachets repas Ultima Nature 2x Saumon - 2x Truite - 340g","p":2.89,"u":"8,50 €/KG","img":"https://fd5-photos.leclercdrive.fr/image.ashx?id=1592175&use=l&cat=p&typeid=i","cat":285601},{"id":88062,"n":"Matière grasse Primevere Oméga 3 - 55% - 250g","p":1.4,"u":"5,60 €/KG","img":"https://fd5-photos.leclercdrive.fr/image.ashx?id=2928468&use=l&cat=p&typeid=i","cat":315229},{"id":88064,"n":"Matière grasse Primevere 63%MG - oméga 3 - 250g","p":1.98,"u":"7,92 €/KG","img":"https://fd5-photos.leclercdrive.fr/image.ashx?id=2939325&use=l&cat=p&typeid=i","cat":315229},{"id":88206,"n":"Céréales bébé Blédine 12 mois  Vanille - 400g","p":2.37,"u":"5,93 €/KG","img":"https://fd5-photos.leclercdrive.fr/image.ashx?id=2763124&use=l&cat=p&typeid=i","cat":312225},{"id":88218,"n":"Céréales bébé Blédine 15 mois  Briochée pépite - 400g","p":2.37,"u":"5,93 €/KG","img":"https://fd5-photos.leclercdrive.fr/image.ashx?id=2763127&use=l&cat=p&typeid=i","cat":312225},{"id":88312,"n":"Serum hydrabio Bioderma 40ml","p":17.99,"u":"449,75 €/L","img":"https://fd5-photos.leclercdrive.fr/image.ashx?id=2311636&use=l&cat=p&typeid=i","cat":291171},{"id":88340,"n":"Berries Haribo Sachet bonbons - 200g","p":1.74,"u":"8,70 €/KG","img":"https://fd5-photos.leclercdrive.fr/image.ashx?id=2982411&use=l&cat=p&typeid=i","cat":304250},{"id":88359,"n":"Bougies et chiffres Vahiné Plastique","p":3.79,"img":"https://fd5-photos.leclercdrive.fr/image.ashx?id=2402702&use=l&cat=p&typeid=i","cat":335913},{"id":88413,"n":"Beurre Allégé Elle&Vire Doux - 41% MG - 250g","p":2.17,"u":"8,68 €/KG","img":"https://fd5-photos.leclercdrive.fr/image.ashx?id=2969169&use=l&cat=p&typeid=i","cat":284379},{"id":88417,"n":"Matière grasse St Hubert 51%MG-Sans huile de palme -500g","p":5.06,"u":"10,12 €/KG","img":"https://fd5-photos.leclercdrive.fr/image.ashx?id=2734117&use=l&cat=p&typeid=i","cat":315229},{"id":88429,"n":"Eau gazeuse San Pellegrino Minérale naturelle - 6x33cl","p":2.99,"u":"1,51 €/L","img":"https://fd5-photos.leclercdrive.fr/image.ashx?id=2459090&use=l&cat=p&typeid=i","cat":284536},{"id":88446,"n":"Fromage Le Rustique Tomme  Fruitée - 280g","p":4.18,"u":"14,93 €/KG","img":"https://fd5-photos.leclercdrive.fr/image.ashx?id=2921549&use=l&cat=p&typeid=i","cat":329184},{"id":88448,"n":"Fromage à Tartiner Carré Frais  Nature 0% - 8 Portions - 200g","p":2.2,"u":"11,00 €/KG","img":"https://fd5-photos.leclercdrive.fr/image.ashx?id=2868684&use=l&cat=p&typeid=i","cat":314029},{"id":88450,"n":"Escalope Cordon Bleu Père Dodu  Dinde x2 - 200g","p":2.54,"u":"12,70 €/KG","img":"https://fd5-photos.leclercdrive.fr/image.ashx?id=2957203&use=l&cat=p&typeid=i","cat":333683},{"id":88451,"n":"AOP Champagne Chanoine Frères Brut - 75cl","p":22.12,"u":"29,49 €/L","img":"https://fd5-photos.leclercdrive.fr/image.ashx?id=2673217&use=l&cat=p&typeid=i","cat":284542},{"id":88454,"n":"Saucisson Fuet Justin Bridou  170g","p":2.85,"u":"16,76 €/KG","img":"https://fd5-photos.leclercdrive.fr/image.ashx?id=2751165&use=l&cat=p&typeid=i","cat":316006},{"id":88461,"n":"Salami Danois  Saint-Azay x16 - 160g","p":1.58,"u":"9,88 €/KG","img":"https://fd5-photos.leclercdrive.fr/image.ashx?id=2708354&use=l&cat=p&typeid=i","cat":316007},{"id":88471,"n":"Protège slip Tena Long - x20","p":2.49,"u":"0,12 €/P","img":"https://fd5-photos.leclercdrive.fr/image.ashx?id=2428588&use=l&cat=p&typeid=i","cat":284628},{"id":88548,"n":"Tartines campagne La Boulangère 450g","p":1.61,"u":"3,58 €/KG","img":"https://fd5-photos.leclercdrive.fr/image.ashx?id=2912395&use=l&cat=p&typeid=i","cat":284477},{"id":88662,"n":"Yaourt bifidus Activia Vanille - 4x125g","p":1.53,"u":"3,06 €/KG","img":"https://fd5-photos.leclercdrive.fr/image.ashx?id=3006184&use=l&cat=p&typeid=i","cat":315000},{"id":88740,"n":"Yaourt bifidus Activia citron - 4x125g","p":1.53,"u":"3,06 €/KG","img":"https://fd5-photos.leclercdrive.fr/image.ashx?id=3006181&use=l&cat=p&typeid=i","cat":315000},{"id":88742,"n":"Yaourt bifidus Activia coco - 4x125g","p":1.53,"u":"3,06 €/KG","img":"https://fd5-photos.leclercdrive.fr/image.ashx?id=2886651&use=l&cat=p&typeid=i","cat":315000},{"id":88958,"n":"Pétillant aromatisé Listel Raisin Framboise - 75cl","p":4.08,"u":"5,44 €/L","img":"https://fd5-photos.leclercdrive.fr/image.ashx?id=2131908&use=l&cat=p&typeid=i","cat":284544},{"id":88987,"n":"Smarties Tube Géant Bonbons Chocolat - 130g","p":1.97,"u":"15,15 €/KG","img":"https://fd5-photos.leclercdrive.fr/image.ashx?id=2625586&use=l&cat=p&typeid=i","cat":304238},{"id":89088,"n":"Boisson au Soja Alpro Goût vanille - 1L","p":2.11,"u":"2,11 €/L","img":"https://fd5-photos.leclercdrive.fr/image.ashx?id=2944383&use=l&cat=p&typeid=i","cat":316067},{"id":89090,"n":"Boisson végétale Alpro Soja - 1L","p":1.72,"u":"1,72 €/L","img":"https://fd5-photos.leclercdrive.fr/image.ashx?id=2977681&use=l&cat=p&typeid=i","cat":316067},{"id":89092,"n":"Boisson au soja Alpro Saveur chocolat - 1L","p":2.45,"u":"2,45 €/L","img":"https://fd5-photos.leclercdrive.fr/image.ashx?id=1889294&use=l&cat=p&typeid=i","cat":316067},{"id":89093,"n":"Boisson végétale Alpro avoine - 1l","p":2.11,"u":"2,11 €/L","img":"https://fd5-photos.leclercdrive.fr/image.ashx?id=2986852&use=l&cat=p&typeid=i","cat":316067},{"id":89144,"n":"Désodorisant sphère voiture Brise marine - 6ml","p":3.02,"u":"503,33 €/L","img":"https://fd5-photos.leclercdrive.fr/image.ashx?id=1591635&use=l&cat=p&typeid=i","cat":298252},{"id":89336,"n":"Cire coiffante Vitanove Effet mat - 75ml","p":2.27,"u":"30,27 €/L","img":"https://fd5-photos.leclercdrive.fr/image.ashx?id=2791314&use=l&cat=p&typeid=i","cat":284609},{"id":89337,"n":"Cire coiffante Vitanove Brillance - 75ml","p":2.27,"u":"30,27 €/L","img":"https://fd5-photos.leclercdrive.fr/image.ashx?id=2780683&use=l&cat=p&typeid=i","cat":284609},{"id":89338,"n":"Soin anti-rides Inell Q10 Jour - 50ml","p":2.49,"u":"49,80 €/L","img":"https://fd5-photos.leclercdrive.fr/image.ashx?id=2822132&use=l&cat=p&typeid=i","cat":325345},{"id":89346,"n":"Serviettes Nuit Doulys Ultra mince - x20","p":2.55,"u":"0,13 €/P","img":"https://fd5-photos.leclercdrive.fr/image.ashx?id=2839935&use=l&cat=p&typeid=i","cat":284624},{"id":89383,"n":"Changes Bébé Harmonie Pampers T2 - x39","p":15.64,"u":"0,40 €/P","img":"https://fd5-photos.leclercdrive.fr/image.ashx?id=2542648&use=l&cat=p&typeid=i","cat":284737},{"id":89390,"n":"Boxers coton stretch Dim Noir - Taille 3 - x3","p":24.95,"u":"8,32 €/P","img":"https://fd5-photos.leclercdrive.fr/image.ashx?id=2560678&use=l&cat=p&typeid=i","cat":291524},{"id":89403,"n":"AOP Pinot gris Vendanges Tardives - Henry Erhart - 75cl","p":16.9,"u":"22,53 €/L","img":"https://fd5-photos.leclercdrive.fr/image.ashx?id=1643866&use=l&cat=p&typeid=i","cat":289557},{"id":89507,"n":"Xtrem Box Sodebo Radiatori à la Carbonara 400g","p":2.83,"u":"7,08 €/KG","img":"https://fd5-photos.leclercdrive.fr/image.ashx?id=2631588&use=l&cat=p&typeid=i","cat":334983},{"id":89515,"n":"Velouté de légumes Régal Soupe Instantané - 64g","p":1.35,"u":"21,09 €/KG","img":"https://fd5-photos.leclercdrive.fr/image.ashx?id=1886620&use=l&cat=p&typeid=i","cat":293527},{"id":89519,"n":"Bouillon chinois Régal Soupe Instantané - 48g","p":1.34,"u":"27,92 €/KG","img":"https://fd5-photos.leclercdrive.fr/image.ashx?id=2071345&use=l&cat=p&typeid=i","cat":288992},{"id":89553,"n":"Trio de slips Well Dentelle épurée - blanc - Taille 36/38","p":16.9,"u":"5,63 €/P","img":"https://fd5-photos.leclercdrive.fr/image.ashx?id=1495348&use=l&cat=p&typeid=i","cat":291524},{"id":89660,"n":"Xtrem Box Sodebo Radiatori  4 Fromages - 400g","p":3.16,"u":"7,90 €/KG","img":"https://fd5-photos.leclercdrive.fr/image.ashx?id=2631591&use=l&cat=p&typeid=i","cat":334983},{"id":89695,"n":"Poulet Weight Watchers Curry-coco - 300g","p":3.14,"u":"10,47 €/KG","img":"https://fd5-photos.leclercdrive.fr/image.ashx?id=2827203&use=l&cat=p&typeid=i","cat":333665},{"id":89848,"n":"Boisson Végétale lait d'amande  bjorg cappuccino - bio - 1l","p":2.65,"u":"2,65 €/L","img":"https://fd5-photos.leclercdrive.fr/image.ashx?id=2962488&use=l&cat=p&typeid=i","cat":316067},{"id":89897,"n":"Boisson Végétale lait d'amande grillée bio - 1l","p":2.75,"u":"2,75 €/L","img":"https://fd5-photos.leclercdrive.fr/image.ashx?id=2912065&use=l&cat=p&typeid=i","cat":316067},{"id":89914,"n":"Bouillon Cube Maggi Légumes x18 - 180g","p":1.47,"u":"8,17 €/KG","img":"https://fd5-photos.leclercdrive.fr/image.ashx?id=2737039&use=l&cat=p&typeid=i","cat":288379},{"id":89959,"n":"Pelle et balayette","p":2.59,"img":"https://fd5-photos.leclercdrive.fr/image.ashx?id=1463745&use=l&cat=p&typeid=i","cat":284669},{"id":90060,"n":"Thé vert Bio Ethiquable  Vietnam x20 - 36g","p":2.43,"u":"3,38 €/KG","img":"https://fd5-photos.leclercdrive.fr/image.ashx?id=2870845&use=l&cat=p&typeid=i","cat":293233},{"id":90082,"n":"Ciboulette Ducros 4g","p":1.41,"u":"352,50 €/KG","img":"https://fd5-photos.leclercdrive.fr/image.ashx?id=2559487&use=l&cat=p&typeid=i","cat":298297},{"id":90090,"n":"Gnocchi à poêler Lustucru Extra Fromage 500g","p":2.72,"u":"5,44 €/KG","img":"https://fd5-photos.leclercdrive.fr/image.ashx?id=2786171&use=l&cat=p&typeid=i","cat":333682},{"id":90120,"n":"Crème Saint Agur  155g","p":2.59,"u":"16,71 €/KG","img":"https://fd5-photos.leclercdrive.fr/image.ashx?id=2760014&use=l&cat=p&typeid=i","cat":314029},{"id":90122,"n":"Camembert Coeur de Lion 250g","p":1.96,"u":"7,84 €/KG","img":"https://fd5-photos.leclercdrive.fr/image.ashx?id=3008185&use=l&cat=p&typeid=i","cat":314033},{"id":90213,"n":"Bière blonde Duvel  Tripel Hop 9.5%vol. - 33cl","p":2.4,"u":"7,27 €/L","img":"https://fd5-photos.leclercdrive.fr/image.ashx?id=2111133&use=l&cat=p&typeid=i","cat":334872},{"id":90251,"n":"Bière blonde Secret des Moines Triple 8%vol. - 33cl","p":1.9,"u":"5,76 €/L","img":"https://fd5-photos.leclercdrive.fr/image.ashx?id=2685066&use=l&cat=p&typeid=i","cat":334872},{"id":90394,"n":"Champagne Canard Duchêne Brut 12%vol - 1.5L","p":50.9,"u":"33,93 €/L","img":"https://fd5-photos.leclercdrive.fr/image.ashx?id=2581690&use=l&cat=p&typeid=i","cat":284542},{"id":90481,"n":"Eau infusée Bio Volvic  Hibiscus litchti passion - 75cl","p":1.4,"u":"1,87 €/L","img":"https://fd5-photos.leclercdrive.fr/image.ashx?id=2500437&use=l&cat=p&typeid=i","cat":284537},{"id":90547,"n":"Croquettes chat Purina One Chat Stérilisé Truite/Blé-1.5kg","p":7.41,"u":"4,94 €/KG","img":"https://fd5-photos.leclercdrive.fr/image.ashx?id=2488064&use=l&cat=p&typeid=i","cat":284680},{"id":90553,"n":"Sauce Tables du Monde Tikka Massala - 350g","p":1.75,"u":"5,00 €/KG","img":"https://fd5-photos.leclercdrive.fr/image.ashx?id=2556523&use=l&cat=p&typeid=i","cat":288992},{"id":90562,"n":"Yaourt bifidus Activia saveur framboise - 4x125g","p":1.73,"u":"3,46 €/KG","img":"https://fd5-photos.leclercdrive.fr/image.ashx?id=2886654&use=l&cat=p&typeid=i","cat":315000},{"id":90580,"n":"Mélange 4 baies bio Ducros 25g","p":3.31,"u":"132,40 €/KG","img":"https://fd5-photos.leclercdrive.fr/image.ashx?id=2484104&use=l&cat=p&typeid=i","cat":284457},{"id":90581,"n":"Poivre noir bio Ducros Moulin - 30g","p":4.04,"u":"134,67 €/KG","img":"https://fd5-photos.leclercdrive.fr/image.ashx?id=2484107&use=l&cat=p&typeid=i","cat":284457},{"id":90644,"n":"Thé vert Bio Clipper Framboise menthe - 35g","p":2.46,"u":"70,29 €/KG","img":"https://fd5-photos.leclercdrive.fr/image.ashx?id=2908303&use=l&cat=p&typeid=i","cat":293233},{"id":90675,"n":"Crème dessert Mont Blanc Boîte Chocolat - 570g","p":2.4,"u":"4,21 €/KG","img":"https://fd5-photos.leclercdrive.fr/image.ashx?id=3011614&use=l&cat=p&typeid=i","cat":284506},{"id":90676,"n":"Crème dessert Mont Blanc Boîte Vanille - 570g","p":2.4,"u":"4,21 €/KG","img":"https://fd5-photos.leclercdrive.fr/image.ashx?id=3008830&use=l&cat=p&typeid=i","cat":284506},{"id":90689,"n":"Lotus Biscoff Speculoos Biscuit Pocket 248g (16x2p)","p":2.32,"u":"9,35 €/KG","img":"https://fd5-photos.leclercdrive.fr/image.ashx?id=2694986&use=l&cat=p&typeid=i","cat":284487},{"id":90697,"n":"Boisson Coco Végé 1L Végé - 200g","p":1.75,"u":"1,75 €/L","img":"https://fd5-photos.leclercdrive.fr/image.ashx?id=2869516&use=l&cat=p&typeid=i","cat":316067},{"id":90725,"n":"Infusion bio Clipper Vanille et saveur fraise - 40g","p":2.39,"u":"59,75 €/KG","img":"https://fd5-photos.leclercdrive.fr/image.ashx?id=2906751&use=l&cat=p&typeid=i","cat":293234},{"id":90728,"n":"Effilés en sauce Purina One Saumon/carottes Junior - 4x85g","p":2.43,"u":"7,15 €/KG","img":"https://fd5-photos.leclercdrive.fr/image.ashx?id=1612554&use=l&cat=p&typeid=i","cat":285286},{"id":90750,"n":"Déodorant homme bille Sanex Men Natur Protect Respect - 50ml","p":3.05,"u":"61,00 €/L","img":"https://fd5-photos.leclercdrive.fr/image.ashx?id=2684644&use=l&cat=p&typeid=i","cat":284618},{"id":90763,"n":"Shampooing Nat&Nove Bio Tous types de cheveux - 250ml","p":4.3,"u":"17,20 €/L","img":"https://fd5-photos.leclercdrive.fr/image.ashx?id=2583150&use=l&cat=p&typeid=i","cat":284606},{"id":90777,"n":"Crème visage La Provençale Bio Jouvence Anti-Âge - 50ml","p":7.68,"u":"153,60 €/L","img":"https://fd5-photos.leclercdrive.fr/image.ashx?id=2950357&use=l&cat=p&typeid=i","cat":325345},{"id":90820,"n":"Soupe liquide Knorr Potiron - 45cl","p":2.07,"u":"4,60 €/L","img":"https://fd5-photos.leclercdrive.fr/image.ashx?id=2338663&use=l&cat=p&typeid=i","cat":284462},{"id":90822,"n":"Soupe liquide Knorr Légumes du potager - 45cl","p":2.27,"u":"5,04 €/L","img":"https://fd5-photos.leclercdrive.fr/image.ashx?id=2324357&use=l&cat=p&typeid=i","cat":284462},{"id":90847,"n":"Dosettes café Senseo Grand Mère Corsé x54","p":5.35,"u":"15,03 €/KG","img":"https://fd5-photos.leclercdrive.fr/image.ashx?id=2745817&use=l&cat=p&typeid=i","cat":293238},{"id":91018,"n":"Cartouche d'encre HP Pack Noir / Couleurs 62","p":49.84,"u":"Dont 0,05 € d'éco-part.","img":"https://fd5-photos.leclercdrive.fr/image.ashx?id=1875962&use=l&cat=p&typeid=i","cat":316445},{"id":91019,"n":"Pastis de Marseille Sigale 45%vol. - 50cl","p":9.89,"u":"19,78 €/L","img":"https://fd5-photos.leclercdrive.fr/image.ashx?id=2637820&use=l&cat=p&typeid=i","cat":284548},{"id":91025,"n":"Pur Jus Bio Village Bio Grenade - 1L","p":4.87,"u":"4,87 €/L","img":"https://fd5-photos.leclercdrive.fr/image.ashx?id=2901545&use=l&cat=p&typeid=i","cat":284916},{"id":91026,"n":"Pur Jus d'orange Bio Village Bio Carotte Citron - 1L","p":2.89,"u":"2,89 €/L","img":"https://fd5-photos.leclercdrive.fr/image.ashx?id=2901557&use=l&cat=p&typeid=i","cat":284521},{"id":91027,"n":"Chips Tortilla Old El Paso Nachips maxi format - 300g","p":3.42,"u":"11,40 €/KG","img":"https://fd5-photos.leclercdrive.fr/image.ashx?id=2737696&use=l&cat=p&typeid=i","cat":288993},{"id":91176,"n":"Lait Démaquillant Nivea Visage&Yeux Camomille - 200ml","p":3.63,"u":"18,15 €/L","img":"https://fd5-photos.leclercdrive.fr/image.ashx?id=2836097&use=l&cat=p&typeid=i","cat":284603},{"id":91177,"n":"Démaquillant Yeux biphase Nivea Sensibles Waterproof - 125ml","p":2.5,"u":"20,00 €/L","img":"https://fd5-photos.leclercdrive.fr/image.ashx?id=2953944&use=l&cat=p&typeid=i","cat":284603},{"id":91178,"n":"Crème visage Jour FPS 15 Nivea Nourrissante Peau Sèche - 50ml","p":3.83,"u":"76,60 €/L","img":"https://fd5-photos.leclercdrive.fr/image.ashx?id=3014605&use=l&cat=p&typeid=i","cat":325345},{"id":91221,"n":"Pâtes Fusili Panzani Créatives - 500G","p":1.2,"u":"2,40 €/KG","img":"https://fd5-photos.leclercdrive.fr/image.ashx?id=2902942&use=l&cat=p&typeid=i","cat":284427},{"id":91231,"n":"Thé vert Twinings Framboise Passion x20 - 32g","p":2.12,"u":"66,25 €/KG","img":"https://fd5-photos.leclercdrive.fr/image.ashx?id=2893030&use=l&cat=p&typeid=i","cat":293233},{"id":91251,"n":"Riz au lait La Laitière Vanille 4x115g + 2 offerts","p":1.69,"u":"2,45 €/KG","img":"https://fd5-photos.leclercdrive.fr/image.ashx?id=2532469&use=l&cat=p&typeid=i","cat":284418},{"id":91432,"n":"Ampoule spot Foxter LED GU10 5,5-50W dim blanc chaud","p":6.59,"u":"Dont 0,19 € d'éco-part.","img":"https://fd5-photos.leclercdrive.fr/image.ashx?id=1505673&use=l&cat=p&typeid=i","cat":300573},{"id":91435,"n":"Ampoule Spot Foxter LED GU5.3 2,8-20W blanc chaud","p":2.99,"u":"Dont 0,19 € d'éco-part.","img":"https://fd5-photos.leclercdrive.fr/image.ashx?id=1505676&use=l&cat=p&typeid=i","cat":300573},{"id":91436,"n":"Ampoule Spot Foxter LED  GU5.3 8,2-50W dim blanc chaud","p":4.99,"u":"Dont 0,19 € d'éco-part.","img":"https://fd5-photos.leclercdrive.fr/image.ashx?id=2162528&use=l&cat=p&typeid=i","cat":300573},{"id":91482,"n":"Riz Comptoir du Grain Champignons 2 min - 250g","p":1.22,"u":"4,88 €/KG","img":"https://fd5-photos.leclercdrive.fr/image.ashx?id=2856561&use=l&cat=p&typeid=i","cat":287600},{"id":91485,"n":"Riz long Comptoir du Grain Express 2 min - 250g","p":0.99,"u":"3,96 €/KG","img":"https://fd5-photos.leclercdrive.fr/image.ashx?id=2441393&use=l&cat=p&typeid=i","cat":287600},{"id":91487,"n":"Bière Brewdog Elvis Juice  33cl","p":2.3,"u":"6,97 €/L","img":"https://fd5-photos.leclercdrive.fr/image.ashx?id=2941871&use=l&cat=p&typeid=i","cat":334872},{"id":91553,"n":"Quinoa Céréal Bio  Bio repas express 220g","p":2.07,"u":"9,41 €/KG","img":"https://fd5-photos.leclercdrive.fr/image.ashx?id=2575081&use=l&cat=p&typeid=i","cat":287600},{"id":91554,"n":"Blé Riz quinoa Céréal Bio  Bio repas express 220g","p":1.94,"u":"8,82 €/KG","img":"https://fd5-photos.leclercdrive.fr/image.ashx?id=2662844&use=l&cat=p&typeid=i","cat":287600},{"id":91603,"n":"Gel pur So Bio Etic Aloe Vera bio - 125ml","p":6.15,"u":"49,20 €/L","img":"https://fd5-photos.leclercdrive.fr/image.ashx?id=2802497&use=l&cat=p&typeid=i","cat":325345},{"id":91605,"n":"Soin nutritif So Bio Etic Aloe Vera bio - 50ml","p":7.56,"u":"151,20 €/L","img":"https://fd5-photos.leclercdrive.fr/image.ashx?id=2992128&use=l&cat=p&typeid=i","cat":325345},{"id":91647,"n":"Caviar Baeri Prince Soukhanoff Boîte de 10g","p":6.79,"u":"679,00 €/KG","img":"https://fd5-photos.leclercdrive.fr/image.ashx?id=2095896&use=l&cat=p&typeid=i","cat":285191},{"id":91768,"n":"Roquefort AOP Société Fromage de brebis - 100g","p":2.44,"u":"24,40 €/KG","img":"https://fd5-photos.leclercdrive.fr/image.ashx?id=2729701&use=l&cat=p&typeid=i","cat":314032},{"id":91805,"n":"petit suisse aux fruits danonino - 18x50g","p":3.44,"u":"3,82 €/KG","img":"https://fd5-photos.leclercdrive.fr/image.ashx?id=3003137&use=l&cat=p&typeid=i","cat":284414},{"id":91807,"n":"petit suisse aux fruits danonino - 12x50g","p":2.31,"u":"3,85 €/KG","img":"https://fd5-photos.leclercdrive.fr/image.ashx?id=3003140&use=l&cat=p&typeid=i","cat":284414},{"id":91813,"n":"Panés tomate mozza Végé - 2x90g","p":1.92,"u":"10,67 €/KG","img":"https://fd5-photos.leclercdrive.fr/image.ashx?id=2865275&use=l&cat=p&typeid=i","cat":316036},{"id":91842,"n":"Infusion Bio La Tisanière Nuit x20 - 30g","p":2.55,"u":"85,00 €/KG","img":"https://fd5-photos.leclercdrive.fr/image.ashx?id=2477051&use=l&cat=p&typeid=i","cat":293234},{"id":91892,"n":"Champignons en bocal Borde Pour poisson - 290g","p":9.99,"u":"34,45 €/KG","img":"https://fd5-photos.leclercdrive.fr/image.ashx?id=2731090&use=l&cat=p&typeid=i","cat":312610},{"id":91903,"n":"Biscuits Délichoc Chocolat noir - 3x150g","p":5.19,"u":"11,53 €/KG","img":"https://fd5-photos.leclercdrive.fr/image.ashx?id=2668332&use=l&cat=p&typeid=i","cat":284488},{"id":91971,"n":"Purée de fruits Charles & Alice Pomme - 6x100g","p":1.99,"u":"3,32 €/KG","img":"https://fd5-photos.leclercdrive.fr/image.ashx?id=2410064&use=l&cat=p&typeid=i","cat":284416},{"id":92027,"n":"Tablette chocolat au lait Lindt Caramel Pointe de sel - 100g","p":2.37,"u":"23,70 €/KG","img":"https://fd5-photos.leclercdrive.fr/image.ashx?id=2750384&use=l&cat=p&typeid=i","cat":284497},{"id":92073,"n":"Légumes pour Wok Bio Village Bio - 600g","p":2.99,"u":"4,98 €/KG","img":"https://fd5-photos.leclercdrive.fr/image.ashx?id=2898071&use=l&cat=p&typeid=i","cat":319823},{"id":92267,"n":"Soupe instantanée Royco  Indienne - 3x200ml","p":1.52,"u":"2,53 €/L","img":"https://fd5-photos.leclercdrive.fr/image.ashx?id=2650988&use=l&cat=p&typeid=i","cat":293527},{"id":92273,"n":"Soupe paysanne Knorr Lentilles/Lard fumé/Légumes -1L","p":3.09,"u":"3,09 €/L","img":"https://fd5-photos.leclercdrive.fr/image.ashx?id=2408255&use=l&cat=p&typeid=i","cat":284462},{"id":92342,"n":"AOP Bordeaux vin blanc Mouton Cadet - 75cl","p":5.59,"u":"7,45 €/L","img":"https://fd5-photos.leclercdrive.fr/image.ashx?id=2845985&use=l&cat=p&typeid=i","cat":289557},{"id":92436,"n":"Noix de Saint-Jacques ASC Ronde des Mers - 300g","p":8.7,"u":"29,00 €/KG","img":"https://fd5-photos.leclercdrive.fr/image.ashx?id=2835032&use=l&cat=p&typeid=i","cat":319787},{"id":92452,"n":"Tomates cerises bio Bio Village 250g","p":1.59,"u":"6,36 €/KG","img":"https://fd5-photos.leclercdrive.fr/image.ashx?id=2960544&use=l&cat=p&typeid=i","cat":284352},{"id":92514,"n":"Colin Alaska Meunière Findus MSC - 250g","p":3.45,"u":"13,80 €/KG","img":"https://fd5-photos.leclercdrive.fr/image.ashx?id=2653747&use=l&cat=p&typeid=i","cat":319788},{"id":92529,"n":"Échalotes traditionnelles bio  Bio Village - 250g","p":1.99,"u":"7,96 €/KG","img":"https://fd5-photos.leclercdrive.fr/image.ashx?id=2922454&use=l&cat=p&typeid=i","cat":284352},{"id":92597,"n":"Gel lavant doux bébé Klorane 500ml","p":6.89,"u":"13,78 €/L","img":"https://fd5-photos.leclercdrive.fr/image.ashx?id=2936857&use=l&cat=p&typeid=i","cat":290425},{"id":92601,"n":"Eau parfumée bébé Klorane Petit Brin sans alcool - 50ml","p":11.99,"u":"239,80 €/L","img":"https://fd5-photos.leclercdrive.fr/image.ashx?id=2377106&use=l&cat=p&typeid=i","cat":290425},{"id":92693,"n":"Gel douche Mixa Bébé  Très Doux Corps Cheveux - 750ml","p":6.64,"u":"8,85 €/L","img":"https://fd5-photos.leclercdrive.fr/image.ashx?id=2316210&use=l&cat=p&typeid=i","cat":284740},{"id":92712,"n":"Adhésif transparent Eco+ 19mmx25m - x5","p":0.49,"u":"0,10 €/P","img":"https://fd5-photos.leclercdrive.fr/image.ashx?id=2943127&use=l&cat=p&typeid=i","cat":334133},{"id":92761,"n":"Sacs poubelle 10L Eco+ Salle de bain - x30","p":1.08,"u":"0,04 €/P","img":"https://fd5-photos.leclercdrive.fr/image.ashx?id=2755052&use=l&cat=p&typeid=i","cat":285168},{"id":92780,"n":"Bière blonde Heineken 6x25cl","p":4.24,"u":"2,83 €/L","img":"https://fd5-photos.leclercdrive.fr/image.ashx?id=3011077&use=l&cat=p&typeid=i","cat":334873},{"id":92782,"n":"Thé glacé Fuze Tea Saveur pêche - 1.25L","p":1.48,"u":"1,18 €/L","img":"https://fd5-photos.leclercdrive.fr/image.ashx?id=2940390&use=l&cat=p&typeid=i","cat":295019},{"id":92808,"n":"Cantal AOP jeune  Au lait pasteurisé - 180g","p":2.5,"u":"13,89 €/KG","img":"https://fd5-photos.leclercdrive.fr/image.ashx?id=2862503&use=l&cat=p&typeid=i","cat":314034},{"id":92809,"n":"IGP Tomme des Pyrénées noire 180g","p":2.5,"u":"13,89 €/KG","img":"https://fd5-photos.leclercdrive.fr/image.ashx?id=2864594&use=l&cat=p&typeid=i","cat":329184},{"id":92811,"n":"Fourme d'Ambert AOP 190g","p":2.5,"u":"13,16 €/KG","img":"https://fd5-photos.leclercdrive.fr/image.ashx?id=2865185&use=l&cat=p&typeid=i","cat":314032},{"id":92816,"n":"Tablette lave-vaisselle Rainett Tout en 1 Citron Vert x30 -600g","p":5.86,"u":"9,77 €/KG","img":"https://fd5-photos.leclercdrive.fr/image.ashx?id=2506483&use=l&cat=p&typeid=i","cat":284656},{"id":92817,"n":"Fromage mixte vache / Brebis 150g","p":2.5,"u":"16,67 €/KG","img":"https://fd5-photos.leclercdrive.fr/image.ashx?id=2859461&use=l&cat=p&typeid=i","cat":314031},{"id":92818,"n":"Tablette lave-vaisselle Rainett Tout en 1 Bicarbonate x30 -600g","p":4.96,"u":"8,27 €/KG","img":"https://fd5-photos.leclercdrive.fr/image.ashx?id=2506477&use=l&cat=p&typeid=i","cat":284656},{"id":92823,"n":"Potage Bio petit pois courgette Brocoli - 98.5cl","p":4.99,"u":"5,07 €/L","img":"https://fd5-photos.leclercdrive.fr/image.ashx?id=2766412&use=l&cat=p&typeid=i","cat":287365},{"id":92832,"n":"Chips à l'ancienne Vico 6x30g","p":2.65,"u":"14,72 €/KG","img":"https://fd5-photos.leclercdrive.fr/image.ashx?id=2733931&use=l&cat=p&typeid=i","cat":284447},{"id":92834,"n":"Chips extra Vico 6x30g","p":1.88,"u":"10,44 €/KG","img":"https://fd5-photos.leclercdrive.fr/image.ashx?id=2917816&use=l&cat=p&typeid=i","cat":284447},{"id":92838,"n":"Vinaigre Rustica Au jus de citron - 75cl","p":1.35,"u":"1,80 €/L","img":"https://fd5-photos.leclercdrive.fr/image.ashx?id=1515723&use=l&cat=p&typeid=i","cat":298543},{"id":92841,"n":"Huile de tournesol Rustica 50cl","p":1.39,"u":"2,78 €/L","img":"https://fd5-photos.leclercdrive.fr/image.ashx?id=2900349&use=l&cat=p&typeid=i","cat":284453},{"id":92842,"n":"Mélange 4 huiles Rustica Végétales - 50cl","p":1.79,"u":"3,58 €/L","img":"https://fd5-photos.leclercdrive.fr/image.ashx?id=2508885&use=l&cat=p&typeid=i","cat":284453},{"id":92861,"n":"Crème Visage Jour FPS 15 Nivea Hydratante - 50ml","p":3.87,"u":"77,40 €/L","img":"https://fd5-photos.leclercdrive.fr/image.ashx?id=3015335&use=l&cat=p&typeid=i","cat":325345},{"id":93023,"n":"Bière blonde Heineken 12x25cl","p":7.52,"u":"2,51 €/L","img":"https://fd5-photos.leclercdrive.fr/image.ashx?id=3011080&use=l&cat=p&typeid=i","cat":334873},{"id":93029,"n":"Poireau bio Bio Village 750g","p":3.79,"u":"5,05 €/KG","img":"https://fd5-photos.leclercdrive.fr/image.ashx?id=2322956&use=l&cat=p&typeid=i","cat":284352},{"id":93030,"n":"Concombre Bio Bio Village x1","p":1.99,"img":"https://fd5-photos.leclercdrive.fr/image.ashx?id=2334257&use=l&cat=p&typeid=i","cat":284352},{"id":93032,"n":"Saucisson Justin Bridou Bâton de Berger Nature 250g","p":3.8,"u":"15,20 €/KG","img":"https://fd5-photos.leclercdrive.fr/image.ashx?id=2921313&use=l&cat=p&typeid=i","cat":316006},{"id":93033,"n":"Saucisson Fuet César Moroni  170g","p":2.94,"u":"17,29 €/KG","img":"https://fd5-photos.leclercdrive.fr/image.ashx?id=2916138&use=l&cat=p&typeid=i","cat":316006},{"id":93036,"n":"Rosette tranchée Cochonou  10 tranches - 93g","p":1.87,"u":"20,11 €/KG","img":"https://fd5-photos.leclercdrive.fr/image.ashx?id=2924107&use=l&cat=p&typeid=i","cat":316007},{"id":93037,"n":"Saucisson sec Tranché Cochonou 30 tranches - 93g","p":1.5,"u":"16,13 €/KG","img":"https://fd5-photos.leclercdrive.fr/image.ashx?id=2924104&use=l&cat=p&typeid=i","cat":316007},{"id":93041,"n":"Fromage Caprice Des Dieux 300g","p":3.59,"u":"11,97 €/KG","img":"https://fd5-photos.leclercdrive.fr/image.ashx?id=2763178&use=l&cat=p&typeid=i","cat":314033},{"id":93050,"n":"Poivron Bicolore bio Bio Village x2","p":2.79,"u":"1,40 €/P","img":"https://fd5-photos.leclercdrive.fr/image.ashx?id=2960541&use=l&cat=p&typeid=i","cat":284352},{"id":93071,"n":"Champignons de Paris blancs Bio Bio Village - 200g","p":2.39,"u":"11,95 €/KG","img":"https://fd5-photos.leclercdrive.fr/image.ashx?id=2960550&use=l&cat=p&typeid=i","cat":284352},{"id":93079,"n":"Bûche glacée L'Angelys Fruits rouges et exotiques - 500g","p":8.5,"u":"17,00 €/KG","img":"https://fd5-photos.leclercdrive.fr/image.ashx?id=2963664&use=l&cat=p&typeid=i","cat":284266},{"id":93091,"n":"Bûche glacée Eskiss Vanille Caramel Pécan - 534g","p":3.85,"u":"7,21 €/KG","img":"https://fd5-photos.leclercdrive.fr/image.ashx?id=2791329&use=l&cat=p&typeid=i","cat":284266},{"id":93108,"n":"Bière Desperados Pack de 12x33cl","p":14.43,"u":"3,64 €/L","img":"https://fd5-photos.leclercdrive.fr/image.ashx?id=2983123&use=l&cat=p&typeid=i","cat":334878},{"id":93109,"n":"Bière Desperados Pack de 6x33cl","p":7.49,"u":"3,78 €/L","img":"https://fd5-photos.leclercdrive.fr/image.ashx?id=2999865&use=l&cat=p&typeid=i","cat":334878},{"id":93111,"n":"Camembert Le Rustique  250g","p":2.24,"u":"8,96 €/KG","img":"https://fd5-photos.leclercdrive.fr/image.ashx?id=2979722&use=l&cat=p&typeid=i","cat":314033},{"id":93121,"n":"Escalope Cordon Bleu Père Dodu  Dinde x4 - 400g - Familial","p":3.93,"u":"9,83 €/KG","img":"https://fd5-photos.leclercdrive.fr/image.ashx?id=2957206&use=l&cat=p&typeid=i","cat":333683},{"id":93181,"n":"Pains Façon Bretzel x6 - 270g","p":1.55,"u":"5,74 €/KG","img":"https://fd5-photos.leclercdrive.fr/image.ashx?id=2867401&use=l&cat=p&typeid=i","cat":325069},{"id":93203,"n":"Lessive concentrée Epsil Pure fraîcheur x28 - 980ml","p":3.29,"u":"3,36 €/L","img":"https://fd5-photos.leclercdrive.fr/image.ashx?id=2450047&use=l&cat=p&typeid=i","cat":284640},{"id":93224,"n":"Rhum Neisson blanc 55%vol - 100cl","p":30.38,"u":"30,38 €/L","img":"https://fd5-photos.leclercdrive.fr/image.ashx?id=2021094&use=l&cat=p&typeid=i","cat":284550},{"id":93243,"n":"Dissolvant Inell Semi-permanent - 150ml","p":1.42,"u":"9,47 €/L","img":"https://fd5-photos.leclercdrive.fr/image.ashx?id=2691682&use=l&cat=p&typeid=i","cat":325347},{"id":93244,"n":"Sauce bolognaise Panzani 425g","p":1.82,"u":"4,28 €/KG","img":"https://fd5-photos.leclercdrive.fr/image.ashx?id=2989096&use=l&cat=p&typeid=i","cat":287599},{"id":93246,"n":"Assortiment Copains Copines Fraises bananes - 250g","p":1.19,"u":"4,76 €/KG","img":"https://fd5-photos.leclercdrive.fr/image.ashx?id=2934724&use=l&cat=p&typeid=i","cat":304250},{"id":93303,"n":"Arrangé Isautier Café vanille  40% vol - 50cl","p":14.91,"u":"29,82 €/L","img":"https://fd5-photos.leclercdrive.fr/image.ashx?id=2527937&use=l&cat=p&typeid=i","cat":284551},{"id":93305,"n":"Arrangé Isautier Gingembre Citron 40° - 50cl","p":14.35,"u":"28,70 €/L","img":"https://fd5-photos.leclercdrive.fr/image.ashx?id=2322193&use=l&cat=p&typeid=i","cat":284551},{"id":93318,"n":"Vin de France Pinot Noir Bouchard Ainé et Fils - 75cl","p":6.28,"u":"8,37 €/L","img":"https://fd5-photos.leclercdrive.fr/image.ashx?id=2916105&use=l&cat=p&typeid=i","cat":289556},{"id":93348,"n":"Assortiment 26%mg Les croisés 3 Variétés ss croûte - 700g","p":9.74,"u":"13,91 €/KG","img":"https://fd5-photos.leclercdrive.fr/image.ashx?id=2793269&use=l&cat=p&typeid=i","cat":314037},{"id":93401,"n":"Bière blonde pression Heineken Fût de 5L","p":17.87,"u":"3,57 €/L","img":"https://fd5-photos.leclercdrive.fr/image.ashx?id=2646194&use=l&cat=p&typeid=i","cat":334879},{"id":93416,"n":"Sucre Beghin Say Vergeoise blonde nature - 500g","p":1.21,"u":"2,42 €/KG","img":"https://fd5-photos.leclercdrive.fr/image.ashx?id=2860184&use=l&cat=p&typeid=i","cat":284502},{"id":93421,"n":"Muscat Valauria  15,5%vol - 75cl","p":5.53,"u":"7,37 €/L","img":"https://fd5-photos.leclercdrive.fr/image.ashx?id=2484230&use=l&cat=p&typeid=i","cat":284913},{"id":93541,"n":"Bethmale au lait cru 150g","p":2.5,"u":"16,67 €/KG","img":"https://fd5-photos.leclercdrive.fr/image.ashx?id=2859464&use=l&cat=p&typeid=i","cat":329184},{"id":93543,"n":"Emincés de jambon Saint-Azay 100g","p":1.93,"u":"19,30 €/KG","img":"https://fd5-photos.leclercdrive.fr/image.ashx?id=2381438&use=l&cat=p&typeid=i","cat":316011},{"id":93547,"n":"Long Nuggets Père Dodu  Poulet x8 - 200g","p":2.46,"u":"12,30 €/KG","img":"https://fd5-photos.leclercdrive.fr/image.ashx?id=2957188&use=l&cat=p&typeid=i","cat":333684},{"id":93599,"n":"Brosse a dent Oral-B Pro2000 - cross action black x1","p":55.0,"img":"https://fd5-photos.leclercdrive.fr/image.ashx?id=2205944&use=l&cat=p&typeid=i","cat":297133},{"id":93624,"n":"Papier toilette Mimosa Blanc 3 plis - x12","p":4.61,"u":"0,38 €/P","img":"https://fd5-photos.leclercdrive.fr/image.ashx?id=2777863&use=l&cat=p&typeid=i","cat":284634},{"id":93683,"n":"Noix st Jacques Ronde des mers Avec corail - 300g","p":12.89,"u":"42,97 €/KG","img":"https://fd5-photos.leclercdrive.fr/image.ashx?id=2632888&use=l&cat=p&typeid=i","cat":319787},{"id":93685,"n":"Noix St Jacques Ronde des mers Sans Corail - MSC - 300g","p":12.99,"u":"43,30 €/KG","img":"https://fd5-photos.leclercdrive.fr/image.ashx?id=2545930&use=l&cat=p&typeid=i","cat":319787},{"id":93689,"n":"Noix St Jacques Ronde des mers Sans Corail - MSC - 300g","p":14.99,"u":"49,97 €/KG","img":"https://fd5-photos.leclercdrive.fr/image.ashx?id=2632885&use=l&cat=p&typeid=i","cat":319787},{"id":93690,"n":"Nems à la Crevette et Crabe Tables du Monde x4 - 280g","p":2.04,"u":"7,29 €/KG","img":"https://fd5-photos.leclercdrive.fr/image.ashx?id=2967673&use=l&cat=p&typeid=i","cat":333673},{"id":93700,"n":"Tablette chocolat Côte d'Or Chocolat lait praliné - 200g","p":3.77,"u":"18,85 €/KG","img":"https://fd5-photos.leclercdrive.fr/image.ashx?id=2850222&use=l&cat=p&typeid=i","cat":284497},{"id":93728,"n":"Clémentine à déguster bio Bio Village Sachet 750g","p":2.99,"u":"3,99 €/KG","img":"https://fd5-photos.leclercdrive.fr/image.ashx?id=2801058&use=l&cat=p&typeid=i","cat":284356},{"id":93733,"n":"AOP Bordeaux Vin rouge Cuvée Hortense Prestige - 75cl","p":4.95,"u":"6,60 €/L","img":"https://fd5-photos.leclercdrive.fr/image.ashx?id=2292832&use=l&cat=p&typeid=i","cat":289556},{"id":93750,"n":"Ratatouille Cuisinée Cassegrain à la Provençale 380g","p":2.79,"u":"7,34 €/KG","img":"https://fd5-photos.leclercdrive.fr/image.ashx?id=2970831&use=l&cat=p&typeid=i","cat":312612},{"id":93785,"n":"Nettoyant pour vitres TECH9 500ml","p":2.9,"u":"5,80 €/L","img":"https://fd5-photos.leclercdrive.fr/image.ashx?id=2162447&use=l&cat=p&typeid=i","cat":298252},{"id":93788,"n":"Escalope Cordon Bleu Père Dodu  Poulet x2 - 200g","p":1.99,"u":"9,95 €/KG","img":"https://fd5-photos.leclercdrive.fr/image.ashx?id=2957170&use=l&cat=p&typeid=i","cat":333683},{"id":93842,"n":"Coton rectangle bébé Eco+ x200","p":3.99,"u":"0,02 €/P","img":"https://fd5-photos.leclercdrive.fr/image.ashx?id=2869760&use=l&cat=p&typeid=i","cat":284739},{"id":93854,"n":"Aubergines Cuisinées Cassegrain à la Provençale 375g","p":2.87,"u":"7,65 €/KG","img":"https://fd5-photos.leclercdrive.fr/image.ashx?id=2962086&use=l&cat=p&typeid=i","cat":312612},{"id":93857,"n":"Répare crevaison TECH9 500ml","p":6.9,"u":"13,80 €/L","img":"https://fd5-photos.leclercdrive.fr/image.ashx?id=2162489&use=l&cat=p&typeid=i","cat":298252},{"id":93860,"n":"Viande hachée bio- Bio Village  15%mg - 400g","p":8.15,"u":"20,38 €/KG","img":"https://fd5-photos.leclercdrive.fr/image.ashx?id=1659333&use=l&cat=p&typeid=i","cat":319779},{"id":94052,"n":"Haricot Vert Cassegrain Extra Fin Ceuillis main 220g","p":2.01,"u":"9,14 €/KG","img":"https://fd5-photos.leclercdrive.fr/image.ashx?id=2955321&use=l&cat=p&typeid=i","cat":312606},{"id":94164,"n":"Fromage Crèmeux Saint Albray  200g","p":2.87,"u":"14,35 €/KG","img":"https://fd5-photos.leclercdrive.fr/image.ashx?id=2731825&use=l&cat=p&typeid=i","cat":329558},{"id":94189,"n":"Sachet chat sénior Perfect Fit dinde poisson sauce - 4x85g","p":2.36,"u":"6,94 €/KG","img":"https://fd5-photos.leclercdrive.fr/image.ashx?id=2759730&use=l&cat=p&typeid=i","cat":285286},{"id":94210,"n":"Raclette piment Ermitage 200g","p":2.69,"u":"13,45 €/KG","img":"https://fd5-photos.leclercdrive.fr/image.ashx?id=2416697&use=l&cat=p&typeid=i","cat":314037},{"id":94213,"n":"Raclette 3 poivres Ermitage 200g","p":2.69,"u":"13,45 €/KG","img":"https://fd5-photos.leclercdrive.fr/image.ashx?id=2831915&use=l&cat=p&typeid=i","cat":314037},{"id":94216,"n":"Raclette à l'italienne Ermitage 200g","p":2.69,"u":"13,45 €/KG","img":"https://fd5-photos.leclercdrive.fr/image.ashx?id=2960819&use=l&cat=p&typeid=i","cat":314037},{"id":94258,"n":"Bière blonde Leffe 24x33cl","p":18.97,"u":"2,40 €/L","img":"https://fd5-photos.leclercdrive.fr/image.ashx?id=1928536&use=l&cat=p&typeid=i","cat":334852},{"id":94281,"n":"Rhum blanc Bologne 50%vol - 100cl","p":19.23,"u":"19,23 €/L","img":"https://fd5-photos.leclercdrive.fr/image.ashx?id=2876554&use=l&cat=p&typeid=i","cat":284550},{"id":94406,"n":"Yaourt Grec nature 4x150g Eleveurs des Hauts de France","p":1.99,"u":"3,32 €/KG","img":"https://fd5-photos.leclercdrive.fr/image.ashx?id=1672468&use=l&cat=p&typeid=i","cat":314999},{"id":94409,"n":"Liégeois chocolat 4x100g Eleveurs des Hauts de France","p":1.59,"u":"3,98 €/KG","img":"https://fd5-photos.leclercdrive.fr/image.ashx?id=1667698&use=l&cat=p&typeid=i","cat":285042},{"id":94410,"n":"Crème dessert vanille 4x125g Eleveurs des Hauts de France","p":1.25,"u":"2,50 €/KG","img":"https://fd5-photos.leclercdrive.fr/image.ashx?id=1667695&use=l&cat=p&typeid=i","cat":285041},{"id":94411,"n":"Crème dessert chocolat 4x125g Eleveurs des Hauts de France","p":1.25,"u":"2,50 €/KG","img":"https://fd5-photos.leclercdrive.fr/image.ashx?id=1667692&use=l&cat=p&typeid=i","cat":285041},{"id":94488,"n":"Olives Apéro Borges Farcies aux anchois - 150g","p":2.34,"u":"15,60 €/KG","img":"https://fd5-photos.leclercdrive.fr/image.ashx?id=2648896&use=l&cat=p&typeid=i","cat":284458},{"id":94489,"n":"Lames Wilkinson Quattro Titanium Sensitive - x4","p":8.96,"u":"2,24 €/P","img":"https://fd5-photos.leclercdrive.fr/image.ashx?id=2451405&use=l&cat=p&typeid=i","cat":284616},{"id":94643,"n":"Brassé végétal Andros Framboise - 400g","p":2.8,"u":"7,00 €/KG","img":"https://fd5-photos.leclercdrive.fr/image.ashx?id=2879089&use=l&cat=p&typeid=i","cat":316071},{"id":94654,"n":"Yaourt bifidus Activia Vanille - 16x125g","p":5.2,"u":"2,60 €/KG","img":"https://fd5-photos.leclercdrive.fr/image.ashx?id=2741775&use=l&cat=p&typeid=i","cat":315000},{"id":94697,"n":"Vinaigre ménager  5L","p":5.9,"u":"1,18 €/L","img":"https://fd5-photos.leclercdrive.fr/image.ashx?id=2277014&use=l&cat=p&typeid=i","cat":325365},{"id":94748,"n":"Tartines La Boulangère  Quinoa et graine Bio - 450g","p":2.98,"u":"6,62 €/KG","img":"https://fd5-photos.leclercdrive.fr/image.ashx?id=2912419&use=l&cat=p&typeid=i","cat":284477},{"id":94916,"n":"Matière grasse St Hubert Omega 3 - 52% MG - 750g","p":4.79,"u":"6,39 €/KG","img":"https://fd5-photos.leclercdrive.fr/image.ashx?id=2734078&use=l&cat=p&typeid=i","cat":315229},{"id":94999,"n":"12 Moules à croquer surgelées 180g","p":6.99,"u":"38,83 €/KG","img":"https://fd5-photos.leclercdrive.fr/image.ashx?id=2563559&use=l&cat=p&typeid=i","cat":319775},{"id":95001,"n":"Feuilletés apéritifs  Vitacuire 80 pièces - 900g","p":7.29,"u":"8,10 €/KG","img":"https://fd5-photos.leclercdrive.fr/image.ashx?id=1643630&use=l&cat=p&typeid=i","cat":319774},{"id":95008,"n":"Mini tablettes chocolat Milka Chocolat au lait - 8x25g","p":3.46,"u":"17,30 €/KG","img":"https://fd5-photos.leclercdrive.fr/image.ashx?id=2832419&use=l&cat=p&typeid=i","cat":284497},{"id":95069,"n":"Patchs purifiants Bioré Au charbon - x6","p":3.76,"u":"0,63 €/P","img":"https://fd5-photos.leclercdrive.fr/image.ashx?id=2986819&use=l&cat=p&typeid=i","cat":325346},{"id":95112,"n":"Bière Cervoise des Ancêtres BlondeTriple - 8.5% vol. - 75cl","p":4.35,"pp":2.87,"u":"3,83 €/L","img":"https://fd5-photos.leclercdrive.fr/image.ashx?id=2021244&use=l&cat=p&typeid=i","cat":334872},{"id":95507,"n":"Risotto au Poulet & Cèpes Fleury Michon 2+1offert - 840g","p":5.47,"u":"6,51 €/KG","img":"https://fd5-photos.leclercdrive.fr/image.ashx?id=2246818&use=l&cat=p&typeid=i","cat":333665},{"id":95524,"n":"Essuie-tout bobine Mimosa 500 feuilles","p":3.7,"img":"https://fd5-photos.leclercdrive.fr/image.ashx?id=1523297&use=l&cat=p&typeid=i","cat":284635},{"id":95534,"n":"Saumon fumé Ronde des Mers Ecosse x4T - 140g","p":4.99,"u":"35,64 €/KG","img":"https://fd5-photos.leclercdrive.fr/image.ashx?id=2450056&use=l&cat=p&typeid=i","cat":285188},{"id":95535,"n":"Saumon fumé ASC Ronde des Mers Norvège x4T - 140g","p":4.99,"u":"35,64 €/KG","img":"https://fd5-photos.leclercdrive.fr/image.ashx?id=2832999&use=l&cat=p&typeid=i","cat":285188},{"id":95545,"n":"Matière grasse St Hubert Omega 3 - 52% MG - 510g","p":3.49,"u":"6,84 €/KG","img":"https://fd5-photos.leclercdrive.fr/image.ashx?id=2734072&use=l&cat=p&typeid=i","cat":315229},{"id":95564,"n":"Crème fraîche légère Yoplait Fleurette 15% mg - 38cl","p":1.89,"u":"4,97 €/L","img":"https://fd5-photos.leclercdrive.fr/image.ashx?id=2733664&use=l&cat=p&typeid=i","cat":284381},{"id":95585,"n":"Déodorant bille bio SoBio Etic Peaux sensibles et épilées-50ml","p":5.11,"u":"102,20 €/L","img":"https://fd5-photos.leclercdrive.fr/image.ashx?id=2740124&use=l&cat=p&typeid=i","cat":284595},{"id":95623,"n":"AOP Champagne Brut Demoiselle Vranken - 75cl","p":27.85,"u":"37,13 €/L","img":"https://fd5-photos.leclercdrive.fr/image.ashx?id=2203988&use=l&cat=p&typeid=i","cat":284542},{"id":95704,"n":"Vinaigrette Puget Xeres ail basilic - 330 ml","p":2.04,"u":"6,18 €/L","img":"https://fd5-photos.leclercdrive.fr/image.ashx?id=2939541&use=l&cat=p&typeid=i","cat":284456},{"id":95739,"n":"Coq'ailes Maître Coq Barbecue - 250g","p":2.65,"u":"10,60 €/KG","img":"https://fd5-photos.leclercdrive.fr/image.ashx?id=2403384&use=l&cat=p&typeid=i","cat":333685},{"id":95811,"n":"Mascara Waterproof L'OréalParis Lash Paradise Noir","p":10.63,"img":"https://fd5-photos.leclercdrive.fr/image.ashx?id=2559589&use=l&cat=p&typeid=i","cat":287029},{"id":95815,"n":"Dessert végétal soja alpro Vanille - 500g","p":1.64,"u":"3,28 €/KG","img":"https://fd5-photos.leclercdrive.fr/image.ashx?id=2977672&use=l&cat=p&typeid=i","cat":316071},{"id":95817,"n":"Dessert végétal soja alpro Nature à l'amande - 500g","p":1.62,"u":"3,24 €/KG","img":"https://fd5-photos.leclercdrive.fr/image.ashx?id=2977684&use=l&cat=p&typeid=i","cat":316071},{"id":95821,"n":"24 Escargots de Bourgogne Label Rouge + 2 fourchettes","p":10.99,"u":"56,65 €/KG","img":"https://fd5-photos.leclercdrive.fr/image.ashx?id=2565152&use=l&cat=p&typeid=i","cat":319775},{"id":95840,"n":"Orange à déguster bio Bio Village Sachet x4","p":2.79,"u":"0,70 €/P","img":"https://fd5-photos.leclercdrive.fr/image.ashx?id=2801061&use=l&cat=p&typeid=i","cat":284356},{"id":95946,"n":"Pommes vertes Panier du Primeur Barquette x6","p":2.49,"u":"0,42 €/P","img":"https://fd5-photos.leclercdrive.fr/image.ashx?id=2338703&use=l&cat=p&typeid=i","cat":284356},{"id":95947,"n":"Pommes jaunes Panier du Primeur x6","p":2.49,"u":"0,42 €/P","img":"https://fd5-photos.leclercdrive.fr/image.ashx?id=2338700&use=l&cat=p&typeid=i","cat":284356},{"id":95973,"n":"Eau minérale naturelle Evian  6x1,5l","p":3.43,"u":"0,38 €/L","img":"https://fd5-photos.leclercdrive.fr/image.ashx?id=2967717&use=l&cat=p&typeid=i","cat":284535},{"id":95974,"n":"Bière blonde Bud 5% - 12x25cl","p":8.17,"u":"2,72 €/L","img":"https://fd5-photos.leclercdrive.fr/image.ashx?id=2995406&use=l&cat=p&typeid=i","cat":334873},{"id":95975,"n":"Liquide vaisselle Visior Pomme poire - 750ml","p":1.19,"u":"1,59 €/L","img":"https://fd5-photos.leclercdrive.fr/image.ashx?id=2872718&use=l&cat=p&typeid=i","cat":284655},{"id":95976,"n":"Liquide vaisselle Visior Fruit rouge & Fleur - 750ml","p":1.19,"u":"1,59 €/L","img":"https://fd5-photos.leclercdrive.fr/image.ashx?id=2724586&use=l&cat=p&typeid=i","cat":284655},{"id":96037,"n":"Bière blonde Triple Karmeliet Perfect Draft - Fût 6L","p":44.93,"u":"7,49 €/L","img":"https://fd5-photos.leclercdrive.fr/image.ashx?id=1537160&use=l&cat=p&typeid=i","cat":334879},{"id":96057,"n":"Café grains Méo Espresso - 1kg","p":15.25,"u":"15,25 €/KG","img":"https://fd5-photos.leclercdrive.fr/image.ashx?id=2593977&use=l&cat=p&typeid=i","cat":293237},{"id":96060,"n":"Chili con carné Bio Village Bio - 300g","p":3.49,"u":"11,63 €/KG","img":"https://fd5-photos.leclercdrive.fr/image.ashx?id=2437199&use=l&cat=p&typeid=i","cat":284953},{"id":96089,"n":"Gel douche Manava Citron basilic - 250ml","p":1.15,"u":"4,60 €/L","img":"https://fd5-photos.leclercdrive.fr/image.ashx?id=2626823&use=l&cat=p&typeid=i","cat":284594},{"id":96091,"n":"Gel douche Manava Concombre aloe vera - 250ml","p":1.18,"u":"4,72 €/L","img":"https://fd5-photos.leclercdrive.fr/image.ashx?id=2626826&use=l&cat=p&typeid=i","cat":284594},{"id":96094,"n":"Gel douche Manava Mangue Acai - 250ml","p":1.15,"u":"4,60 €/L","img":"https://fd5-photos.leclercdrive.fr/image.ashx?id=2805036&use=l&cat=p&typeid=i","cat":284594},{"id":96095,"n":"Gel douche Manava Envolée de pétales - 250ml","p":1.15,"u":"4,60 €/L","img":"https://fd5-photos.leclercdrive.fr/image.ashx?id=1980232&use=l&cat=p&typeid=i","cat":284594},{"id":96096,"n":"Gel douche Manava Crumble fruits rouges - 250ml","p":1.29,"u":"5,16 €/L","img":"https://fd5-photos.leclercdrive.fr/image.ashx?id=2486464&use=l&cat=p&typeid=i","cat":284594},{"id":96097,"n":"Gel douche Manava Noisettes caramel - 250ml","p":1.3,"u":"5,20 €/L","img":"https://fd5-photos.leclercdrive.fr/image.ashx?id=2805039&use=l&cat=p&typeid=i","cat":284594},{"id":96131,"n":"Soda Eco+ Gout orange - 1.5L","p":0.37,"u":"0,25 €/L","img":"https://fd5-photos.leclercdrive.fr/image.ashx?id=2741595&use=l&cat=p&typeid=i","cat":284532},{"id":96284,"n":"Pois chiches - 3x130g","p":1.65,"u":"4,23 €/KG","img":"https://fd5-photos.leclercdrive.fr/image.ashx?id=3002626&use=l&cat=p&typeid=i","cat":312609},{"id":96287,"n":"Café San Marco Grains n°7 - 500g","p":11.06,"u":"22,12 €/KG","img":"https://fd5-photos.leclercdrive.fr/image.ashx?id=2322163&use=l&cat=p&typeid=i","cat":293237},{"id":96288,"n":"Donuts noisette Curly  100g","p":1.08,"u":"10,80 €/KG","img":"https://fd5-photos.leclercdrive.fr/image.ashx?id=2859398&use=l&cat=p&typeid=i","cat":284449},{"id":96289,"n":"Biscuit apéritif ancel Sticks Bretzels Original - 300g","p":1.8,"u":"6,00 €/KG","img":"https://fd5-photos.leclercdrive.fr/image.ashx?id=2841196&use=l&cat=p&typeid=i","cat":297000},{"id":96752,"n":"Pointe d'asperge blanches Bocal - 2x135g","p":5.91,"u":"21,89 €/KG","img":"https://fd5-photos.leclercdrive.fr/image.ashx?id=1562128&use=l&cat=p&typeid=i","cat":312611},{"id":96777,"n":"Crème mains Inell Hydratante - 100ml","p":1.35,"u":"13,50 €/L","img":"https://fd5-photos.leclercdrive.fr/image.ashx?id=2515688&use=l&cat=p&typeid=i","cat":325354},{"id":96832,"n":"Mini viennoiseries Epi d'Or x12 - 372g","p":4.23,"u":"11,37 €/KG","img":"https://fd5-photos.leclercdrive.fr/image.ashx?id=1879302&use=l&cat=p&typeid=i","cat":288858},{"id":96937,"n":"Saumon fumé Eco+ Norvège - 200g","p":4.65,"u":"23,25 €/KG","img":"https://fd5-photos.leclercdrive.fr/image.ashx?id=2794823&use=l&cat=p&typeid=i","cat":285188},{"id":96970,"n":"Feuilletés Epinards Chèvre Côté Table - 2x150g","p":3.09,"u":"10,30 €/KG","img":"https://fd5-photos.leclercdrive.fr/image.ashx?id=2846523&use=l&cat=p&typeid=i","cat":333671},{"id":97033,"n":"Gel Bain douche Manava Fleur de cerisier - 500ml","p":1.88,"u":"3,76 €/L","img":"https://fd5-photos.leclercdrive.fr/image.ashx?id=2618356&use=l&cat=p&typeid=i","cat":284594},{"id":97059,"n":"Poulet au curry bio Bio Village Riz quinoa sarrasin - 300g","p":2.99,"u":"9,97 €/KG","img":"https://fd5-photos.leclercdrive.fr/image.ashx?id=2622028&use=l&cat=p&typeid=i","cat":284953},{"id":97124,"n":"Manchons de poulet Eco+ 250g","p":2.03,"u":"8,12 €/KG","img":"https://fd5-photos.leclercdrive.fr/image.ashx?id=2742676&use=l&cat=p&typeid=i","cat":333685},{"id":97662,"n":"Thé vert Twinings Menthe x25 - 38g","p":2.53,"u":"66,58 €/KG","img":"https://fd5-photos.leclercdrive.fr/image.ashx?id=2906763&use=l&cat=p&typeid=i","cat":293233},{"id":97671,"n":"Thé russian Earl Grey Twinings 150g","p":6.53,"u":"43,53 €/KG","img":"https://fd5-photos.leclercdrive.fr/image.ashx?id=2950729&use=l&cat=p&typeid=i","cat":293233},{"id":97677,"n":"Thé Twinings English breakfast x25 - 40g","p":2.74,"u":"68,50 €/KG","img":"https://fd5-photos.leclercdrive.fr/image.ashx?id=2893027&use=l&cat=p&typeid=i","cat":293233},{"id":97703,"n":"Capsules L'Origine du Goût El Salvador - x10 - 55g","p":2.59,"u":"47,09 €/KG","img":"https://fd5-photos.leclercdrive.fr/image.ashx?id=2869811&use=l&cat=p&typeid=i","cat":284749},{"id":97706,"n":"Capsules L'Origine du Goût Ethiopie - x10 - 55g","p":2.59,"u":"47,09 €/KG","img":"https://fd5-photos.leclercdrive.fr/image.ashx?id=2843051&use=l&cat=p&typeid=i","cat":284749},{"id":97707,"n":"Capsules L'Origine du Goût Malawi - x10 - 55g","p":2.59,"u":"47,09 €/KG","img":"https://fd5-photos.leclercdrive.fr/image.ashx?id=2869814&use=l&cat=p&typeid=i","cat":284749},{"id":97709,"n":"Capsules L'Origine du Goût Sigri - x10 - 55g","p":2.59,"u":"47,09 €/KG","img":"https://fd5-photos.leclercdrive.fr/image.ashx?id=2869817&use=l&cat=p&typeid=i","cat":284749},{"id":97938,"n":"Biscuits aux amandes Kambly Tradition Suisse Rocher - 2x80g","p":4.65,"u":"29,06 €/KG","img":"https://fd5-photos.leclercdrive.fr/image.ashx?id=2181029&use=l&cat=p&typeid=i","cat":284490},{"id":98098,"n":"Liquide vaisselle Visior Antiodeur - 500ml","p":0.64,"u":"1,28 €/L","img":"https://fd5-photos.leclercdrive.fr/image.ashx?id=2951122&use=l&cat=p&typeid=i","cat":284655},{"id":98145,"n":"Orange à jus bio Bio Village Sachet 1kg","p":2.89,"u":"2,89 €/KG","img":"https://fd5-photos.leclercdrive.fr/image.ashx?id=2566874&use=l&cat=p&typeid=i","cat":284356},{"id":98252,"n":"Liquide vaisselle Visior Antibactérien - 500ml","p":0.64,"u":"1,28 €/L","img":"https://fd5-photos.leclercdrive.fr/image.ashx?id=2951131&use=l&cat=p&typeid=i","cat":284655},{"id":98253,"n":"Liquide vaisselle Visior Désincrustant sel - 500ml","p":0.64,"u":"1,28 €/L","img":"https://fd5-photos.leclercdrive.fr/image.ashx?id=2951128&use=l&cat=p&typeid=i","cat":284655},{"id":98296,"n":"Semoule au lait Yabon  Nappage caramel - 4x125g","p":2.8,"u":"5,60 €/KG","img":"https://fd5-photos.leclercdrive.fr/image.ashx?id=2644289&use=l&cat=p&typeid=i","cat":284506},{"id":98373,"n":"Diffuseur mèche TECH9 Anti-tabac - 1 pièce","p":4.9,"img":"https://fd5-photos.leclercdrive.fr/image.ashx?id=1680457&use=l&cat=p&typeid=i","cat":298252},{"id":98389,"n":"Diffuseur membrane TECH9 Féminin vanille","p":3.3,"img":"https://fd5-photos.leclercdrive.fr/image.ashx?id=1544994&use=l&cat=p&typeid=i","cat":298252},{"id":98396,"n":"Désodorisant plaquette TECH9 Main oriental vanille","p":2.9,"img":"https://fd5-photos.leclercdrive.fr/image.ashx?id=1545015&use=l&cat=p&typeid=i","cat":298252},{"id":98417,"n":"Liquide vaisselle floral Visior 500ml","p":0.64,"u":"1,28 €/L","img":"https://fd5-photos.leclercdrive.fr/image.ashx?id=2951134&use=l&cat=p&typeid=i","cat":284655},{"id":98426,"n":"Spécial mie Epi d'Or Nature - 780g","p":2.14,"u":"2,74 €/KG","img":"https://fd5-photos.leclercdrive.fr/image.ashx?id=3012863&use=l&cat=p&typeid=i","cat":284477},{"id":98431,"n":"Lamelles de kebab France Kebab Poulet dinde - 750g","p":8.63,"u":"11,51 €/KG","img":"https://fd5-photos.leclercdrive.fr/image.ashx?id=2231876&use=l&cat=p&typeid=i","cat":null},{"id":98441,"n":"Merguez fine Socopa x10 - 230g","p":2.99,"u":"13,00 €/KG","img":"https://fd5-photos.leclercdrive.fr/image.ashx?id=2843935&use=l&cat=p&typeid=i","cat":284334},{"id":98443,"n":"Soda Coca-Cola Original Bouteille - Pack 6x1L","p":10.2,"u":"1,70 €/L","img":"https://fd5-photos.leclercdrive.fr/image.ashx?id=2830897&use=l&cat=p&typeid=i","cat":284530},{"id":98445,"n":"Burger du chef Socopa 440g","p":5.28,"u":"12,00 €/KG","img":"https://fd5-photos.leclercdrive.fr/image.ashx?id=2625145&use=l&cat=p&typeid=i","cat":284332},{"id":98499,"n":"Saumon fumé Petit Navire Ecosse - 4 tranches - 120g","p":6.7,"u":"55,83 €/KG","img":"https://fd5-photos.leclercdrive.fr/image.ashx?id=2950474&use=l&cat=p&typeid=i","cat":285188},{"id":98693,"n":"Masque Pieds Très Hydratant Huile de noix de coco - 1 paire","p":3.03,"img":"https://fd5-photos.leclercdrive.fr/image.ashx?id=3011011&use=l&cat=p&typeid=i","cat":325354},{"id":98725,"n":"Frixion-ball Pilot Vert - + Recharge + Fineliner","p":4.35,"img":"https://fd5-photos.leclercdrive.fr/image.ashx?id=2935975&use=l&cat=p&typeid=i","cat":284696},{"id":98807,"n":"Purée fruit bébé Blédina 6 mois Pomme cerise vanille - 4x100g","p":1.73,"u":"4,33 €/KG","img":"https://fd5-photos.leclercdrive.fr/image.ashx?id=2983024&use=l&cat=p&typeid=i","cat":312388},{"id":98809,"n":"Cornichons Maille Pasteurisés fin - 300g","p":3.09,"u":"10,30 €/KG","img":"https://fd5-photos.leclercdrive.fr/image.ashx?id=2082579&use=l&cat=p&typeid=i","cat":284458},{"id":98811,"n":"Comprimé antibactérien Polident x36","p":2.23,"u":"0,06 €/P","img":"https://fd5-photos.leclercdrive.fr/image.ashx?id=2303843&use=l&cat=p&typeid=i","cat":285158},{"id":98813,"n":"Dentifrice Parodontax Soin blancheur - 75ml","p":3.6,"u":"48,00 €/L","img":"https://fd5-photos.leclercdrive.fr/image.ashx?id=2606391&use=l&cat=p&typeid=i","cat":284612},{"id":98814,"n":"Dentifrice Parodontax Soin quotidien - 75ml","p":3.62,"u":"48,27 €/L","img":"https://fd5-photos.leclercdrive.fr/image.ashx?id=2606394&use=l&cat=p&typeid=i","cat":284612},{"id":98822,"n":"Purée fruit bébé Blédina 6 mois Pomme kiwi ananas - 4x100g","p":1.77,"u":"4,43 €/KG","img":"https://fd5-photos.leclercdrive.fr/image.ashx?id=2983030&use=l&cat=p&typeid=i","cat":312388},{"id":98831,"n":"Purée fruit bébé Blédina 6 mois Harmonie de fruits - 4x100g","p":1.74,"u":"4,35 €/KG","img":"https://fd5-photos.leclercdrive.fr/image.ashx?id=2983036&use=l&cat=p&typeid=i","cat":312388},{"id":98834,"n":"Purée fruit bébé Blédina 6 mois Pomme mangue passion - 4x100g","p":1.64,"u":"4,10 €/KG","img":"https://fd5-photos.leclercdrive.fr/image.ashx?id=2983039&use=l&cat=p&typeid=i","cat":312388},{"id":98875,"n":"Thé glacé Fuze Tea  Pêche Hibiscus - 1,25L","p":1.59,"u":"1,27 €/L","img":"https://fd5-photos.leclercdrive.fr/image.ashx?id=2940393&use=l&cat=p&typeid=i","cat":295019},{"id":98888,"n":"AOP Chablis blanc La Chablisienne - 75 cl","p":11.95,"u":"15,93 €/L","img":"https://fd5-photos.leclercdrive.fr/image.ashx?id=2107009&use=l&cat=p&typeid=i","cat":289557},{"id":98899,"n":"Pétillant Cava Revesco brut Espagne - 75cl","p":5.52,"u":"7,36 €/L","img":"https://fd5-photos.leclercdrive.fr/image.ashx?id=2019834&use=l&cat=p&typeid=i","cat":289461},{"id":98911,"n":"IGP Pays d'Oc rouge Roche Mazet Les Accords -75cl","p":3.7,"u":"4,93 €/L","img":"https://fd5-photos.leclercdrive.fr/image.ashx?id=2748284&use=l&cat=p&typeid=i","cat":289556},{"id":98912,"n":"IGP Pays d'Oc rosé Roche Mazet Les Accords -75cl","p":3.85,"u":"5,13 €/L","img":"https://fd5-photos.leclercdrive.fr/image.ashx?id=2748290&use=l&cat=p&typeid=i","cat":289558},{"id":98933,"n":"AOP Ecrasé de pdt Florette Beurre - 2x200g","p":2.47,"u":"6,18 €/KG","img":"https://fd5-photos.leclercdrive.fr/image.ashx?id=2767699&use=l&cat=p&typeid=i","cat":333665},{"id":98935,"n":"Dentifrice Blancheur Signal  Nature Elements Coco 2x75ml","p":3.95,"u":"26,33 €/L","img":"https://fd5-photos.leclercdrive.fr/image.ashx?id=2338654&use=l&cat=p&typeid=i","cat":284612},{"id":98946,"n":"AOC Muscadet Sèvre&Maine sur Lie blanc prestige - 75cl","p":3.3,"u":"4,40 €/L","img":"https://fd5-photos.leclercdrive.fr/image.ashx?id=1648198&use=l&cat=p&typeid=i","cat":289557},{"id":99188,"n":"Haricots blancs Gillet Mogettes - 395g","p":3.11,"u":"7,87 €/KG","img":"https://fd5-photos.leclercdrive.fr/image.ashx?id=1866769&use=l&cat=p&typeid=i","cat":312606},{"id":99192,"n":"Nouilles japonaises Tanoshi Saveur crevette Yosenabe -2x65g","p":2.95,"u":"22,69 €/KG","img":"https://fd5-photos.leclercdrive.fr/image.ashx?id=1627155&use=l&cat=p&typeid=i","cat":288992},{"id":99197,"n":"Sauce froide Suzi Wan Aigre douce Pimentée - 350g","p":2.29,"u":"6,54 €/KG","img":"https://fd5-photos.leclercdrive.fr/image.ashx?id=2429902&use=l&cat=p&typeid=i","cat":288992},{"id":99198,"n":"Nouilles japonaises Tanoshi Saveur porc Tonkotsu - 2x65g","p":2.95,"u":"22,69 €/KG","img":"https://fd5-photos.leclercdrive.fr/image.ashx?id=1627161&use=l&cat=p&typeid=i","cat":288992},{"id":99207,"n":"Lentilles vertes Lunor 300g","p":2.81,"u":"9,37 €/KG","img":"https://fd5-photos.leclercdrive.fr/image.ashx?id=2295373&use=l&cat=p&typeid=i","cat":284430},{"id":99216,"n":"Beurre Elle&Vire Condé sur Vire Doux - 82% MG - 250g","p":2.87,"u":"11,48 €/KG","img":"https://fd5-photos.leclercdrive.fr/image.ashx?id=2811131&use=l&cat=p&typeid=i","cat":284379},{"id":99329,"n":"Plateau Mandarin 430g","p":7.96,"u":"18,51 €/KG","img":"https://fd5-photos.leclercdrive.fr/image.ashx?id=2941682&use=l&cat=p&typeid=i","cat":333673},{"id":99330,"n":"Cocktail exotique  Délices d'Orient - 500g","p":6.9,"u":"13,80 €/KG","img":"https://fd5-photos.leclercdrive.fr/image.ashx?id=2962974&use=l&cat=p&typeid=i","cat":333673},{"id":99416,"n":"Gel corps et cheveux Love&Green Bio - 500ml","p":4.97,"u":"9,94 €/L","img":"https://fd5-photos.leclercdrive.fr/image.ashx?id=2735713&use=l&cat=p&typeid=i","cat":284741},{"id":99417,"n":"Lait nettoyant Love & Green Bio Sans parfum - 500ml","p":5.0,"u":"10,00 €/L","img":"https://fd5-photos.leclercdrive.fr/image.ashx?id=2696016&use=l&cat=p&typeid=i","cat":284741},{"id":99418,"n":"Eau nettoyante Love & Green Bio sans parfum - 500ml","p":6.67,"u":"13,34 €/L","img":"https://fd5-photos.leclercdrive.fr/image.ashx?id=2696019&use=l&cat=p&typeid=i","cat":284741},{"id":99508,"n":"Piles Duracell CR2032 Lithium 3V - x4","p":6.95,"u":"1,74 €/P","img":"https://fd5-photos.leclercdrive.fr/image.ashx?id=3003405&use=l&cat=p&typeid=i","cat":300572},{"id":99545,"n":"Mogettes bio Bio VIllage 215g","p":1.73,"u":"8,05 €/KG","img":"https://fd5-photos.leclercdrive.fr/image.ashx?id=3002680&use=l&cat=p&typeid=i","cat":312606},{"id":99553,"n":"Pois chiche Bio VIllage Bio - 215g","p":2.1,"u":"9,77 €/KG","img":"https://fd5-photos.leclercdrive.fr/image.ashx?id=3002683&use=l&cat=p&typeid=i","cat":312609},{"id":99555,"n":"Lentilles Bio Village Bio - 215g","p":2.04,"u":"9,49 €/KG","img":"https://fd5-photos.leclercdrive.fr/image.ashx?id=3002677&use=l&cat=p&typeid=i","cat":312609},{"id":99734,"n":"Capsules café L'Or Espresso Or Absolu N°9 x20","p":7.43,"u":"71,44 €/KG","img":"https://fd5-photos.leclercdrive.fr/image.ashx?id=2859971&use=l&cat=p&typeid=i","cat":284749},{"id":99762,"n":"Complément alimentaire Biosens Bio Perte de poids - 28g","p":6.22,"u":"222,14 €/KG","img":"https://fd5-photos.leclercdrive.fr/image.ashx?id=2190590&use=l&cat=p&typeid=i","cat":284632},{"id":99774,"n":"Biscuits sablés Granola Chocolat noir - 195g","p":1.68,"u":"8,62 €/KG","img":"https://fd5-photos.leclercdrive.fr/image.ashx?id=2982979&use=l&cat=p&typeid=i","cat":284488},{"id":99850,"n":"Mouliné légumes La Potagère De nos campagne - Bio - 2x30cl","p":2.54,"u":"4,23 €/L","img":"https://fd5-photos.leclercdrive.fr/image.ashx?id=2927402&use=l&cat=p&typeid=i","cat":284462},{"id":99880,"n":"Crème Visage Jour FPS 30 Nivea Anti-rides Cellular - 50ml","p":14.95,"u":"299,00 €/L","img":"https://fd5-photos.leclercdrive.fr/image.ashx?id=2298775&use=l&cat=p&typeid=i","cat":325345},{"id":99881,"n":"Soin jour hydratant Nivea Peau normale et mixte - 2x50ml","p":8.85,"u":"88,50 €/L","img":"https://fd5-photos.leclercdrive.fr/image.ashx?id=2315491&use=l&cat=p&typeid=i","cat":325345},{"id":99886,"n":"Soin jour nourrissant Nivea Peaux sèches/sensibles - 2x50ml","p":7.66,"u":"76,60 €/L","img":"https://fd5-photos.leclercdrive.fr/image.ashx?id=2289126&use=l&cat=p&typeid=i","cat":325345},{"id":99900,"n":"Soin amincissant Linéance Profiler nuit + - 180ml","p":11.5,"u":"63,89 €/L","img":"https://fd5-photos.leclercdrive.fr/image.ashx?id=1748813&use=l&cat=p&typeid=i","cat":325350},{"id":99905,"n":"Biscuits Petit Ecolier LU Chocolat blanc - 150g","p":1.73,"u":"11,53 €/KG","img":"https://fd5-photos.leclercdrive.fr/image.ashx?id=2346678&use=l&cat=p&typeid=i","cat":284488},{"id":99921,"n":"Shampooing Nateis Cheveux gris ou blancs - 250ml","p":1.4,"u":"5,60 €/L","img":"https://fd5-photos.leclercdrive.fr/image.ashx?id=2395820&use=l&cat=p&typeid=i","cat":284606},{"id":99922,"n":"Lait de douche Manava Framboise - 250ml","p":0.94,"u":"3,76 €/L","img":"https://fd5-photos.leclercdrive.fr/image.ashx?id=2618353&use=l&cat=p&typeid=i","cat":284594},{"id":99973,"n":"Biscuits petit déjeuner Belvita Moelleux fruits rouges - 250g","p":2.06,"u":"8,24 €/KG","img":"https://fd5-photos.leclercdrive.fr/image.ashx?id=3005329&use=l&cat=p&typeid=i","cat":284491},{"id":99975,"n":"Vodka Zubrowka Bison grass - 37.5%vol - 70cl","p":14.78,"u":"21,11 €/L","img":"https://fd5-photos.leclercdrive.fr/image.ashx?id=2879820&use=l&cat=p&typeid=i","cat":284550},{"id":99976,"n":"Biscuit petit déjeuner Belvita Brut - 600g","p":3.57,"u":"5,95 €/KG","img":"https://fd5-photos.leclercdrive.fr/image.ashx?id=2112935&use=l&cat=p&typeid=i","cat":285281},{"id":100211,"n":"Purée de fruits Charles & Alice Pomme Pêche - 6x100g","p":2.2,"u":"3,67 €/KG","img":"https://fd5-photos.leclercdrive.fr/image.ashx?id=2637126&use=l&cat=p&typeid=i","cat":284416},{"id":100250,"n":"Yaourt nature sucré Kit-Kat Billes chocolat - 4x115g","p":2.93,"u":"6,37 €/KG","img":"https://fd5-photos.leclercdrive.fr/image.ashx?id=2875954&use=l&cat=p&typeid=i","cat":284414},{"id":100334,"n":"Gel bain douche Manava Coton macadamia - 500ml","p":1.88,"u":"3,76 €/L","img":"https://fd5-photos.leclercdrive.fr/image.ashx?id=1644734&use=l&cat=p&typeid=i","cat":284594},{"id":100349,"n":"Bain de bouche Parodontax Menthe douce - 500ml","p":5.06,"u":"10,12 €/L","img":"https://fd5-photos.leclercdrive.fr/image.ashx?id=2485982&use=l&cat=p&typeid=i","cat":284613},{"id":100356,"n":"Crayon Yeux Maybelline Effet Tatouage 900 Deep Onyx","p":6.92,"img":"https://fd5-photos.leclercdrive.fr/image.ashx?id=2904865&use=l&cat=p&typeid=i","cat":287029},{"id":100589,"n":"Gateaux au yaourt P'tit Déli Talonne chocolat - 210g","p":2.49,"u":"11,86 €/KG","img":"https://fd5-photos.leclercdrive.fr/image.ashx?id=1981526&use=l&cat=p&typeid=i","cat":294776},{"id":100594,"n":"Petit pois carotte Bio Village Bio - 215g","p":1.63,"u":"7,58 €/KG","img":"https://fd5-photos.leclercdrive.fr/image.ashx?id=3002692&use=l&cat=p&typeid=i","cat":312607},{"id":100604,"n":"Pur jus Bio Village Pomme mangue Bio - 1L","p":3.75,"u":"3,75 €/L","img":"https://fd5-photos.leclercdrive.fr/image.ashx?id=2901551&use=l&cat=p&typeid=i","cat":284917},{"id":100618,"n":"Pur jus Bio Village Bio Pomme poire - 1L","p":4.17,"u":"4,17 €/L","img":"https://fd5-photos.leclercdrive.fr/image.ashx?id=2901554&use=l&cat=p&typeid=i","cat":284522},{"id":100670,"n":"Nectar Cidou Pomme douce - 1.75L","p":1.95,"u":"1,11 €/L","img":"https://fd5-photos.leclercdrive.fr/image.ashx?id=2342505&use=l&cat=p&typeid=i","cat":284522},{"id":100673,"n":"Soda Coca-Cola sans sucres Bouteilles - 6x1L","p":7.45,"u":"1,24 €/L","img":"https://fd5-photos.leclercdrive.fr/image.ashx?id=2178352&use=l&cat=p&typeid=i","cat":284530},{"id":100705,"n":"Tartine Petit dejeuner Jacquet 410g","p":1.43,"u":"3,49 €/KG","img":"https://fd5-photos.leclercdrive.fr/image.ashx?id=2991855&use=l&cat=p&typeid=i","cat":284477},{"id":100790,"n":"Kit fajitas Old El Paso tomates poivrons - 500g","p":5.14,"u":"10,28 €/KG","img":"https://fd5-photos.leclercdrive.fr/image.ashx?id=2764628&use=l&cat=p&typeid=i","cat":288993},{"id":100792,"n":"Wraps Old El Paso de blé complet x6 - 350g","p":2.73,"u":"7,80 €/KG","img":"https://fd5-photos.leclercdrive.fr/image.ashx?id=2940573&use=l&cat=p&typeid=i","cat":288993},{"id":100979,"n":"Chocolat au lait Lindt Création Le Rocher lait - 150g","p":3.01,"u":"20,07 €/KG","img":"https://fd5-photos.leclercdrive.fr/image.ashx?id=2685805&use=l&cat=p&typeid=i","cat":284497},{"id":100981,"n":"Courgettes Cuisinées Cassegrain à la Provençale 375g","p":2.89,"u":"7,71 €/KG","img":"https://fd5-photos.leclercdrive.fr/image.ashx?id=2977951&use=l&cat=p&typeid=i","cat":312612},{"id":100989,"n":"Céréales Trésor de Kellogg's Choco Roulette - 620g","p":4.43,"u":"7,15 €/KG","img":"https://fd5-photos.leclercdrive.fr/image.ashx?id=2598337&use=l&cat=p&typeid=i","cat":309513},{"id":100991,"n":"Céréales Trésor de Kellogg's Chocolat Noisettes - 410g","p":2.88,"u":"7,02 €/KG","img":"https://fd5-photos.leclercdrive.fr/image.ashx?id=2584238&use=l&cat=p&typeid=i","cat":309513},{"id":101047,"n":"Croquettes chat Ultima  Nature Poulet - 1.25kg","p":6.83,"u":"5,46 €/KG","img":"https://fd5-photos.leclercdrive.fr/image.ashx?id=2569959&use=l&cat=p&typeid=i","cat":284680},{"id":101050,"n":"Croquette chat stérilisé Ultima  Nature - Saumon - 1.25kg","p":7.13,"u":"5,70 €/KG","img":"https://fd5-photos.leclercdrive.fr/image.ashx?id=2569962&use=l&cat=p&typeid=i","cat":284680},{"id":101056,"n":"Adoucissant concentré Hyperdou Rosée du matin - 750ml","p":1.99,"u":"2,65 €/L","img":"https://fd5-photos.leclercdrive.fr/image.ashx?id=2602910&use=l&cat=p&typeid=i","cat":284650},{"id":101058,"n":"Adoucissant concentré Hyperdou Passion tropicale - 750ml","p":1.99,"u":"2,65 €/L","img":"https://fd5-photos.leclercdrive.fr/image.ashx?id=2683565&use=l&cat=p&typeid=i","cat":284650},{"id":101080,"n":"Pot crème glacée Ben& Jerry's Cookie/Brownie 4 x 100ml","p":6.43,"u":"16,08 €/L","img":"https://fd5-photos.leclercdrive.fr/image.ashx?id=2657012&use=l&cat=p&typeid=i","cat":284725},{"id":101115,"n":"Céréales Trésor de Kellogg's Chocolat au Lait - 410g","p":2.87,"u":"7,00 €/KG","img":"https://fd5-photos.leclercdrive.fr/image.ashx?id=2584241&use=l&cat=p&typeid=i","cat":309513},{"id":101117,"n":"Champagne Heidsieck&co Monopole Classic - brut - 75cl","p":24.3,"u":"32,40 €/L","img":"https://fd5-photos.leclercdrive.fr/image.ashx?id=2438597&use=l&cat=p&typeid=i","cat":284542},{"id":101126,"n":"Bière blonde Grimbergen Pale Ale 5,5° - 6x25cl","p":5.83,"u":"3,89 €/L","img":"https://fd5-photos.leclercdrive.fr/image.ashx?id=2312801&use=l&cat=p&typeid=i","cat":334852},{"id":101231,"n":"Le Gourmand Garden Gourmet Soja, Poivre et Persil 160g","p":2.53,"u":"15,81 €/KG","img":"https://fd5-photos.leclercdrive.fr/image.ashx?id=2988683&use=l&cat=p&typeid=i","cat":316036},{"id":101264,"n":"Jus d'orange sanguine Andros 1L","p":3.55,"u":"3,55 €/L","img":"https://fd5-photos.leclercdrive.fr/image.ashx?id=2882635&use=l&cat=p&typeid=i","cat":285435},{"id":101288,"n":"Mousse végétal Andros Chocolat - 4x55g","p":2.91,"u":"13,23 €/KG","img":"https://fd5-photos.leclercdrive.fr/image.ashx?id=2963433&use=l&cat=p&typeid=i","cat":316071},{"id":101290,"n":"Compotée Bonne Maman Fraise/Famboise/Sureau - 260g","p":2.4,"u":"9,23 €/KG","img":"https://fd5-photos.leclercdrive.fr/image.ashx?id=2874033&use=l&cat=p&typeid=i","cat":284416},{"id":101314,"n":"Serviettes kraft Homeside 12x12cm - x50","p":1.99,"u":"0,04 €/P","img":"https://fd5-photos.leclercdrive.fr/image.ashx?id=2411674&use=l&cat=p&typeid=i","cat":334134},{"id":101324,"n":"Assiettes plates kraft Homeside 23cm - x50","p":3.64,"u":"0,07 €/P","img":"https://fd5-photos.leclercdrive.fr/image.ashx?id=1660519&use=l&cat=p&typeid=i","cat":334134},{"id":101348,"n":"Barres Chocolatées KINDER BUENO  Chocolat au Lait x12 - 516g","p":8.35,"u":"16,18 €/KG","img":"https://fd5-photos.leclercdrive.fr/image.ashx?id=2402946&use=l&cat=p&typeid=i","cat":284498},{"id":101349,"n":"Crème dessert Danette Vanille - 6x125g","p":1.93,"u":"2,57 €/KG","img":"https://fd5-photos.leclercdrive.fr/image.ashx?id=2923498&use=l&cat=p&typeid=i","cat":285041},{"id":101350,"n":"liégeois vanille danette - 4x100g","p":1.35,"u":"3,38 €/KG","img":"https://fd5-photos.leclercdrive.fr/image.ashx?id=2907848&use=l&cat=p&typeid=i","cat":285042},{"id":101374,"n":"Scotch Whisky William Peel 40% Vol - 50cl","p":10.53,"u":"21,06 €/L","img":"https://fd5-photos.leclercdrive.fr/image.ashx?id=2559214&use=l&cat=p&typeid=i","cat":284547},{"id":101416,"n":"Fourchettes en bois Homeside x20","p":1.38,"u":"0,07 €/P","img":"https://fd5-photos.leclercdrive.fr/image.ashx?id=1663733&use=l&cat=p&typeid=i","cat":334134},{"id":101418,"n":"Cuillères en bois Homeside x20","p":1.38,"u":"0,07 €/P","img":"https://fd5-photos.leclercdrive.fr/image.ashx?id=1663730&use=l&cat=p&typeid=i","cat":334134},{"id":101456,"n":"Barres Chocolatées KINDER Maxi Chocolat au Lait x18 - 378g","p":5.33,"u":"14,10 €/KG","img":"https://fd5-photos.leclercdrive.fr/image.ashx?id=2673854&use=l&cat=p&typeid=i","cat":284498},{"id":101473,"n":"Petit Pois, Carotte Cassegrain Tendre et Fondant 265g","p":1.72,"u":"6,49 €/KG","img":"https://fd5-photos.leclercdrive.fr/image.ashx?id=2951692&use=l&cat=p&typeid=i","cat":312607},{"id":101478,"n":"Petit Chinois La fournée Dorée Crème patissière - x6 - 300g","p":1.98,"u":"6,60 €/KG","img":"https://fd5-photos.leclercdrive.fr/image.ashx?id=2964492&use=l&cat=p&typeid=i","cat":296366},{"id":101480,"n":"Filets de thon Saupiquet Au citron - 115g","p":2.2,"u":"19,13 €/KG","img":"https://fd5-photos.leclercdrive.fr/image.ashx?id=2846370&use=l&cat=p&typeid=i","cat":303867},{"id":101483,"n":"Tablette chocolat Côte d'Or Chocolat noir 70% - 100g","p":1.77,"u":"17,70 €/KG","img":"https://fd5-photos.leclercdrive.fr/image.ashx?id=2985591&use=l&cat=p&typeid=i","cat":284956},{"id":101506,"n":"Boisson Cranberry  Bio Village   Bio - 1L","p":3.55,"u":"3,55 €/L","img":"https://fd5-photos.leclercdrive.fr/image.ashx?id=2958774&use=l&cat=p&typeid=i","cat":284915},{"id":101541,"n":"Beurre moulé baratte 1/2 sel - 80% MG - 250g","p":2.89,"u":"11,56 €/KG","img":"https://fd5-photos.leclercdrive.fr/image.ashx?id=1913400&use=l&cat=p&typeid=i","cat":284379},{"id":101599,"n":"Crayons de couleur  Bic Intensity - x12","p":3.55,"u":"0,30 €/P","img":"https://fd5-photos.leclercdrive.fr/image.ashx?id=2177755&use=l&cat=p&typeid=i","cat":284696},{"id":101629,"n":"Pur jus clémentine Bio Village Bio - 1L","p":2.99,"u":"2,99 €/L","img":"https://fd5-photos.leclercdrive.fr/image.ashx?id=2901548&use=l&cat=p&typeid=i","cat":284915},{"id":101688,"n":"Gel concentré vaisselle UniVert Citron - 685ml","p":5.13,"u":"7,49 €/L","img":"https://fd5-photos.leclercdrive.fr/image.ashx?id=2598003&use=l&cat=p&typeid=i","cat":284655},{"id":101695,"n":"crème dessert chocolat danette - 8x125g","p":2.69,"u":"2,69 €/KG","img":"https://fd5-photos.leclercdrive.fr/image.ashx?id=2949841&use=l&cat=p&typeid=i","cat":285041},{"id":101697,"n":"crème dessert chocolat noisette danette - 4x125g","p":1.57,"u":"3,14 €/KG","img":"https://fd5-photos.leclercdrive.fr/image.ashx?id=2902630&use=l&cat=p&typeid=i","cat":285041},{"id":101699,"n":"crème dessert pistache danette - 4x125g","p":1.7,"u":"3,40 €/KG","img":"https://fd5-photos.leclercdrive.fr/image.ashx?id=1984885&use=l&cat=p&typeid=i","cat":285041},{"id":101701,"n":"crème dessert chocolat caramel vanille danette - 12x115g","p":3.41,"u":"2,47 €/KG","img":"https://fd5-photos.leclercdrive.fr/image.ashx?id=2949844&use=l&cat=p&typeid=i","cat":285041},{"id":101702,"n":"Crème dessert Danette Caramel - 6x125g","p":2.49,"u":"3,32 €/KG","img":"https://fd5-photos.leclercdrive.fr/image.ashx?id=2915398&use=l&cat=p&typeid=i","cat":285041},{"id":101708,"n":"liégeois chocolat danette - 8x100g","p":2.67,"u":"3,34 €/KG","img":"https://fd5-photos.leclercdrive.fr/image.ashx?id=1984897&use=l&cat=p&typeid=i","cat":285042},{"id":101709,"n":"liégeois chocolat vanille danette - 8x100g","p":2.61,"u":"3,26 €/KG","img":"https://fd5-photos.leclercdrive.fr/image.ashx?id=2926245&use=l&cat=p&typeid=i","cat":285042},{"id":101710,"n":"crème dessert chocolat noir danette - 4x125g","p":1.47,"u":"2,94 €/KG","img":"https://fd5-photos.leclercdrive.fr/image.ashx?id=2927294&use=l&cat=p&typeid=i","cat":285041},{"id":101712,"n":"crème dessert 3 chocolats danette - 12x115g","p":3.72,"u":"2,70 €/KG","img":"https://fd5-photos.leclercdrive.fr/image.ashx?id=2949847&use=l&cat=p&typeid=i","cat":285041},{"id":101715,"n":"Petit beurre Michel et Augustin Comté poivre noir - 100g","p":2.65,"u":"26,50 €/KG","img":"https://fd5-photos.leclercdrive.fr/image.ashx?id=2108975&use=l&cat=p&typeid=i","cat":297000},{"id":101722,"n":"Sablé cantal Michel et Augustin Noix de muscade - 100g","p":2.57,"u":"25,70 €/KG","img":"https://fd5-photos.leclercdrive.fr/image.ashx?id=2108993&use=l&cat=p&typeid=i","cat":297000},{"id":101723,"n":"Petit beurre Michel et Augustin Chèvre AOP sarriete - 100g","p":2.31,"u":"23,10 €/KG","img":"https://fd5-photos.leclercdrive.fr/image.ashx?id=2108996&use=l&cat=p&typeid=i","cat":297000},{"id":101742,"n":"Cookies Michel et Augustin Coeur Choco Pécan caramel-180g","p":3.67,"u":"20,39 €/KG","img":"https://fd5-photos.leclercdrive.fr/image.ashx?id=2538908&use=l&cat=p&typeid=i","cat":325066},{"id":101760,"n":"Crevettes entières ASC Eco+ 400g","p":5.97,"u":"14,93 €/KG","img":"https://fd5-photos.leclercdrive.fr/image.ashx?id=2081633&use=l&cat=p&typeid=i","cat":319787},{"id":101762,"n":"Noix de St Jacques Eco+ Sans corail - MSC - 300g","p":6.85,"u":"22,83 €/KG","img":"https://fd5-photos.leclercdrive.fr/image.ashx?id=2790868&use=l&cat=p&typeid=i","cat":319787},{"id":101782,"n":"Crayon de couleur triangulaire Bic Intensity - x24","p":6.69,"img":"https://fd5-photos.leclercdrive.fr/image.ashx?id=2376509&use=l&cat=p&typeid=i","cat":284696},{"id":101833,"n":"Gel lavage Visior Concentré - 900ml","p":5.56,"u":"6,18 €/L","img":"https://fd5-photos.leclercdrive.fr/image.ashx?id=2939082&use=l&cat=p&typeid=i","cat":284657},{"id":101850,"n":"Litière agglomérante Catsan  Active fresh pour chat - 5L","p":6.16,"u":"1,23 €/L","img":"https://fd5-photos.leclercdrive.fr/image.ashx?id=2681928&use=l&cat=p&typeid=i","cat":284683},{"id":102006,"n":"Gel bain douche Manava Pamplemousse raisin blanc-500ml","p":2.37,"u":"4,74 €/L","img":"https://fd5-photos.leclercdrive.fr/image.ashx?id=2652870&use=l&cat=p&typeid=i","cat":284594},{"id":102007,"n":"Gel douche Manava Gommant - 250ml","p":1.3,"u":"5,20 €/L","img":"https://fd5-photos.leclercdrive.fr/image.ashx?id=2805042&use=l&cat=p&typeid=i","cat":284594},{"id":102008,"n":"Gel douche Manava Sans savon - 500ml","p":1.82,"u":"3,64 €/L","img":"https://fd5-photos.leclercdrive.fr/image.ashx?id=2741303&use=l&cat=p&typeid=i","cat":284594},{"id":102011,"n":"Crème désaltérante jour So Bio  Aloe Vera bio  - 50ml","p":8.73,"u":"174,60 €/L","img":"https://fd5-photos.leclercdrive.fr/image.ashx?id=2644223&use=l&cat=p&typeid=i","cat":325345},{"id":102012,"n":"Déodorant bille bio So Bio Etic Tous types de peau - 50ml","p":5.49,"u":"109,80 €/L","img":"https://fd5-photos.leclercdrive.fr/image.ashx?id=2986606&use=l&cat=p&typeid=i","cat":284595},{"id":102077,"n":"Champignons de Paris bruns bio Bio Village - Barquette 200g","p":2.49,"u":"12,45 €/KG","img":"https://fd5-photos.leclercdrive.fr/image.ashx?id=2960559&use=l&cat=p&typeid=i","cat":284352},{"id":102110,"n":"Eau Aromatisée Vittel Aro bio Citron - 4x50cl","p":2.9,"u":"1,45 €/L","img":"https://fd5-photos.leclercdrive.fr/image.ashx?id=2764610&use=l&cat=p&typeid=i","cat":284537},{"id":102374,"n":"Bière sans alcool Tourtel Twist Cerise 0,0° - 6x27,5cl","p":4.77,"u":"2,89 €/L","img":"https://fd5-photos.leclercdrive.fr/image.ashx?id=2688803&use=l&cat=p&typeid=i","cat":334877},{"id":102412,"n":"Kidibul Pomme  75cl","p":2.89,"pp":1.91,"u":"2,55 €/L","img":"https://fd5-photos.leclercdrive.fr/image.ashx?id=2766066&use=l&cat=p&typeid=i","cat":289460},{"id":102480,"n":"Petits Suisses Gervais 9,5%MG - 12x60g","p":2.42,"u":"3,36 €/KG","img":"https://fd5-photos.leclercdrive.fr/image.ashx?id=2230381&use=l&cat=p&typeid=i","cat":284409},{"id":102665,"n":"AOC Crémant Bordeaux Jaillance Brut - 75cl","p":6.65,"u":"8,87 €/L","img":"https://fd5-photos.leclercdrive.fr/image.ashx?id=2868437&use=l&cat=p&typeid=i","cat":284545},{"id":102669,"n":"Capsules café L'Or Espresso Or Rose N°7 x10","p":3.23,"u":"62,12 €/KG","img":"https://fd5-photos.leclercdrive.fr/image.ashx?id=2100290&use=l&cat=p&typeid=i","cat":284749},{"id":102678,"n":"Friandises chien Pedigree  Ranchos original poulet - 70g","p":2.43,"u":"34,71 €/KG","img":"https://fd5-photos.leclercdrive.fr/image.ashx?id=2897282&use=l&cat=p&typeid=i","cat":294527},{"id":102695,"n":"Friandises chien Pedigree Ranchos original bœuf - 70g","p":2.43,"u":"34,71 €/KG","img":"https://fd5-photos.leclercdrive.fr/image.ashx?id=2897279&use=l&cat=p&typeid=i","cat":294527},{"id":102696,"n":"AOC Crémant de Bordeaux Jaillance - 75cl","p":6.63,"u":"8,84 €/L","img":"https://fd5-photos.leclercdrive.fr/image.ashx?id=2894890&use=l&cat=p&typeid=i","cat":284545},{"id":102699,"n":"Billes chocolatées Lindt Crispy céréales soufflées - 140g","p":2.67,"u":"19,07 €/KG","img":"https://fd5-photos.leclercdrive.fr/image.ashx?id=2425083&use=l&cat=p&typeid=i","cat":304238},{"id":102819,"n":"Panaché Falsbourg Grenadine <0,5% - 20x25cl","p":5.99,"u":"1,20 €/L","img":"https://fd5-photos.leclercdrive.fr/image.ashx?id=2637964&use=l&cat=p&typeid=i","cat":334877},{"id":103027,"n":"AOC Bordeaux Supérieur rouge Haussmann Baron Eugène - 75cl","p":5.1,"pp":3.57,"u":"4,76 €/L","img":"https://fd5-photos.leclercdrive.fr/image.ashx?id=1663474&use=l&cat=p&typeid=i","cat":289556},{"id":103030,"n":"World Mix Haribo Boîte bonbons - 750g","p":6.43,"u":"8,57 €/KG","img":"https://fd5-photos.leclercdrive.fr/image.ashx?id=2984913&use=l&cat=p&typeid=i","cat":304250},{"id":103032,"n":"Baguette viennoise  La Boulangère - x6 - 510g","p":2.3,"pp":1.61,"u":"3,16 €/KG","img":"https://fd5-photos.leclercdrive.fr/image.ashx?id=2912413&use=l&cat=p&typeid=i","cat":284985},{"id":103036,"n":"Pâte brisée Marie Pur beurre - 230g","p":1.27,"u":"5,52 €/KG","img":"https://fd5-photos.leclercdrive.fr/image.ashx?id=2318540&use=l&cat=p&typeid=i","cat":333681},{"id":103047,"n":"Nutella Biscuit pâte à tartiner Cacao Noisettes - 304g","p":3.01,"u":"9,90 €/KG","img":"https://fd5-photos.leclercdrive.fr/image.ashx?id=2896432&use=l&cat=p&typeid=i","cat":284488},{"id":103063,"n":"Paille Pik Haribo Sachet bonbons acidulés - 180g","p":1.84,"u":"10,22 €/KG","img":"https://fd5-photos.leclercdrive.fr/image.ashx?id=2984922&use=l&cat=p&typeid=i","cat":304250},{"id":103094,"n":"Crème légère semi épaisse  Bridélice 18%mg - 2x25cl","p":2.67,"u":"5,34 €/L","img":"https://fd5-photos.leclercdrive.fr/image.ashx?id=2806156&use=l&cat=p&typeid=i","cat":284381},{"id":103101,"n":"Crevettes d'équateur cuitEscal Cuites - ASC - 300g","p":9.94,"u":"33,13 €/KG","img":"https://fd5-photos.leclercdrive.fr/image.ashx?id=2411752&use=l&cat=p&typeid=i","cat":319787},{"id":103149,"n":"Bananes françaises 5 fruits","p":2.45,"img":"https://fd5-photos.leclercdrive.fr/image.ashx?id=1746143&use=l&cat=p&typeid=i","cat":284356},{"id":103150,"n":"Bière Rouge Kasteel 33cl","p":2.2,"u":"6,67 €/L","img":"https://fd5-photos.leclercdrive.fr/image.ashx?id=2433449&use=l&cat=p&typeid=i","cat":334872},{"id":103183,"n":"Bières blonde Desperados Lime - 6x33cl","p":8.64,"u":"4,36 €/L","img":"https://fd5-photos.leclercdrive.fr/image.ashx?id=2638163&use=l&cat=p&typeid=i","cat":334878},{"id":103185,"n":"Eau minérale naturelle Volvic fontaine - 8L","p":2.75,"u":"0,34 €/L","img":"https://fd5-photos.leclercdrive.fr/image.ashx?id=2771675&use=l&cat=p&typeid=i","cat":284535},{"id":103189,"n":"IGP Cidre Brut Val de Rance De dégustation Bretagne 75cl","p":1.99,"u":"2,65 €/L","img":"https://fd5-photos.leclercdrive.fr/image.ashx?id=2020719&use=l&cat=p&typeid=i","cat":334880},{"id":103191,"n":"Bière sans alcool Tourtel Twist Pêche 0,0° - 6x27,5cl","p":4.51,"u":"2,73 €/L","img":"https://fd5-photos.leclercdrive.fr/image.ashx?id=2896564&use=l&cat=p&typeid=i","cat":334877},{"id":103203,"n":"Mélange Tropical  500g - Daco Bello","p":4.83,"u":"9,66 €/KG","img":"https://fd5-photos.leclercdrive.fr/image.ashx?id=2292895&use=l&cat=p&typeid=i","cat":316002},{"id":103206,"n":"Mix Cranberries Daco Bello - 350g","p":5.49,"u":"15,69 €/KG","img":"https://fd5-photos.leclercdrive.fr/image.ashx?id=2292889&use=l&cat=p&typeid=i","cat":284357},{"id":103226,"n":"Emincés filet poulet Le Gaulois Poulet à la mexicaine - 180g","p":4.24,"u":"23,56 €/KG","img":"https://fd5-photos.leclercdrive.fr/image.ashx?id=2732731&use=l&cat=p&typeid=i","cat":284336},{"id":103315,"n":"AOP Côtes de Provence rosé Château Reillanne - 75cl","p":6.9,"u":"9,20 €/L","img":"https://fd5-photos.leclercdrive.fr/image.ashx?id=2669487&use=l&cat=p&typeid=i","cat":289558},{"id":103381,"n":"Whisky Grant's  Triple wood 40%vol - 70cl","p":13.35,"pp":12.01,"u":"17,16 €/L","img":"https://fd5-photos.leclercdrive.fr/image.ashx?id=2866022&use=l&cat=p&typeid=i","cat":284547},{"id":103384,"n":"IGP Whisky Grant's  Triple wood - 40%vol - 1L","p":17.22,"u":"17,22 €/L","img":"https://fd5-photos.leclercdrive.fr/image.ashx?id=2917531&use=l&cat=p&typeid=i","cat":284547},{"id":103437,"n":"Wrap multigrains Mission 370g","p":3.24,"u":"8,76 €/KG","img":"https://fd5-photos.leclercdrive.fr/image.ashx?id=2890505&use=l&cat=p&typeid=i","cat":288993},{"id":103453,"n":"Panaché Falsbourg Grenadine - <0,5% vol. - 6x25cl","p":2.71,"u":"1,81 €/L","img":"https://fd5-photos.leclercdrive.fr/image.ashx?id=2637961&use=l&cat=p&typeid=i","cat":334877},{"id":103499,"n":"Apéritif prêt à boire Martini Rossini 8° - 75cl","p":8.3,"u":"11,07 €/L","img":"https://fd5-photos.leclercdrive.fr/image.ashx?id=2866831&use=l&cat=p&typeid=i","cat":289461},{"id":103500,"n":"Panaché Falsbourg <0.5% vol. - 20x25cl","p":5.95,"u":"1,19 €/L","img":"https://fd5-photos.leclercdrive.fr/image.ashx?id=2637970&use=l&cat=p&typeid=i","cat":334877},{"id":103503,"n":"Capsules Nescafé Dolce Gusto  Espresso Intenso - x16","p":4.45,"u":"39,73 €/KG","img":"https://fd5-photos.leclercdrive.fr/image.ashx?id=3009110&use=l&cat=p&typeid=i","cat":293239},{"id":103509,"n":"Yaourt à boire Yop Aromatisé Fraise - 825g","p":1.68,"u":"2,04 €/KG","img":"https://fd5-photos.leclercdrive.fr/image.ashx?id=2855564&use=l&cat=p&typeid=i","cat":284415},{"id":103543,"n":"Crème glacée Haagen Dazs Caramel Biscuit cream - 560g","p":6.36,"u":"11,36 €/KG","img":"https://fd5-photos.leclercdrive.fr/image.ashx?id=2893414&use=l&cat=p&typeid=i","cat":284725},{"id":103544,"n":"Crème glacée Haagen Dazs Macadamia Nut Brittle - 560g","p":6.52,"u":"11,64 €/KG","img":"https://fd5-photos.leclercdrive.fr/image.ashx?id=2893417&use=l&cat=p&typeid=i","cat":284725},{"id":103561,"n":"Barre de céréales Nature Valley  Protéine caramel salé x4 - 160","p":2.85,"u":"17,81 €/KG","img":"https://fd5-photos.leclercdrive.fr/image.ashx?id=2657003&use=l&cat=p&typeid=i","cat":285869},{"id":103619,"n":"Crème glacée Häagen-Dazs  Vanille - 400g","p":4.58,"u":"11,45 €/KG","img":"https://fd5-photos.leclercdrive.fr/image.ashx?id=2893429&use=l&cat=p&typeid=i","cat":284725},{"id":103621,"n":"Crème glacée Häagen-Dazs  Vanille pécan - 400g","p":4.65,"u":"11,63 €/KG","img":"https://fd5-photos.leclercdrive.fr/image.ashx?id=2893438&use=l&cat=p&typeid=i","cat":284725},{"id":103622,"n":"Crème glacée Häagen-Dazs Caramel speculoos Lotus - 400g","p":4.54,"u":"11,35 €/KG","img":"https://fd5-photos.leclercdrive.fr/image.ashx?id=2893441&use=l&cat=p&typeid=i","cat":284725},{"id":103657,"n":"Crème glacée Häagen-Dazs  Vanille noix macadamia - 400g","p":4.66,"u":"11,65 €/KG","img":"https://fd5-photos.leclercdrive.fr/image.ashx?id=2893444&use=l&cat=p&typeid=i","cat":284725},{"id":103661,"n":"Crème glacée Häagen-Dazs  Vanille caramel brownie - 386g","p":4.68,"u":"12,12 €/KG","img":"https://fd5-photos.leclercdrive.fr/image.ashx?id=2893468&use=l&cat=p&typeid=i","cat":284725},{"id":103665,"n":"Mini pots Häagen-Dazs  Caramel attraction x4 - 318g","p":5.2,"u":"16,20 €/KG","img":"https://fd5-photos.leclercdrive.fr/image.ashx?id=2992852&use=l&cat=p&typeid=i","cat":284725},{"id":103680,"n":"Mini pots Häagen-Dazs Vanille  noix de macadamia x4 - 324g","p":5.11,"u":"15,77 €/KG","img":"https://fd5-photos.leclercdrive.fr/image.ashx?id=3000162&use=l&cat=p&typeid=i","cat":284725},{"id":103684,"n":"Mini pots Häagen-Dazs  Favorite selection x4 - 318g","p":5.04,"u":"15,85 €/KG","img":"https://fd5-photos.leclercdrive.fr/image.ashx?id=3000165&use=l&cat=p&typeid=i","cat":284725},{"id":103697,"n":"Dentifrice Integral 8 Signal Nature Elements Charbon 75ml","p":1.7,"u":"22,67 €/L","img":"https://fd5-photos.leclercdrive.fr/image.ashx?id=2974662&use=l&cat=p&typeid=i","cat":284612},{"id":103728,"n":"Shampoing Violet Elsève Color-Vive Déjaunisseur - 200ml","p":2.97,"u":"14,85 €/L","img":"https://fd5-photos.leclercdrive.fr/image.ashx?id=2278121&use=l&cat=p&typeid=i","cat":284606},{"id":103780,"n":"Pâte feuilletée Marie Pur beurre - 230g","p":1.24,"u":"5,39 €/KG","img":"https://fd5-photos.leclercdrive.fr/image.ashx?id=2318543&use=l&cat=p&typeid=i","cat":333681},{"id":103800,"n":"Bière blonde Leffe  6,6% - 12x25cl","p":9.34,"u":"3,11 €/L","img":"https://fd5-photos.leclercdrive.fr/image.ashx?id=2995424&use=l&cat=p&typeid=i","cat":334852},{"id":103808,"n":"Yaourt à boire Yop Aromatisé Framboise - 825g","p":2.06,"u":"2,50 €/KG","img":"https://fd5-photos.leclercdrive.fr/image.ashx?id=2855567&use=l&cat=p&typeid=i","cat":284415},{"id":103813,"n":"Yaourt à boire Yop Aromatisé Vanille - 825g","p":1.68,"u":"2,04 €/KG","img":"https://fd5-photos.leclercdrive.fr/image.ashx?id=2855570&use=l&cat=p&typeid=i","cat":284415},{"id":103816,"n":"Bâtonnets Trium   Poire chocolat - x4 - 302g","p":3.19,"u":"10,56 €/KG","img":"https://fd5-photos.leclercdrive.fr/image.ashx?id=2920779&use=l&cat=p&typeid=i","cat":284265},{"id":103822,"n":"Pizza Crousti Moelleuse Extrême Marie Tartiflette - 550g","p":4.02,"u":"7,31 €/KG","img":"https://fd5-photos.leclercdrive.fr/image.ashx?id=2996764&use=l&cat=p&typeid=i","cat":284256},{"id":103844,"n":"IGP Ile de Beauté vin rosé Terres Ocrées 12% vol - 75cl","p":3.99,"u":"5,32 €/L","img":"https://fd5-photos.leclercdrive.fr/image.ashx?id=2846526&use=l&cat=p&typeid=i","cat":289558},{"id":103914,"n":"Whisky Bushmill's Classic 40%vol - 70cl","p":16.83,"u":"24,04 €/L","img":"https://fd5-photos.leclercdrive.fr/image.ashx?id=2484449&use=l&cat=p&typeid=i","cat":284547},{"id":103915,"n":"Mimolette jeune Les Croisés 350g","p":3.23,"u":"9,23 €/KG","img":"https://fd5-photos.leclercdrive.fr/image.ashx?id=2046499&use=l&cat=p&typeid=i","cat":314028},{"id":103918,"n":"Bâtonnets  Maple  Peanut Butter et candian - x4","p":4.19,"u":"1,05 €/P","img":"https://fd5-photos.leclercdrive.fr/image.ashx?id=2506810&use=l&cat=p&typeid=i","cat":284265},{"id":103922,"n":"Batonnets Nuii White chocolate&scandinavia x4","p":4.22,"u":"1,06 €/P","img":"https://fd5-photos.leclercdrive.fr/image.ashx?id=2922149&use=l&cat=p&typeid=i","cat":284265},{"id":103945,"n":"Escalope de dinde Le Gaulois Oui C'est Bon x2 - 240g","p":4.1,"u":"17,08 €/KG","img":"https://fd5-photos.leclercdrive.fr/image.ashx?id=2605580&use=l&cat=p&typeid=i","cat":284337},{"id":103946,"n":"Escalope de dinde  Le Gaulois Fine -Oui C'est Bon x3 - 360g","p":7.42,"u":"20,61 €/KG","img":"https://fd5-photos.leclercdrive.fr/image.ashx?id=2605577&use=l&cat=p&typeid=i","cat":284337},{"id":103969,"n":"Escalope de dinde Le Gaulois Fine - Oui C'est Bon x2 - 240g","p":5.4,"u":"22,50 €/KG","img":"https://fd5-photos.leclercdrive.fr/image.ashx?id=2605574&use=l&cat=p&typeid=i","cat":284337},{"id":104016,"n":"Mon moment choucroute Stoeffler 410g","p":3.99,"u":"9,73 €/KG","img":"https://fd5-photos.leclercdrive.fr/image.ashx?id=2217437&use=l&cat=p&typeid=i","cat":333665},{"id":104019,"n":"Rhum paille St James 40%vol - 70cl","p":11.54,"u":"16,49 €/L","img":"https://fd5-photos.leclercdrive.fr/image.ashx?id=2970867&use=l&cat=p&typeid=i","cat":284550},{"id":104021,"n":"Arrangé Damoiseau Mangue passion 30D - 70cl","p":22.91,"u":"32,73 €/L","img":"https://fd5-photos.leclercdrive.fr/image.ashx?id=2021220&use=l&cat=p&typeid=i","cat":284551},{"id":104022,"n":"Arrangé Damoiseau Ananas vanille 30° - 70cl","p":23.89,"u":"34,13 €/L","img":"https://fd5-photos.leclercdrive.fr/image.ashx?id=2021217&use=l&cat=p&typeid=i","cat":284551},{"id":104036,"n":"Jus innocent plus  énergie chérie 750ml","p":2.77,"u":"3,69 €/L","img":"https://fd5-photos.leclercdrive.fr/image.ashx?id=2901082&use=l&cat=p&typeid=i","cat":284354},{"id":104053,"n":"Perle duo Gourmet Poisson et viandes - 12x85g","p":6.93,"u":"6,79 €/KG","img":"https://fd5-photos.leclercdrive.fr/image.ashx?id=2861761&use=l&cat=p&typeid=i","cat":285286},{"id":104062,"n":"Brioches Doowap Harrys X8 -320g Pépites choco sans additif","p":2.16,"u":"6,75 €/KG","img":"https://fd5-photos.leclercdrive.fr/image.ashx?id=2502998&use=l&cat=p&typeid=i","cat":293505},{"id":104073,"n":"100% Pur Jus Jafaden Pamplemousse- 1L","p":1.99,"u":"1,99 €/L","img":"https://fd5-photos.leclercdrive.fr/image.ashx?id=2956771&use=l&cat=p&typeid=i","cat":284914},{"id":104092,"n":"Tagada Zip Fraîcheur Haribo Sachet bonbons - 220g","p":1.28,"u":"5,82 €/KG","img":"https://fd5-photos.leclercdrive.fr/image.ashx?id=2802359&use=l&cat=p&typeid=i","cat":304250},{"id":104105,"n":"Cerneaux de noix pécan Vahiné 50g","p":1.91,"u":"38,20 €/KG","img":"https://fd5-photos.leclercdrive.fr/image.ashx?id=2474314&use=l&cat=p&typeid=i","cat":284504},{"id":104109,"n":"Les Timbales Gourmet Gold Boeuf plet saumon - 12x85g","p":6.71,"u":"6,58 €/KG","img":"https://fd5-photos.leclercdrive.fr/image.ashx?id=2861764&use=l&cat=p&typeid=i","cat":285286},{"id":104113,"n":"Brioches Doowap Harrys X12-480g Pépites choco sans additif","p":3.22,"u":"6,71 €/KG","img":"https://fd5-photos.leclercdrive.fr/image.ashx?id=2503001&use=l&cat=p&typeid=i","cat":293505},{"id":104114,"n":"Brioches Doowap Harrys X8 -320g Pépites choco lait sans additif","p":2.29,"u":"7,16 €/KG","img":"https://fd5-photos.leclercdrive.fr/image.ashx?id=2503004&use=l&cat=p&typeid=i","cat":293505},{"id":104115,"n":"Brioches Doowap Harrys X12-480g Pépites choco lait sans additif","p":3.2,"u":"6,67 €/KG","img":"https://fd5-photos.leclercdrive.fr/image.ashx?id=2503007&use=l&cat=p&typeid=i","cat":293505},{"id":104121,"n":"Noix de cajou Benenuts Grillées à sec -165g","p":4.59,"u":"27,82 €/KG","img":"https://fd5-photos.leclercdrive.fr/image.ashx?id=2391786&use=l&cat=p&typeid=i","cat":284448},{"id":104133,"n":"Pépites chocolat au lait Vahiné 200g","p":3.94,"u":"19,70 €/KG","img":"https://fd5-photos.leclercdrive.fr/image.ashx?id=2559784&use=l&cat=p&typeid=i","cat":284504},{"id":104188,"n":"Chips Tyrrell's Légèrement salées - 150g","p":2.19,"u":"14,60 €/KG","img":"https://fd5-photos.leclercdrive.fr/image.ashx?id=2924731&use=l&cat=p&typeid=i","cat":284447},{"id":104193,"n":"Coton-tiges Inell Recharge Tiges papier - x160","p":0.4,"img":"https://fd5-photos.leclercdrive.fr/image.ashx?id=2440775&use=l&cat=p&typeid=i","cat":284636},{"id":104194,"n":"Coton-tige Lotus Bio - x160 bâtonnets","p":0.75,"img":"https://fd5-photos.leclercdrive.fr/image.ashx?id=2506840&use=l&cat=p&typeid=i","cat":284636},{"id":104245,"n":"Pizzas Crousti Moelleuse Marie 4 fromages 2+1 offerte 1.530kg","p":7.96,"u":"5,20 €/KG","img":"https://fd5-photos.leclercdrive.fr/image.ashx?id=1876709&use=l&cat=p&typeid=i","cat":284256},{"id":104248,"n":"Pizzas Crousti Moelleuse Marie Extrême Américaine 2+ 1 offerte","p":6.97,"u":"4,38 €/KG","img":"https://fd5-photos.leclercdrive.fr/image.ashx?id=2996659&use=l&cat=p&typeid=i","cat":284256},{"id":104293,"n":"Pépites chunks Vahine 3 chocolats - 100g","p":2.07,"u":"20,70 €/KG","img":"https://fd5-photos.leclercdrive.fr/image.ashx?id=2559871&use=l&cat=p&typeid=i","cat":284504},{"id":104296,"n":"Mon 1er biscuit bio Hipp Bio Dès 6 mois - 180g","p":2.6,"u":"14,44 €/KG","img":"https://fd5-photos.leclercdrive.fr/image.ashx?id=2788823&use=l&cat=p&typeid=i","cat":312227},{"id":104348,"n":"AOC Crémant d'Alsace brut Henri Ehrhart - 75cl","p":6.96,"u":"9,28 €/L","img":"https://fd5-photos.leclercdrive.fr/image.ashx?id=2180076&use=l&cat=p&typeid=i","cat":284545},{"id":104349,"n":"AOP Cabernet d'Anjou rosé Plessis-Duval - 3L","p":15.59,"u":"5,20 €/L","img":"https://fd5-photos.leclercdrive.fr/image.ashx?id=2941038&use=l&cat=p&typeid=i","cat":289558},{"id":104468,"n":"Fromage apéritif Apéricube Long drink 48 cubes","p":4.17,"u":"16,68 €/KG","img":"https://fd5-photos.leclercdrive.fr/image.ashx?id=2882674&use=l&cat=p&typeid=i","cat":314027},{"id":104471,"n":"Fromage apéritif Apericube  Cocktail 48 cubes","p":4.17,"u":"16,68 €/KG","img":"https://fd5-photos.leclercdrive.fr/image.ashx?id=2882680&use=l&cat=p&typeid=i","cat":314027},{"id":104485,"n":"Tropicana Jus d'orange Sans pulpe - 90cl","p":2.6,"u":"2,89 €/L","img":"https://fd5-photos.leclercdrive.fr/image.ashx?id=2524266&use=l&cat=p&typeid=i","cat":285435},{"id":104554,"n":"Crème dessert Danette Chocolat Vanille - 16x115g","p":3.67,"u":"1,99 €/KG","img":"https://fd5-photos.leclercdrive.fr/image.ashx?id=2938629&use=l&cat=p&typeid=i","cat":285041},{"id":104568,"n":"Yaourt à boire Yop Yoplait Tropical - 850g","p":1.74,"u":"2,05 €/KG","img":"https://fd5-photos.leclercdrive.fr/image.ashx?id=2855558&use=l&cat=p&typeid=i","cat":284415},{"id":104669,"n":"Bière blonde Bud 5% - 20x25cl","p":13.55,"u":"2,71 €/L","img":"https://fd5-photos.leclercdrive.fr/image.ashx?id=3009047&use=l&cat=p&typeid=i","cat":334873},{"id":104674,"n":"Eau gazeuse aromatisée Badoit Citron fraise - 1L","p":1.28,"u":"1,28 €/L","img":"https://fd5-photos.leclercdrive.fr/image.ashx?id=2730664&use=l&cat=p&typeid=i","cat":284536},{"id":104731,"n":"Cuisse de dinde Le Gaulois Oui c'est bon - x1 - 650g","p":4.75,"u":"7,31 €/KG","img":"https://fd5-photos.leclercdrive.fr/image.ashx?id=2605583&use=l&cat=p&typeid=i","cat":284337},{"id":104880,"n":"Barres Céréales Extra Kellogg's Chocolat au lait - 4x32g","p":2.87,"u":"22,42 €/KG","img":"https://fd5-photos.leclercdrive.fr/image.ashx?id=2736610&use=l&cat=p&typeid=i","cat":285869},{"id":104955,"n":"Fromage Pavés d'Affinois Brin 25g x 6+1 offert","p":2.69,"u":"15,37 €/KG","img":"https://fd5-photos.leclercdrive.fr/image.ashx?id=2469674&use=l&cat=p&typeid=i","cat":314033},{"id":105072,"n":"Bonbon Dracula Trolli Le sachet de 200g","p":1.58,"u":"7,90 €/KG","img":"https://fd5-photos.leclercdrive.fr/image.ashx?id=2684719&use=l&cat=p&typeid=i","cat":304250},{"id":105108,"n":"Pates De Cecco Tagliatelle n°203 - 500g","p":1.56,"u":"3,12 €/KG","img":"https://fd5-photos.leclercdrive.fr/image.ashx?id=2901145&use=l&cat=p&typeid=i","cat":284427},{"id":105117,"n":"Aguacana cachaça 37.5%vol - 70cl","p":13.99,"u":"19,99 €/L","img":"https://fd5-photos.leclercdrive.fr/image.ashx?id=2961801&use=l&cat=p&typeid=i","cat":284550},{"id":105119,"n":"AOP Champagne Brut Piper Heidsieck - 75cl","p":26.95,"u":"35,93 €/L","img":"https://fd5-photos.leclercdrive.fr/image.ashx?id=2431548&use=l&cat=p&typeid=i","cat":284542},{"id":105126,"n":"Vodka premium Eristoff Original 37,5° - 1.5L","p":25.95,"u":"17,30 €/L","img":"https://fd5-photos.leclercdrive.fr/image.ashx?id=2848127&use=l&cat=p&typeid=i","cat":284550},{"id":105136,"n":"Jambon supérieur Tradilège S/nitrite Découenne - x6 - 210g","p":2.79,"u":"13,29 €/KG","img":"https://fd5-photos.leclercdrive.fr/image.ashx?id=2991524&use=l&cat=p&typeid=i","cat":316009},{"id":105137,"n":"Jambon supérieur Tradilège Sans nitrite x4 - 140g","p":1.85,"u":"13,21 €/KG","img":"https://fd5-photos.leclercdrive.fr/image.ashx?id=2994381&use=l&cat=p&typeid=i","cat":316009},{"id":105139,"n":"Collant Body Touch Dim Opaque noir - Taille 1","p":7.35,"img":"https://fd5-photos.leclercdrive.fr/image.ashx?id=2876089&use=l&cat=p&typeid=i","cat":334130},{"id":105156,"n":"Café Moulu Carte Noire  Bio Arabica - 2x250g","p":10.89,"u":"21,78 €/KG","img":"https://fd5-photos.leclercdrive.fr/image.ashx?id=2859887&use=l&cat=p&typeid=i","cat":284750},{"id":105181,"n":"Bière blonde bio Bio Village  5.5%vol -75cl","p":2.72,"u":"3,63 €/L","img":"https://fd5-photos.leclercdrive.fr/image.ashx?id=2579147&use=l&cat=p&typeid=i","cat":334873},{"id":105183,"n":"Burger Le Chicken Daunat  Poulet Cheddar - 180g","p":3.09,"u":"17,17 €/KG","img":"https://fd5-photos.leclercdrive.fr/image.ashx?id=2967178&use=l&cat=p&typeid=i","cat":333671},{"id":105185,"n":"Compote Charles & Alice Pommes Myrtilles - 4x97g","p":1.76,"u":"4,54 €/KG","img":"https://fd5-photos.leclercdrive.fr/image.ashx?id=2900899&use=l&cat=p&typeid=i","cat":284416},{"id":105186,"n":"Compote Charles & Alice Pommes Cerises - 4x97g","p":1.53,"u":"3,94 €/KG","img":"https://fd5-photos.leclercdrive.fr/image.ashx?id=2757686&use=l&cat=p&typeid=i","cat":284416},{"id":105196,"n":"Dessert fruitier Fraise Andros En morceaux - 4x100g","p":2.48,"u":"6,20 €/KG","img":"https://fd5-photos.leclercdrive.fr/image.ashx?id=2845467&use=l&cat=p&typeid=i","cat":284416},{"id":105206,"n":"Collant Diam's opaque Dim Jambes fuselées Noir - Taille 1","p":8.68,"img":"https://fd5-photos.leclercdrive.fr/image.ashx?id=2639314&use=l&cat=p&typeid=i","cat":334130},{"id":105214,"n":"Boulettes Garden Gourmet légumes 200g","p":2.19,"u":"10,95 €/KG","img":"https://fd5-photos.leclercdrive.fr/image.ashx?id=2986903&use=l&cat=p&typeid=i","cat":316036},{"id":105224,"n":"Gnocchi à poêler Lustucru Extra Mozzarella Tomate - 280g","p":2.39,"u":"8,54 €/KG","img":"https://fd5-photos.leclercdrive.fr/image.ashx?id=2999994&use=l&cat=p&typeid=i","cat":333682},{"id":105289,"n":"Saumon au naturel Parallèles - 190g","p":4.99,"u":"26,26 €/KG","img":"https://fd5-photos.leclercdrive.fr/image.ashx?id=2022471&use=l&cat=p&typeid=i","cat":305147},{"id":105486,"n":"AOP Champagne Brut Tsarine 75cl","p":30.49,"u":"40,65 €/L","img":"https://fd5-photos.leclercdrive.fr/image.ashx?id=2741096&use=l&cat=p&typeid=i","cat":284542},{"id":105742,"n":"Poivre création moulin Ducros 34g","p":3.27,"u":"96,18 €/KG","img":"https://fd5-photos.leclercdrive.fr/image.ashx?id=2354407&use=l&cat=p&typeid=i","cat":284457},{"id":106006,"n":"Pur jus de pomme Jafaden 2L","p":2.29,"u":"1,15 €/L","img":"https://fd5-photos.leclercdrive.fr/image.ashx?id=2956774&use=l&cat=p&typeid=i","cat":284522},{"id":106204,"n":"IGP Méditerranée Rosé Studio by Miraval - 75cl","p":9.5,"u":"12,67 €/L","img":"https://fd5-photos.leclercdrive.fr/image.ashx?id=1691895&use=l&cat=p&typeid=i","cat":289558},{"id":106265,"n":"Edulcorant Pure Via Stick x40 - 60g","p":2.9,"u":"48,33 €/KG","img":"https://fd5-photos.leclercdrive.fr/image.ashx?id=2590598&use=l&cat=p&typeid=i","cat":324846},{"id":106269,"n":"Edulcorant Pure Via Boite de 65 morceaux - 130g","p":5.15,"u":"39,62 €/KG","img":"https://fd5-photos.leclercdrive.fr/image.ashx?id=2417291&use=l&cat=p&typeid=i","cat":324846},{"id":106271,"n":"Sucre Doypack Pure Via Poudre cristalisée - 250g","p":5.64,"u":"22,56 €/KG","img":"https://fd5-photos.leclercdrive.fr/image.ashx?id=2805381&use=l&cat=p&typeid=i","cat":324846},{"id":106448,"n":"Slips coton stretch Dim Noir - Taille 3 - x3","p":22.97,"u":"7,66 €/P","img":"https://fd5-photos.leclercdrive.fr/image.ashx?id=2560663&use=l&cat=p&typeid=i","cat":291524},{"id":106568,"n":"Tropicana Jus multifruits 90 cl","p":2.83,"u":"3,14 €/L","img":"https://fd5-photos.leclercdrive.fr/image.ashx?id=2529276&use=l&cat=p&typeid=i","cat":285435},{"id":106614,"n":"Rosette Justin Bridou  19 Tranches - 170g","p":2.54,"u":"14,94 €/KG","img":"https://fd5-photos.leclercdrive.fr/image.ashx?id=2948932&use=l&cat=p&typeid=i","cat":316007},{"id":106639,"n":"Culotte écologiq Mots d'Enfants T5 : 12/18kg - x20","p":8.7,"u":"0,44 €/P","img":"https://fd5-photos.leclercdrive.fr/image.ashx?id=2907243&use=l&cat=p&typeid=i","cat":290633},{"id":106690,"n":"Gel douche Bionaïa Abricot bio - 250ml","p":1.43,"u":"5,72 €/L","img":"https://fd5-photos.leclercdrive.fr/image.ashx?id=2512478&use=l&cat=p&typeid=i","cat":284594},{"id":106715,"n":"Bacon  Gourmet de l'Artois Fumé au bois de hêtre - 90g","p":1.56,"u":"17,33 €/KG","img":"https://fd5-photos.leclercdrive.fr/image.ashx?id=2629118&use=l&cat=p&typeid=i","cat":316007},{"id":106725,"n":"Gants Confort Pro Mapa Latex naturel Taille L - x100","p":13.63,"u":"0,14 €/P","img":"https://fd5-photos.leclercdrive.fr/image.ashx?id=2732446&use=l&cat=p&typeid=i","cat":284668},{"id":106732,"n":"Sirop La Maison Guiot Citron jaune de Sicile - 70cl","p":3.17,"u":"4,53 €/L","img":"https://fd5-photos.leclercdrive.fr/image.ashx?id=2857138&use=l&cat=p&typeid=i","cat":295020},{"id":106743,"n":"Disques à démaquiller Bocoton Bio - x80","p":1.64,"u":"0,02 €/P","img":"https://fd5-photos.leclercdrive.fr/image.ashx?id=2480713&use=l&cat=p&typeid=i","cat":284636},{"id":106768,"n":"Shampooing bio So Bio Etic Coco & Acide Hyaluronique-250ml","p":3.96,"u":"15,84 €/L","img":"https://fd5-photos.leclercdrive.fr/image.ashx?id=2788727&use=l&cat=p&typeid=i","cat":284606},{"id":106770,"n":"Dentifrice protection Dentavie Propolis/menthe bio - 75ml","p":3.49,"u":"46,53 €/L","img":"https://fd5-photos.leclercdrive.fr/image.ashx?id=2494779&use=l&cat=p&typeid=i","cat":284612},{"id":106886,"n":"Petit suisse nature Gervais 9,5% MG - 6x60g","p":1.84,"u":"5,11 €/KG","img":"https://fd5-photos.leclercdrive.fr/image.ashx?id=2230384&use=l&cat=p&typeid=i","cat":284409},{"id":106985,"n":"Mini pots Häagen-Dazs  Vanille Collection x4 - 321g","p":4.48,"u":"13,96 €/KG","img":"https://fd5-photos.leclercdrive.fr/image.ashx?id=2992858&use=l&cat=p&typeid=i","cat":284725},{"id":106986,"n":"Crème glacée Häagen-Dazs  Vanille pralines - 400g","p":4.13,"u":"10,33 €/KG","img":"https://fd5-photos.leclercdrive.fr/image.ashx?id=2893453&use=l&cat=p&typeid=i","cat":284725},{"id":107211,"n":"Jus innocent myrtille cassis 900ml","p":2.77,"u":"3,08 €/L","img":"https://fd5-photos.leclercdrive.fr/image.ashx?id=2891235&use=l&cat=p&typeid=i","cat":285435},{"id":107384,"n":"Bacon Justin Bridou  16 Tranches - 160g","p":2.55,"u":"15,94 €/KG","img":"https://fd5-photos.leclercdrive.fr/image.ashx?id=2924110&use=l&cat=p&typeid=i","cat":316007},{"id":107645,"n":"Aluminium Albal 20m","p":3.31,"img":"https://fd5-photos.leclercdrive.fr/image.ashx?id=2551444&use=l&cat=p&typeid=i","cat":334134},{"id":107646,"n":"Film 2 en 1 Albal  20m","p":2.8,"img":"https://fd5-photos.leclercdrive.fr/image.ashx?id=2551453&use=l&cat=p&typeid=i","cat":334134},{"id":107708,"n":"Cahier Clairefontaine Incolore - 96 pages - 24x32cm","p":3.08,"img":"https://fd5-photos.leclercdrive.fr/image.ashx?id=1687961&use=l&cat=p&typeid=i","cat":284697},{"id":107764,"n":"Panés Le Gaulois Façon Milanaise citronné - 200g","p":1.97,"u":"9,85 €/KG","img":"https://fd5-photos.leclercdrive.fr/image.ashx?id=2644770&use=l&cat=p&typeid=i","cat":333683},{"id":107833,"n":"Vin Union Européenne rosé BIB 5L","p":9.25,"u":"1,85 €/L","img":"https://fd5-photos.leclercdrive.fr/image.ashx?id=2116813&use=l&cat=p&typeid=i","cat":289560},{"id":107841,"n":"Bac gourmand Eskiss Crème brulée - 500g","p":4.36,"u":"8,72 €/KG","img":"https://fd5-photos.leclercdrive.fr/image.ashx?id=2982643&use=l&cat=p&typeid=i","cat":284263},{"id":107847,"n":"Bac gourmand Eskiss Vanille speculoos - 500g","p":3.19,"u":"6,38 €/KG","img":"https://fd5-photos.leclercdrive.fr/image.ashx?id=2982652&use=l&cat=p&typeid=i","cat":284263},{"id":107855,"n":"Vin rouge Espagne Table Oscar Inno Vins - 5L","p":9.65,"u":"1,93 €/L","img":"https://fd5-photos.leclercdrive.fr/image.ashx?id=2116810&use=l&cat=p&typeid=i","cat":289556},{"id":108180,"n":"Compotes Pom'Potes Gourdes BIO  Multivariétés - 12x90g","p":6.97,"u":"6,45 €/KG","img":"https://fd5-photos.leclercdrive.fr/image.ashx?id=2926212&use=l&cat=p&typeid=i","cat":284508},{"id":108224,"n":"Brassé végétal Bio Good Goût Banane avoine fraise - 90g","p":1.2,"u":"13,33 €/KG","img":"https://fd5-photos.leclercdrive.fr/image.ashx?id=2736100&use=l&cat=p&typeid=i","cat":312392},{"id":108418,"n":"Salade de choux  115g","p":2.5,"u":"21,74 €/KG","img":"https://fd5-photos.leclercdrive.fr/image.ashx?id=2308090&use=l&cat=p&typeid=i","cat":286791},{"id":108419,"n":"Crunch saumon x8 - 1p","p":7.99,"img":"https://fd5-photos.leclercdrive.fr/image.ashx?id=2539944&use=l&cat=p&typeid=i","cat":286791},{"id":108449,"n":"Déodorant spray Monsavon Fleur Lotus-200ml","p":1.89,"u":"9,45 €/L","img":"https://fd5-photos.leclercdrive.fr/image.ashx?id=2643914&use=l&cat=p&typeid=i","cat":284595},{"id":108668,"n":"Bière blonde La Goudale 7.2% vol. - 50cl","p":1.51,"u":"3,02 €/L","img":"https://fd5-photos.leclercdrive.fr/image.ashx?id=2513658&use=l&cat=p&typeid=i","cat":334852},{"id":108673,"n":"Crème nutritive Avène Riche revitalisante - 50ml","p":22.99,"u":"459,80 €/L","img":"https://fd5-photos.leclercdrive.fr/image.ashx?id=2373546&use=l&cat=p&typeid=i","cat":291171},{"id":108674,"n":"Crème nutritive Avène Revitalisante - 50ml","p":22.99,"u":"459,80 €/L","img":"https://fd5-photos.leclercdrive.fr/image.ashx?id=2857320&use=l&cat=p&typeid=i","cat":291171},{"id":108707,"n":"Filtres à café Uni vert Bruns n°4 - x80","p":1.33,"u":"0,02 €/P","img":"https://fd5-photos.leclercdrive.fr/image.ashx?id=2634878&use=l&cat=p&typeid=i","cat":284751},{"id":108712,"n":"Gel douche Fa Caribbean Wave flacon - 250ml","p":1.56,"u":"6,24 €/L","img":"https://fd5-photos.leclercdrive.fr/image.ashx?id=2110236&use=l&cat=p&typeid=i","cat":284594},{"id":108724,"n":"Thé glacé Bio Village Bio Pêche - 1L","p":1.36,"u":"1,36 €/L","img":"https://fd5-photos.leclercdrive.fr/image.ashx?id=2670392&use=l&cat=p&typeid=i","cat":295019},{"id":108725,"n":"Thé glacé Bio Village Bio Menthe - 1L","p":1.4,"u":"1,40 €/L","img":"https://fd5-photos.leclercdrive.fr/image.ashx?id=2664362&use=l&cat=p&typeid=i","cat":295019},{"id":108804,"n":"Compotes Pom'Potes Gourdes  Pomme Nature - 4x90g","p":1.71,"u":"4,75 €/KG","img":"https://fd5-photos.leclercdrive.fr/image.ashx?id=2968079&use=l&cat=p&typeid=i","cat":284508},{"id":108841,"n":"Foie morue nature Nautilus MSC - 25% sel - 120g","p":1.78,"u":"14,83 €/KG","img":"https://fd5-photos.leclercdrive.fr/image.ashx?id=2733610&use=l&cat=p&typeid=i","cat":305147},{"id":108891,"n":"Croccante alla Mozzarella  Galbani - 150g","p":3.09,"u":"20,60 €/KG","img":"https://fd5-photos.leclercdrive.fr/image.ashx?id=2786000&use=l&cat=p&typeid=i","cat":314027},{"id":108988,"n":"Whisky Chivas Regal XV Blended Scotch 40% vol - 70cl","p":37.9,"pp":34.11,"u":"48,73 €/L","img":"https://fd5-photos.leclercdrive.fr/image.ashx?id=2877028&use=l&cat=p&typeid=i","cat":284547},{"id":108998,"n":"liégeois chocolat danette - 12x100g","p":4.88,"u":"4,07 €/KG","img":"https://fd5-photos.leclercdrive.fr/image.ashx?id=2907842&use=l&cat=p&typeid=i","cat":285042},{"id":109267,"n":"Panaché Force 4 0,4° - 10x25cl","p":4.53,"u":"1,81 €/L","img":"https://fd5-photos.leclercdrive.fr/image.ashx?id=2473321&use=l&cat=p&typeid=i","cat":334877},{"id":109309,"n":"Bol semoule 8 mois Bio Village Bio Patate douce lait - 2x200g","p":2.49,"u":"6,23 €/KG","img":"https://fd5-photos.leclercdrive.fr/image.ashx?id=2704807&use=l&cat=p&typeid=i","cat":312239},{"id":109310,"n":"Bol Bio Village 6 mois bio Petits pois Riz Maïs - 2x200g","p":2.21,"u":"5,53 €/KG","img":"https://fd5-photos.leclercdrive.fr/image.ashx?id=2704819&use=l&cat=p&typeid=i","cat":312239},{"id":109317,"n":"Bol Bio village 6 mois Bio Ratatouille Quinoa - 2x200g","p":2.45,"u":"6,13 €/KG","img":"https://fd5-photos.leclercdrive.fr/image.ashx?id=2704822&use=l&cat=p&typeid=i","cat":312239},{"id":109322,"n":"Bol legume vert riz Bio Village Saumon bio - 6 mois - 2x200g","p":2.55,"u":"6,38 €/KG","img":"https://fd5-photos.leclercdrive.fr/image.ashx?id=2704792&use=l&cat=p&typeid=i","cat":312235},{"id":109387,"n":"Pur jus Tropicana Réveil des Tropiques 90cl","p":2.66,"u":"2,96 €/L","img":"https://fd5-photos.leclercdrive.fr/image.ashx?id=2529279&use=l&cat=p&typeid=i","cat":285435},{"id":109418,"n":"Rillettes de Thon MSC Ronde des Mers - 125g","p":1.69,"u":"13,52 €/KG","img":"https://fd5-photos.leclercdrive.fr/image.ashx?id=2436696&use=l&cat=p&typeid=i","cat":303867},{"id":109441,"n":"Thon entier MSC Pêche Océan Naturel - 140g","p":2.17,"u":"15,50 €/KG","img":"https://fd5-photos.leclercdrive.fr/image.ashx?id=2942211&use=l&cat=p&typeid=i","cat":303867},{"id":109449,"n":"Jus innocent ananas 900ml","p":3.26,"u":"3,62 €/L","img":"https://fd5-photos.leclercdrive.fr/image.ashx?id=2184732&use=l&cat=p&typeid=i","cat":285435},{"id":109452,"n":"Bol potiron courge bio Bio Village - 4 mois - 2x120g","p":1.45,"u":"6,04 €/KG","img":"https://fd5-photos.leclercdrive.fr/image.ashx?id=2704816&use=l&cat=p&typeid=i","cat":312234},{"id":109457,"n":"Boisson lactée Danao Pêche Abricot - 900ml","p":2.63,"u":"2,92 €/L","img":"https://fd5-photos.leclercdrive.fr/image.ashx?id=2606367&use=l&cat=p&typeid=i","cat":285435},{"id":109548,"n":"Olives vertes bio Bio Village - 160g","p":2.79,"u":"17,44 €/KG","img":"https://fd5-photos.leclercdrive.fr/image.ashx?id=2552448&use=l&cat=p&typeid=i","cat":284450},{"id":109565,"n":"Thon entier MSC Pêche Océan Naturel - 93g","p":1.99,"u":"21,40 €/KG","img":"https://fd5-photos.leclercdrive.fr/image.ashx?id=2942217&use=l&cat=p&typeid=i","cat":303867},{"id":109567,"n":"AdBlue Diframa avec flexible 5L","p":7.9,"u":"1,58 €/L","img":"https://fd5-photos.leclercdrive.fr/image.ashx?id=1867723&use=l&cat=p&typeid=i","cat":298253},{"id":109587,"n":"Diffuseur électrique Glade + Recharge Bois de Santal 20ml","p":5.49,"img":"https://fd5-photos.leclercdrive.fr/image.ashx?id=2864152&use=l&cat=p&typeid=i","cat":311629},{"id":109589,"n":"Mouchoirs Balsam Kleenex® Etuis regular x10","p":1.84,"u":"0,18 €/P","img":"https://fd5-photos.leclercdrive.fr/image.ashx?id=2840304&use=l&cat=p&typeid=i","cat":284638},{"id":109607,"n":"Skyr Danone nature 0%mg - 480g","p":3.36,"u":"7,00 €/KG","img":"https://fd5-photos.leclercdrive.fr/image.ashx?id=2810615&use=l&cat=p&typeid=i","cat":284409},{"id":109609,"n":"Petit suisse nature Gervais 3,9% MG - 12x60g","p":2.67,"u":"3,71 €/KG","img":"https://fd5-photos.leclercdrive.fr/image.ashx?id=2256757&use=l&cat=p&typeid=i","cat":284409},{"id":109627,"n":"Crème dessert Danette vanille lit de chocolat -4x125g","p":1.72,"u":"3,44 €/KG","img":"https://fd5-photos.leclercdrive.fr/image.ashx?id=2939187&use=l&cat=p&typeid=i","cat":285041},{"id":109662,"n":"Chocolats Schoko-bons Kinder 125g","p":2.69,"u":"21,52 €/KG","img":"https://fd5-photos.leclercdrive.fr/image.ashx?id=2498461&use=l&cat=p&typeid=i","cat":304238},{"id":109663,"n":"Lait concentré sucré Nestlé Ecrémé sans lactose - 387g","p":2.15,"u":"5,56 €/KG","img":"https://fd5-photos.leclercdrive.fr/image.ashx?id=2301349&use=l&cat=p&typeid=i","cat":299162},{"id":109670,"n":"Compotes Pom'Potes Gourdes  Mix de Pommes - 20x90g","p":7.38,"u":"4,10 €/KG","img":"https://fd5-photos.leclercdrive.fr/image.ashx?id=2563349&use=l&cat=p&typeid=i","cat":284508},{"id":109742,"n":"Jus pour bébé NATURNES BIO Poire Abricot 6M+ - 20cl","p":0.97,"u":"4,85 €/L","img":"https://fd5-photos.leclercdrive.fr/image.ashx?id=2532258&use=l&cat=p&typeid=i","cat":312388},{"id":109842,"n":"Wings party Maître Coq Barbecue - 400g","p":3.88,"u":"9,70 €/KG","img":"https://fd5-photos.leclercdrive.fr/image.ashx?id=2095620&use=l&cat=p&typeid=i","cat":333685},{"id":109873,"n":"Pur jus de pomme Jafaden Douceur - 1L","p":1.5,"u":"1,50 €/L","img":"https://fd5-photos.leclercdrive.fr/image.ashx?id=2863178&use=l&cat=p&typeid=i","cat":284522},{"id":109893,"n":"Soda Coca-Cola Vanille Bouteille - 1,25L","p":2.02,"u":"1,62 €/L","img":"https://fd5-photos.leclercdrive.fr/image.ashx?id=2678164&use=l&cat=p&typeid=i","cat":284530},{"id":109970,"n":"Huile Spéciale Pizza Soléou 25cl","p":1.9,"u":"7,60 €/L","img":"https://fd5-photos.leclercdrive.fr/image.ashx?id=2549651&use=l&cat=p&typeid=i","cat":284453},{"id":110000,"n":"Cornichons fins AMORA Bocal - 540g","p":3.89,"u":"7,20 €/KG","img":"https://fd5-photos.leclercdrive.fr/image.ashx?id=2672710&use=l&cat=p&typeid=i","cat":284458},{"id":110052,"n":"Sucre Perles Daddy 350g","p":1.99,"u":"5,69 €/KG","img":"https://fd5-photos.leclercdrive.fr/image.ashx?id=2826960&use=l&cat=p&typeid=i","cat":284502},{"id":110058,"n":"Crêpe fourrée Whaou Chocolat - x24 - 768g","p":4.05,"u":"5,27 €/KG","img":"https://fd5-photos.leclercdrive.fr/image.ashx?id=2955818&use=l&cat=p&typeid=i","cat":284494},{"id":110089,"n":"Croquettes chat  One Nature stérilisé boeuf - 1.4kg","p":7.77,"u":"5,55 €/KG","img":"https://fd5-photos.leclercdrive.fr/image.ashx?id=2383907&use=l&cat=p&typeid=i","cat":284680},{"id":110130,"n":"Dessert lacté Bio Village Bio - Abricot 6-9 mois 4x100g","p":2.04,"u":"5,10 €/KG","img":"https://fd5-photos.leclercdrive.fr/image.ashx?id=2709752&use=l&cat=p&typeid=i","cat":312392},{"id":110149,"n":"Lait C'est Qui Le Patron Demi-écrémé - 6x50cl","p":4.89,"u":"1,63 €/L","img":"https://fd5-photos.leclercdrive.fr/image.ashx?id=2759939&use=l&cat=p&typeid=i","cat":284377},{"id":110159,"n":"Bol légumes saumon Bio Village Bio - 12 mois - 2x200g","p":2.69,"u":"6,73 €/KG","img":"https://fd5-photos.leclercdrive.fr/image.ashx?id=2704783&use=l&cat=p&typeid=i","cat":312237},{"id":110163,"n":"AOP Crémant d'Alsace brut  Ernest Wein - 75 cl","p":5.95,"u":"7,93 €/L","img":"https://fd5-photos.leclercdrive.fr/image.ashx?id=1880215&use=l&cat=p&typeid=i","cat":284545},{"id":110179,"n":"Bol risotto Tomate Bio Village Aubergine bio - 2x200g","p":2.55,"u":"6,38 €/KG","img":"https://fd5-photos.leclercdrive.fr/image.ashx?id=2704825&use=l&cat=p&typeid=i","cat":312237},{"id":110406,"n":"Culottes Baby-Dry Pampers T3 - x104 changes","p":30.89,"u":"0,30 €/P","img":"https://fd5-photos.leclercdrive.fr/image.ashx?id=1956478&use=l&cat=p&typeid=i","cat":290633},{"id":110490,"n":"Crevette d'équateur Escal King Size - ASC - 250g","p":8.5,"u":"34,00 €/KG","img":"https://fd5-photos.leclercdrive.fr/image.ashx?id=2407223&use=l&cat=p&typeid=i","cat":319787},{"id":110509,"n":"boisson végétale lait d'amande non grillée sans sucre alpro-1l","p":2.17,"u":"2,17 €/L","img":"https://fd5-photos.leclercdrive.fr/image.ashx?id=2980085&use=l&cat=p&typeid=i","cat":316067},{"id":110556,"n":"Jus innocent plus  infatigableu 750ml","p":2.89,"u":"3,85 €/L","img":"https://fd5-photos.leclercdrive.fr/image.ashx?id=2862874&use=l&cat=p&typeid=i","cat":285435},{"id":110566,"n":"Crème dépilatoire Veet Men Corps Peaux Sensibles 200ml","p":4.28,"u":"21,40 €/L","img":"https://fd5-photos.leclercdrive.fr/image.ashx?id=2965689&use=l&cat=p&typeid=i","cat":284617},{"id":110568,"n":"Gel Lubrifiant Intime Durex Naturel Confort Base Eau 100ml","p":7.64,"u":"76,40 €/L","img":"https://fd5-photos.leclercdrive.fr/image.ashx?id=2960687&use=l&cat=p&typeid=i","cat":285160},{"id":110573,"n":"Culotte absorbante Chorys Plus médium - x14","p":7.93,"u":"0,57 €/P","img":"https://fd5-photos.leclercdrive.fr/image.ashx?id=2458109&use=l&cat=p&typeid=i","cat":284628},{"id":110575,"n":"Dentifrice Bionaïa Coco Aloe Vera bio - 75ml","p":1.99,"u":"26,53 €/L","img":"https://fd5-photos.leclercdrive.fr/image.ashx?id=2529549&use=l&cat=p&typeid=i","cat":284612},{"id":110577,"n":"Serviette incontinence Chorys Normal - x16","p":2.62,"u":"0,16 €/P","img":"https://fd5-photos.leclercdrive.fr/image.ashx?id=2393899&use=l&cat=p&typeid=i","cat":284628},{"id":110590,"n":"Recharge Électrique Glade Bois de Santal & Jasmin 20ml","p":3.97,"img":"https://fd5-photos.leclercdrive.fr/image.ashx?id=2600773&use=l&cat=p&typeid=i","cat":311629},{"id":110595,"n":"Gel Lave-Vaisselle Sun Tout-en-1 Expert Plus 52 Lavage","p":7.9,"u":"8,78 €/L","img":"https://fd5-photos.leclercdrive.fr/image.ashx?id=2835580&use=l&cat=p&typeid=i","cat":284656},{"id":110678,"n":"Bouillon cube Bio Village Volaille Bio - x8 - 80g","p":1.43,"u":"17,88 €/KG","img":"https://fd5-photos.leclercdrive.fr/image.ashx?id=2140950&use=l&cat=p&typeid=i","cat":288379},{"id":110681,"n":"Mayonaise Bio Bio Village Dijon - 238g","p":2.35,"u":"9,87 €/KG","img":"https://fd5-photos.leclercdrive.fr/image.ashx?id=2664869&use=l&cat=p&typeid=i","cat":298295},{"id":110707,"n":"Beurre gastronomique Les Croisé Doux - 82% MG - 250g","p":2.49,"u":"9,96 €/KG","img":"https://fd5-photos.leclercdrive.fr/image.ashx?id=2833005&use=l&cat=p&typeid=i","cat":284379},{"id":110712,"n":"Boisson lacté Délisse Vanille - 6x20cl","p":2.19,"u":"1,83 €/L","img":"https://fd5-photos.leclercdrive.fr/image.ashx?id=2994821&use=l&cat=p&typeid=i","cat":295246},{"id":110764,"n":"Roller Gelocity Bic Bleu   6 recharges - 1 pièce","p":5.5,"img":"https://fd5-photos.leclercdrive.fr/image.ashx?id=2239435&use=l&cat=p&typeid=i","cat":284696},{"id":110827,"n":"Jus pour bébé Naturnes Bio Pomme mangue 6M+ 20cl","p":0.92,"u":"4,60 €/L","img":"https://fd5-photos.leclercdrive.fr/image.ashx?id=2406235&use=l&cat=p&typeid=i","cat":312388},{"id":110845,"n":"Huile végétale So'Bio Etic Amande douce bio - 50ml","p":5.27,"u":"105,40 €/L","img":"https://fd5-photos.leclercdrive.fr/image.ashx?id=2827956&use=l&cat=p&typeid=i","cat":325349},{"id":110846,"n":"Huile végétale So'Bio Etic de ricin bio - 50ml","p":5.34,"u":"106,80 €/L","img":"https://fd5-photos.leclercdrive.fr/image.ashx?id=2752465&use=l&cat=p&typeid=i","cat":325349},{"id":110849,"n":"Dentifrice Bionaïa Charbon bio - 75ml","p":1.99,"u":"26,53 €/L","img":"https://fd5-photos.leclercdrive.fr/image.ashx?id=2529546&use=l&cat=p&typeid=i","cat":284612},{"id":110856,"n":"Pack bières blondes 8.6 8.6%vol - 4x50cl","p":5.33,"u":"2,67 €/L","img":"https://fd5-photos.leclercdrive.fr/image.ashx?id=2841601&use=l&cat=p&typeid=i","cat":334853},{"id":110857,"n":"Boisson effervescente base vin Désalcoolisé Diane D’Arria 75cl","p":2.79,"u":"3,72 €/L","img":"https://fd5-photos.leclercdrive.fr/image.ashx?id=2149728&use=l&cat=p&typeid=i","cat":289460},{"id":110858,"n":"Jus pour bébé Naturnes 6 mois Poire Banane Bio - 200ml","p":0.89,"u":"4,45 €/L","img":"https://fd5-photos.leclercdrive.fr/image.ashx?id=2406238&use=l&cat=p&typeid=i","cat":312388},{"id":110884,"n":"Viande hachée Bio Yooji Dinde - 6 mois et   - 120g","p":3.84,"u":"32,00 €/KG","img":"https://fd5-photos.leclercdrive.fr/image.ashx?id=2575738&use=l&cat=p&typeid=i","cat":290631},{"id":110913,"n":"Sirop sport Grenadine - 60cl","p":2.38,"u":"3,97 €/L","img":"https://fd5-photos.leclercdrive.fr/image.ashx?id=1892348&use=l&cat=p&typeid=i","cat":295020},{"id":110928,"n":"Crème pamplemousse Giffard 16%vol - 50cl","p":5.5,"pp":4.95,"u":"9,90 €/L","img":"https://fd5-photos.leclercdrive.fr/image.ashx?id=2219156&use=l&cat=p&typeid=i","cat":286032},{"id":110940,"n":"Champagne blanc brut Jeanmaire Elysée-  75cl","p":15.5,"u":"20,67 €/L","img":"https://fd5-photos.leclercdrive.fr/image.ashx?id=1726568&use=l&cat=p&typeid=i","cat":284542},{"id":111207,"n":"Jenlain ambrée 75cl","p":2.78,"u":"3,71 €/L","img":"https://fd5-photos.leclercdrive.fr/image.ashx?id=2732848&use=l&cat=p&typeid=i","cat":334852},{"id":111211,"n":"Pain de mie La Boulangère Seigle graines - 500g","p":1.88,"u":"3,76 €/KG","img":"https://fd5-photos.leclercdrive.fr/image.ashx?id=2912425&use=l&cat=p&typeid=i","cat":284477},{"id":111242,"n":"Emmental râpé Paysan Breton 150g + 50g offert","p":1.78,"u":"8,90 €/KG","img":"https://fd5-photos.leclercdrive.fr/image.ashx?id=2947847&use=l&cat=p&typeid=i","cat":314035},{"id":111369,"n":"Allumettes Eco+ Fumées - 2x100g","p":1.17,"u":"5,85 €/KG","img":"https://fd5-photos.leclercdrive.fr/image.ashx?id=2688258&use=l&cat=p&typeid=i","cat":316011},{"id":111420,"n":"Compotes Materne Coupelles  Pomme Nature - 12x100g","p":4.29,"u":"3,58 €/KG","img":"https://fd5-photos.leclercdrive.fr/image.ashx?id=3010867&use=l&cat=p&typeid=i","cat":284508},{"id":111422,"n":"Compotes Pom'Potes Gourdes  Pomm P. Frais P. Framb - 32x90g","p":12.52,"u":"4,35 €/KG","img":"https://fd5-photos.leclercdrive.fr/image.ashx?id=2870182&use=l&cat=p&typeid=i","cat":284508},{"id":111423,"n":"Compotes Materne Coupelles  Multivariétés Jaunes - 12x100g","p":4.52,"u":"3,77 €/KG","img":"https://fd5-photos.leclercdrive.fr/image.ashx?id=3012191&use=l&cat=p&typeid=i","cat":284508},{"id":111425,"n":"Chips lentilles Vico Fines herbes - 85g","p":1.58,"u":"18,59 €/KG","img":"https://fd5-photos.leclercdrive.fr/image.ashx?id=3000096&use=l&cat=p&typeid=i","cat":284447},{"id":111426,"n":"Chips lentille Vico Tomate mozzarella - 85g","p":1.75,"u":"20,59 €/KG","img":"https://fd5-photos.leclercdrive.fr/image.ashx?id=2989255&use=l&cat=p&typeid=i","cat":284447},{"id":111428,"n":"Thé vert citron vert Twinings Gingembre - 20 sachets - 32g","p":2.12,"u":"66,25 €/KG","img":"https://fd5-photos.leclercdrive.fr/image.ashx?id=2893042&use=l&cat=p&typeid=i","cat":293233},{"id":111466,"n":"Gaufres de Bruxelles 4x85g","p":3.0,"u":"8,82 €/KG","img":"https://fd5-photos.leclercdrive.fr/image.ashx?id=2871106&use=l&cat=p&typeid=i","cat":284267},{"id":111562,"n":"Batterie Tech 9 Numéro 12 - 53Ah 470A","p":92.99,"img":"https://fd5-photos.leclercdrive.fr/image.ashx?id=1710380&use=l&cat=p&typeid=i","cat":298252},{"id":111587,"n":"Café dosettes Tassimo L'Or XL Classique x16","p":4.87,"u":"35,81 €/KG","img":"https://fd5-photos.leclercdrive.fr/image.ashx?id=2100308&use=l&cat=p&typeid=i","cat":293240},{"id":111695,"n":"Boisson lactée  Bio Candy'UP Chocolat - 4x20cl","p":2.23,"u":"2,79 €/L","img":"https://fd5-photos.leclercdrive.fr/image.ashx?id=1984945&use=l&cat=p&typeid=i","cat":295246},{"id":111749,"n":"Dés de fromage aux noix Petit Marché - 120g","p":2.45,"u":"20,42 €/KG","img":"https://fd5-photos.leclercdrive.fr/image.ashx?id=2511558&use=l&cat=p&typeid=i","cat":314027},{"id":111828,"n":"Compote Charles & Alice Pommes Framboises - 4x100g","p":1.63,"u":"4,08 €/KG","img":"https://fd5-photos.leclercdrive.fr/image.ashx?id=2757341&use=l&cat=p&typeid=i","cat":284416},{"id":111829,"n":"Compote Charles & Alice Pommes Fraises - 4x100g","p":1.55,"u":"3,88 €/KG","img":"https://fd5-photos.leclercdrive.fr/image.ashx?id=2757338&use=l&cat=p&typeid=i","cat":284416},{"id":111895,"n":"Coloration Perfect Mousse Schwarzkopf - 500 châtain","p":6.64,"img":"https://fd5-photos.leclercdrive.fr/image.ashx?id=2970882&use=l&cat=p&typeid=i","cat":288899},{"id":111898,"n":"Coloration permanente Garnier Châtain foncé pur 3.0 Olia","p":8.13,"u":"67,75 €/L","img":"https://fd5-photos.leclercdrive.fr/image.ashx?id=2323619&use=l&cat=p&typeid=i","cat":288899},{"id":111901,"n":"Coloration Permanente Olia 4.15 Marron Glacé","p":7.98,"img":"https://fd5-photos.leclercdrive.fr/image.ashx?id=2471322&use=l&cat=p&typeid=i","cat":288899},{"id":111903,"n":"Coloration Permanente Olia 5.3 Chatain Clair Doré","p":8.28,"img":"https://fd5-photos.leclercdrive.fr/image.ashx?id=2520494&use=l&cat=p&typeid=i","cat":288899},{"id":111906,"n":"Déodorant compressé Ushuaïa Grenade - 100ml","p":3.13,"u":"31,30 €/L","img":"https://fd5-photos.leclercdrive.fr/image.ashx?id=2474608&use=l&cat=p&typeid=i","cat":284595},{"id":111908,"n":"Huile d'amande douce Primoplast 100ml","p":3.25,"u":"32,50 €/L","img":"https://fd5-photos.leclercdrive.fr/image.ashx?id=2856576&use=l&cat=p&typeid=i","cat":284630},{"id":111911,"n":"Crème anti-rides Bionaïa Bio - 50ml","p":5.59,"u":"111,80 €/L","img":"https://fd5-photos.leclercdrive.fr/image.ashx?id=2436702&use=l&cat=p&typeid=i","cat":325345},{"id":111916,"n":"Shampooing Nat&Nove Bio Cheveux gras - 250ml","p":3.74,"u":"14,96 €/L","img":"https://fd5-photos.leclercdrive.fr/image.ashx?id=2520389&use=l&cat=p&typeid=i","cat":284606},{"id":111938,"n":"Bière blonde Affligem  Sans alcool - 6x25cl","p":5.02,"u":"3,35 €/L","img":"https://fd5-photos.leclercdrive.fr/image.ashx?id=2979695&use=l&cat=p&typeid=i","cat":334877},{"id":111972,"n":"Serviettes Discreet Tena Lady Extra Plus - x16","p":6.02,"u":"0,38 €/P","img":"https://fd5-photos.leclercdrive.fr/image.ashx?id=2597250&use=l&cat=p&typeid=i","cat":284628},{"id":111987,"n":"Repas bébé Blédichef 18 mois  Pâtes boeuf bourguignon - 250g","p":1.98,"u":"7,92 €/KG","img":"https://fd5-photos.leclercdrive.fr/image.ashx?id=2643746&use=l&cat=p&typeid=i","cat":312238},{"id":111989,"n":"Plat bébé soir Blédichef 12mois Semoule carotte - 230g","p":1.6,"u":"6,96 €/KG","img":"https://fd5-photos.leclercdrive.fr/image.ashx?id=2852363&use=l&cat=p&typeid=i","cat":312239},{"id":112017,"n":"AOP Côtes du Marmandais La Vieille Eglise - 3L","p":12.25,"u":"4,08 €/L","img":"https://fd5-photos.leclercdrive.fr/image.ashx?id=2022453&use=l&cat=p&typeid=i","cat":289560},{"id":112026,"n":"Fromage Saint Félicien Dauphine NRT - 180g","p":2.65,"u":"14,72 €/KG","img":"https://fd5-photos.leclercdrive.fr/image.ashx?id=2600617&use=l&cat=p&typeid=i","cat":329558},{"id":112038,"n":"Piles Duracell 2016 - x2","p":5.2,"u":"2,60 €/P","img":"https://fd5-photos.leclercdrive.fr/image.ashx?id=2831396&use=l&cat=p&typeid=i","cat":300572},{"id":112070,"n":"Galettes bio St Michel Au bon beurre - 130g","p":1.27,"u":"9,77 €/KG","img":"https://fd5-photos.leclercdrive.fr/image.ashx?id=2936236&use=l&cat=p&typeid=i","cat":284487},{"id":112125,"n":"Crème nutritive nuit So'bio Précieux Argan bio  - 50ml","p":11.63,"u":"232,60 €/L","img":"https://fd5-photos.leclercdrive.fr/image.ashx?id=2990715&use=l&cat=p&typeid=i","cat":325345},{"id":112126,"n":"Crème rose jour So'Bio Etic Précieux Argan bio - 50ml","p":10.83,"u":"216,60 €/L","img":"https://fd5-photos.leclercdrive.fr/image.ashx?id=2792687&use=l&cat=p&typeid=i","cat":325345},{"id":112143,"n":"Oignon rouge Panier du Primeur x4","p":1.79,"u":"0,45 €/P","img":"https://fd5-photos.leclercdrive.fr/image.ashx?id=2966490&use=l&cat=p&typeid=i","cat":284352},{"id":112153,"n":"Planta Fin Cuisson 79%MG - 500ml","p":2.38,"u":"4,76 €/L","img":"https://fd5-photos.leclercdrive.fr/image.ashx?id=2793083&use=l&cat=p&typeid=i","cat":315229},{"id":112210,"n":"Bière blonde Affligem 6x25cl","p":5.29,"u":"3,53 €/L","img":"https://fd5-photos.leclercdrive.fr/image.ashx?id=2530323&use=l&cat=p&typeid=i","cat":334852},{"id":112288,"n":"Coton Bocoton bio Maxi ovales - x40","p":1.81,"u":"0,05 €/P","img":"https://fd5-photos.leclercdrive.fr/image.ashx?id=2480307&use=l&cat=p&typeid=i","cat":284636},{"id":112291,"n":"Yaourt protéiné Hipro Myrtille 0%mg - 2x160g","p":2.04,"u":"6,38 €/KG","img":"https://fd5-photos.leclercdrive.fr/image.ashx?id=2800285&use=l&cat=p&typeid=i","cat":315000},{"id":112292,"n":"Yaourt protéiné Hipro Citron 0%mg - 2x160g","p":2.02,"u":"6,31 €/KG","img":"https://fd5-photos.leclercdrive.fr/image.ashx?id=2945415&use=l&cat=p&typeid=i","cat":315000},{"id":112293,"n":"Yaourt à boire protéiné Hipro Vanille cookie 0%mg - 300g","p":2.14,"u":"7,13 €/KG","img":"https://fd5-photos.leclercdrive.fr/image.ashx?id=2329753&use=l&cat=p&typeid=i","cat":315000},{"id":112294,"n":"Yaourt à boire protéiné Hipro Fraise framboise 0%mg - 300g","p":1.93,"u":"6,43 €/KG","img":"https://fd5-photos.leclercdrive.fr/image.ashx?id=2806060&use=l&cat=p&typeid=i","cat":315000},{"id":112335,"n":"Sauce soja carafe Kikkoman 150ml","p":4.24,"u":"28,27 €/L","img":"https://fd5-photos.leclercdrive.fr/image.ashx?id=2536290&use=l&cat=p&typeid=i","cat":288992},{"id":112471,"n":"Mousse Danette  Chocolat - 4x60g","p":1.55,"u":"6,46 €/KG","img":"https://fd5-photos.leclercdrive.fr/image.ashx?id=2964923&use=l&cat=p&typeid=i","cat":284417},{"id":112503,"n":"Baume de nuit La Provençale Bio Anti-Âge regénérant - 50ml","p":8.45,"u":"169,00 €/L","img":"https://fd5-photos.leclercdrive.fr/image.ashx?id=2950360&use=l&cat=p&typeid=i","cat":325345},{"id":112550,"n":"Feuille de chêne 125g","p":1.46,"u":"11,68 €/KG","img":"https://fd5-photos.leclercdrive.fr/image.ashx?id=2693315&use=l&cat=p&typeid=i","cat":284353},{"id":112556,"n":"Oignon rouge Bio  Bio Village - 500g","p":2.49,"u":"4,98 €/KG","img":"https://fd5-photos.leclercdrive.fr/image.ashx?id=3015147&use=l&cat=p&typeid=i","cat":284352},{"id":112557,"n":"Gnocchi à poêler Lustucru Fromage - 2x300g+ 300g offerts","p":3.19,"u":"3,54 €/KG","img":"https://fd5-photos.leclercdrive.fr/image.ashx?id=2192398&use=l&cat=p&typeid=i","cat":333682},{"id":112583,"n":"Biscuits Milka Chocolat au lait - 150g","p":2.29,"u":"15,27 €/KG","img":"https://fd5-photos.leclercdrive.fr/image.ashx?id=2347326&use=l&cat=p&typeid=i","cat":284488},{"id":112599,"n":"Sachets Chats Ultima Nature Poissons - 12x85g","p":8.99,"u":"8,81 €/KG","img":"https://fd5-photos.leclercdrive.fr/image.ashx?id=2338648&use=l&cat=p&typeid=i","cat":285286},{"id":112621,"n":"Riz au lait La Laitière Vanille - 4x115g","p":1.52,"u":"3,30 €/KG","img":"https://fd5-photos.leclercdrive.fr/image.ashx?id=2661151&use=l&cat=p&typeid=i","cat":284418},{"id":112624,"n":"Semoule au lait La Laitière Vanille - 4x115g","p":1.57,"u":"3,41 €/KG","img":"https://fd5-photos.leclercdrive.fr/image.ashx?id=2654578&use=l&cat=p&typeid=i","cat":284418},{"id":112635,"n":"Kriek cerise de St-Omer 2.8%Vol - 6x25cl","p":3.53,"u":"2,35 €/L","img":"https://fd5-photos.leclercdrive.fr/image.ashx?id=2093349&use=l&cat=p&typeid=i","cat":334878},{"id":112662,"n":"Vin mousseux Charles Volner Soirée blanche - 75cl","p":4.9,"pp":3.23,"u":"4,31 €/L","img":"https://fd5-photos.leclercdrive.fr/image.ashx?id=1727814&use=l&cat=p&typeid=i","cat":284544},{"id":112699,"n":"yaourt bifidus activia muesli framboise chia - 170g","p":1.87,"u":"11,00 €/KG","img":"https://fd5-photos.leclercdrive.fr/image.ashx?id=2965888&use=l&cat=p&typeid=i","cat":315000},{"id":112728,"n":"Coffret Mini feuilletés Blini Sapin - x32","p":4.93,"u":"0,15 €/P","img":"https://fd5-photos.leclercdrive.fr/image.ashx?id=2023847&use=l&cat=p&typeid=i","cat":319774},{"id":112761,"n":"Kid Smile McCain 850g","p":2.65,"u":"3,12 €/KG","img":"https://fd5-photos.leclercdrive.fr/image.ashx?id=2745802&use=l&cat=p&typeid=i","cat":319792},{"id":112806,"n":"Soupe Liquide Liebig  10 Légumes & Crème fraiche - 1L","p":2.28,"u":"2,28 €/L","img":"https://fd5-photos.leclercdrive.fr/image.ashx?id=2941484&use=l&cat=p&typeid=i","cat":284462},{"id":112808,"n":"Soupe liquide Liebig légumes Et vermicelles - Brique 1L","p":2.04,"u":"2,04 €/L","img":"https://fd5-photos.leclercdrive.fr/image.ashx?id=2892142&use=l&cat=p&typeid=i","cat":284462},{"id":112811,"n":"Gel Lave-Vaisselle Sun Tout-en-1 Citron 52 Lavages","p":7.9,"u":"8,78 €/L","img":"https://fd5-photos.leclercdrive.fr/image.ashx?id=2356268&use=l&cat=p&typeid=i","cat":284656},{"id":112885,"n":"Jeu Ta mère en slip Dès 10 ans","p":22.99,"img":"https://fd5-photos.leclercdrive.fr/image.ashx?id=1975841&use=l&cat=p&typeid=i","cat":334378},{"id":112888,"n":"Ta mère en slip 2 Dès 10 ans","p":22.99,"img":"https://fd5-photos.leclercdrive.fr/image.ashx?id=1865010&use=l&cat=p&typeid=i","cat":334378},{"id":112897,"n":"Twister Dès 6 ans","p":14.8,"img":"https://fd5-photos.leclercdrive.fr/image.ashx?id=2600797&use=l&cat=p&typeid=i","cat":334378},{"id":112898,"n":"Triominos junior Dès 5 ans","p":19.8,"img":"https://fd5-photos.leclercdrive.fr/image.ashx?id=2728855&use=l&cat=p&typeid=i","cat":334378},{"id":112947,"n":"Tablette de Chocolat Côte d'Or Praliné lait cajou amande 200g","p":3.81,"u":"19,05 €/KG","img":"https://fd5-photos.leclercdrive.fr/image.ashx?id=2957773&use=l&cat=p&typeid=i","cat":284497},{"id":113108,"n":"Tartine Grilletine de Pasquier Froment - x18 - 242g","p":1.53,"u":"6,32 €/KG","img":"https://fd5-photos.leclercdrive.fr/image.ashx?id=2333060&use=l&cat=p&typeid=i","cat":284479},{"id":113110,"n":"Tartine Grilletine de Pasquier Blé complet - x18 - 242g","p":1.5,"u":"6,20 €/KG","img":"https://fd5-photos.leclercdrive.fr/image.ashx?id=2333063&use=l&cat=p&typeid=i","cat":284479},{"id":113287,"n":"Bière Ambree Jenlain 6x25cl","p":5.07,"u":"3,38 €/L","img":"https://fd5-photos.leclercdrive.fr/image.ashx?id=2504677&use=l&cat=p&typeid=i","cat":334852},{"id":113292,"n":"Boisson énergisante Monster Energy Punch Pipeline - 50CL","p":1.52,"u":"3,04 €/L","img":"https://fd5-photos.leclercdrive.fr/image.ashx?id=2207436&use=l&cat=p&typeid=i","cat":284533},{"id":113330,"n":"Petits pois Cassegrain 2x280g","p":3.49,"u":"6,23 €/KG","img":"https://fd5-photos.leclercdrive.fr/image.ashx?id=2138611&use=l&cat=p&typeid=i","cat":312607},{"id":113352,"n":"Serviettes Discreet Tena Lady Megapack - Normal - x30","p":6.94,"u":"0,23 €/P","img":"https://fd5-photos.leclercdrive.fr/image.ashx?id=2975440&use=l&cat=p&typeid=i","cat":284628},{"id":113503,"n":"AOP Saint-Emilion Grand Cru Côtes Rocheuses - 75cl","p":12.95,"u":"17,27 €/L","img":"https://fd5-photos.leclercdrive.fr/image.ashx?id=2921115&use=l&cat=p&typeid=i","cat":289556},{"id":113554,"n":"Briquets décorés Bic x3","p":3.31,"u":"1,10 €/P","img":"https://fd5-photos.leclercdrive.fr/image.ashx?id=2887584&use=l&cat=p&typeid=i","cat":300578},{"id":113558,"n":"Compotes Pom'Potes Gourdes  5 Fruits Exotiques - 4x90g","p":2.2,"u":"6,11 €/KG","img":"https://fd5-photos.leclercdrive.fr/image.ashx?id=2990424&use=l&cat=p&typeid=i","cat":284508},{"id":113580,"n":"Filtre à café Melita 1x6 Original brun - x40","p":1.46,"u":"12,17 €/KG","img":"https://fd5-photos.leclercdrive.fr/image.ashx?id=2882047&use=l&cat=p&typeid=i","cat":284751},{"id":113624,"n":"Lait 1/2 écrémé Bio 6x1L Eleveurs des Hauts de France","p":7.5,"u":"1,25 €/L","img":"https://fd5-photos.leclercdrive.fr/image.ashx?id=1734109&use=l&cat=p&typeid=i","cat":284377},{"id":113632,"n":"Piles Duracell LR44 - x4","p":5.44,"u":"1,36 €/P","img":"https://fd5-photos.leclercdrive.fr/image.ashx?id=2328631&use=l&cat=p&typeid=i","cat":300572},{"id":113654,"n":"Xtrem Box Sodebo Radiatori Bœuf Poivre - 400g","p":3.28,"u":"8,20 €/KG","img":"https://fd5-photos.leclercdrive.fr/image.ashx?id=2643998&use=l&cat=p&typeid=i","cat":334983},{"id":113680,"n":"Brioche tressée Nature Harrys Sucre perlé sans additif - 500g","p":2.83,"u":"5,66 €/KG","img":"https://fd5-photos.leclercdrive.fr/image.ashx?id=2503013&use=l&cat=p&typeid=i","cat":284478},{"id":113685,"n":"Bûche glacée L'Angelys Vanille  Caramel beurre salé - 500g","p":8.5,"u":"17,00 €/KG","img":"https://fd5-photos.leclercdrive.fr/image.ashx?id=2950435&use=l&cat=p&typeid=i","cat":284266},{"id":113686,"n":"Tablette de chocolat noir Lindt Citron Gingembre - 100g","p":2.43,"u":"24,30 €/KG","img":"https://fd5-photos.leclercdrive.fr/image.ashx?id=2956996&use=l&cat=p&typeid=i","cat":284956},{"id":113709,"n":"Crème dessert La Laitière Pot de crème caramel - 4x100g","p":2.36,"u":"5,90 €/KG","img":"https://fd5-photos.leclercdrive.fr/image.ashx?id=2849683&use=l&cat=p&typeid=i","cat":285041},{"id":113747,"n":"Fromage raclette Les Croisés Aux Herbes de provence - 250g","p":4.34,"u":"17,36 €/KG","img":"https://fd5-photos.leclercdrive.fr/image.ashx?id=2793296&use=l&cat=p&typeid=i","cat":314037},{"id":113754,"n":"Crème fraîche Yoplait Légère -12% matière grasse 450g","p":1.43,"u":"3,18 €/KG","img":"https://fd5-photos.leclercdrive.fr/image.ashx?id=2811032&use=l&cat=p&typeid=i","cat":284381},{"id":113756,"n":"Fromage blanc Calin Nature - 3,2%MG - 1kg","p":2.71,"u":"2,71 €/KG","img":"https://fd5-photos.leclercdrive.fr/image.ashx?id=2973727&use=l&cat=p&typeid=i","cat":284409},{"id":113774,"n":"Assiette riz Bio Village Bio Légumes vert  12 mois 230g","p":1.45,"u":"6,30 €/KG","img":"https://fd5-photos.leclercdrive.fr/image.ashx?id=2900205&use=l&cat=p&typeid=i","cat":312237},{"id":113779,"n":"Assiette bio Bio Village Haricot vert dinde 12 mois 230g","p":1.45,"u":"6,30 €/KG","img":"https://fd5-photos.leclercdrive.fr/image.ashx?id=2900217&use=l&cat=p&typeid=i","cat":312237},{"id":113783,"n":"Assiette bio Bio Village Hachis parmentier 12 mois 230g","p":1.45,"u":"6,30 €/KG","img":"https://fd5-photos.leclercdrive.fr/image.ashx?id=2900220&use=l&cat=p&typeid=i","cat":312237},{"id":113786,"n":"Assiette Tajine Bio Village Bio  15 mois 250g","p":1.85,"u":"7,40 €/KG","img":"https://fd5-photos.leclercdrive.fr/image.ashx?id=2878756&use=l&cat=p&typeid=i","cat":312238},{"id":113789,"n":"Assiette bio Bio Village Pot au feu - 18 mois - 260g","p":1.89,"u":"7,27 €/KG","img":"https://fd5-photos.leclercdrive.fr/image.ashx?id=2900235&use=l&cat=p&typeid=i","cat":312238},{"id":113790,"n":"Assiette 12 mois Bio Village Spaghetti bolognaise bio - 230g","p":1.59,"u":"6,91 €/KG","img":"https://fd5-photos.leclercdrive.fr/image.ashx?id=2900238&use=l&cat=p&typeid=i","cat":312237},{"id":113793,"n":"Assiette bio Bio Village Carotte boeuf pdt 15mois 250g","p":1.85,"u":"7,40 €/KG","img":"https://fd5-photos.leclercdrive.fr/image.ashx?id=2900241&use=l&cat=p&typeid=i","cat":312238},{"id":113806,"n":"Omelette norvégienne L'Angelys Vanille - 360g","p":11.99,"u":"33,31 €/KG","img":"https://fd5-photos.leclercdrive.fr/image.ashx?id=2921987&use=l&cat=p&typeid=i","cat":284266},{"id":113851,"n":"100% pur Jus bio Bio Village Petit-déjeuner  - 1L","p":2.87,"u":"2,87 €/L","img":"https://fd5-photos.leclercdrive.fr/image.ashx?id=2901566&use=l&cat=p&typeid=i","cat":284521},{"id":113854,"n":"Panaché Millbrau <0.5%vol - 10x25cl","p":2.45,"u":"0,98 €/L","img":"https://fd5-photos.leclercdrive.fr/image.ashx?id=2059071&use=l&cat=p&typeid=i","cat":334877},{"id":113855,"n":"Boisson thé Fresh Tea Pêche abricot - 1.5L","p":1.82,"u":"1,21 €/L","img":"https://fd5-photos.leclercdrive.fr/image.ashx?id=2622281&use=l&cat=p&typeid=i","cat":295019},{"id":113913,"n":"Eau micellaire douceur Jonzac Nettoyante bébé bio - 500ml","p":7.9,"u":"15,80 €/L","img":"https://fd5-photos.leclercdrive.fr/image.ashx?id=2461033&use=l&cat=p&typeid=i","cat":290425},{"id":113969,"n":"Thon Albacore Le Savoureux Entier à l'Huile d'Olive - 80g","p":1.87,"u":"23,38 €/KG","img":"https://fd5-photos.leclercdrive.fr/image.ashx?id=2167919&use=l&cat=p&typeid=i","cat":303867},{"id":113980,"n":"Café dosettes Tassimo Grand-mère - Expresso x16","p":4.12,"u":"39,62 €/KG","img":"https://fd5-photos.leclercdrive.fr/image.ashx?id=1749617&use=l&cat=p&typeid=i","cat":293240},{"id":113998,"n":"Girasoli Lustucru Selection  Ricotta Epinard - 250g","p":2.44,"u":"9,76 €/KG","img":"https://fd5-photos.leclercdrive.fr/image.ashx?id=2974351&use=l&cat=p&typeid=i","cat":333682},{"id":114017,"n":"Bière blonde Heineken 5%vol - 12x33cl","p":8.88,"u":"2,24 €/L","img":"https://fd5-photos.leclercdrive.fr/image.ashx?id=3008125&use=l&cat=p&typeid=i","cat":334853},{"id":114018,"n":"Bière blonde Heineken 5%vol - Boite 4x50cl","p":4.39,"u":"2,20 €/L","img":"https://fd5-photos.leclercdrive.fr/image.ashx?id=3008122&use=l&cat=p&typeid=i","cat":334853},{"id":114023,"n":"Thon au naturel Petit Navire Démarche Responsable - 280g","p":4.39,"u":"15,68 €/KG","img":"https://fd5-photos.leclercdrive.fr/image.ashx?id=2909974&use=l&cat=p&typeid=i","cat":303867},{"id":114082,"n":"Distributeur Stevia Pure Via 80 unités - 7g","p":2.87,"u":"410,00 €/KG","img":"https://fd5-photos.leclercdrive.fr/image.ashx?id=3008428&use=l&cat=p&typeid=i","cat":324846},{"id":114091,"n":"Lait corps satinant Inell 250ml","p":2.5,"u":"10,00 €/L","img":"https://fd5-photos.leclercdrive.fr/image.ashx?id=2691697&use=l&cat=p&typeid=i","cat":325349},{"id":114094,"n":"Shampooing douche Petit Manava Pêche abricot - 500ml","p":2.19,"u":"4,38 €/L","img":"https://fd5-photos.leclercdrive.fr/image.ashx?id=2410636&use=l&cat=p&typeid=i","cat":284606},{"id":114096,"n":"Culotte Chorys Taille XL - x10","p":10.31,"u":"1,03 €/P","img":"https://fd5-photos.leclercdrive.fr/image.ashx?id=2623016&use=l&cat=p&typeid=i","cat":284628},{"id":114103,"n":"Change culottes Mots d'enfants T6 : +16kg - x36","p":9.75,"u":"0,27 €/P","img":"https://fd5-photos.leclercdrive.fr/image.ashx?id=2907240&use=l&cat=p&typeid=i","cat":290633},{"id":114112,"n":"Soin de jour Nivea visage Q10 Peau sèche - 50ml","p":9.62,"u":"192,40 €/L","img":"https://fd5-photos.leclercdrive.fr/image.ashx?id=2289129&use=l&cat=p&typeid=i","cat":325345},{"id":114238,"n":"Yaourt gourde Délisse Vanille/framboise - 6x90g","p":2.97,"u":"33,00 €/KG","img":"https://fd5-photos.leclercdrive.fr/image.ashx?id=2705089&use=l&cat=p&typeid=i","cat":284415},{"id":114242,"n":"Taboulé Oriental Pierre Martinet - 510g","p":2.05,"u":"4,02 €/KG","img":"https://fd5-photos.leclercdrive.fr/image.ashx?id=2684491&use=l&cat=p&typeid=i","cat":333657},{"id":114269,"n":"Puissance 4 Dès 6 ans - 2 joueurs","p":11.9,"img":"https://fd5-photos.leclercdrive.fr/image.ashx?id=2293171&use=l&cat=p&typeid=i","cat":334378},{"id":114272,"n":"Fromage Saint Agur 190g + 30% offerts","p":3.69,"u":"14,94 €/KG","img":"https://fd5-photos.leclercdrive.fr/image.ashx?id=2157007&use=l&cat=p&typeid=i","cat":314032},{"id":114375,"n":"AOP Clairette de Die Jaillance Brut - Esprit de Terroir - 75cl","p":5.95,"u":"7,93 €/L","img":"https://fd5-photos.leclercdrive.fr/image.ashx?id=2656781&use=l&cat=p&typeid=i","cat":284544},{"id":114411,"n":"Dès de cheddar  Les Croisés 150g","p":2.19,"u":"14,60 €/KG","img":"https://fd5-photos.leclercdrive.fr/image.ashx?id=2422553&use=l&cat=p&typeid=i","cat":314027},{"id":114486,"n":"Boisson énergisante Crazy Tiger 1.5L","p":2.95,"u":"1,97 €/L","img":"https://fd5-photos.leclercdrive.fr/image.ashx?id=2735968&use=l&cat=p&typeid=i","cat":284533},{"id":114522,"n":"Bière blonde Leffe Triple 8,5% - 12x25cl","p":10.33,"u":"3,44 €/L","img":"https://fd5-photos.leclercdrive.fr/image.ashx?id=2548294&use=l&cat=p&typeid=i","cat":334852},{"id":114570,"n":"Traîneau chocolat oeuf Kinder Bleu - 75g","p":3.77,"u":"50,27 €/KG","img":"https://fd5-photos.leclercdrive.fr/image.ashx?id=2417549&use=l&cat=p&typeid=i","cat":327592},{"id":114652,"n":"Mouchoirs blanc 2 plis Caresse Boîte mouchoirs papier - x180","p":1.69,"u":"0,01 €/P","img":"https://fd5-photos.leclercdrive.fr/image.ashx?id=2752640&use=l&cat=p&typeid=i","cat":284638},{"id":114805,"n":"Coeur Coulant Bonne Maman Chocolat - 2x80g","p":2.93,"u":"18,31 €/KG","img":"https://fd5-photos.leclercdrive.fr/image.ashx?id=2912326&use=l&cat=p&typeid=i","cat":284419},{"id":114807,"n":"Dessert Fruitier Andros Poire Williams morceaux 4x100g","p":2.87,"u":"7,18 €/KG","img":"https://fd5-photos.leclercdrive.fr/image.ashx?id=2908198&use=l&cat=p&typeid=i","cat":284416},{"id":114890,"n":"Fromage Comté NRT AOP 15 mois 200g","p":4.44,"u":"22,20 €/KG","img":"https://fd5-photos.leclercdrive.fr/image.ashx?id=2272030&use=l&cat=p&typeid=i","cat":314034},{"id":114970,"n":"Beurrier tendre Président Doux - 82% MG - 125g","p":2.12,"u":"16,96 €/KG","img":"https://fd5-photos.leclercdrive.fr/image.ashx?id=2917435&use=l&cat=p&typeid=i","cat":284379},{"id":115017,"n":"Protège slip Chorys Ultra mini long - x24","p":1.7,"u":"0,07 €/P","img":"https://fd5-photos.leclercdrive.fr/image.ashx?id=1962795&use=l&cat=p&typeid=i","cat":284628},{"id":115072,"n":"Girasoli Lustucru Selection  Cèpes Ricotta - 250g","p":2.54,"u":"10,16 €/KG","img":"https://fd5-photos.leclercdrive.fr/image.ashx?id=2974599&use=l&cat=p&typeid=i","cat":333682},{"id":115093,"n":"Mozzarella vache Casa Azzurra Râpée - 150g","p":1.95,"u":"13,00 €/KG","img":"https://fd5-photos.leclercdrive.fr/image.ashx?id=1757239&use=l&cat=p&typeid=i","cat":314035},{"id":115113,"n":"Tirlibibi Haribo Boîte bonbons - 750g","p":4.53,"u":"6,04 €/KG","img":"https://fd5-photos.leclercdrive.fr/image.ashx?id=2806922&use=l&cat=p&typeid=i","cat":304250},{"id":115114,"n":"Polka Haribo Sachet bonbons - 300g","p":1.28,"u":"4,27 €/KG","img":"https://fd5-photos.leclercdrive.fr/image.ashx?id=2982414&use=l&cat=p&typeid=i","cat":304250},{"id":115115,"n":"Les Schtroumpfs Haribo Sachet bonbons - 300g","p":1.37,"u":"4,57 €/KG","img":"https://fd5-photos.leclercdrive.fr/image.ashx?id=2788475&use=l&cat=p&typeid=i","cat":304250},{"id":115116,"n":"Chamallows Haribo Guimauves   - 300g","p":1.41,"u":"4,70 €/KG","img":"https://fd5-photos.leclercdrive.fr/image.ashx?id=2984937&use=l&cat=p&typeid=i","cat":304250},{"id":115124,"n":"Terrine chien Bio Poulet légume - 300g","p":1.62,"u":"5,40 €/KG","img":"https://fd5-photos.leclercdrive.fr/image.ashx?id=2333808&use=l&cat=p&typeid=i","cat":284673},{"id":115158,"n":"Gelée bio Bio Naïa A l'aloe vera bio - 200ml","p":3.99,"u":"19,95 €/L","img":"https://fd5-photos.leclercdrive.fr/image.ashx?id=2436699&use=l&cat=p&typeid=i","cat":325350},{"id":115163,"n":"Infusion Twinings Ayurveda gingembre miel et citron x20","p":2.83,"u":"88,44 €/KG","img":"https://fd5-photos.leclercdrive.fr/image.ashx?id=2893036&use=l&cat=p&typeid=i","cat":293234},{"id":115251,"n":"Déodorant compressé Ushuaïa Vanille - 100ml","p":3.06,"u":"30,60 €/L","img":"https://fd5-photos.leclercdrive.fr/image.ashx?id=2555715&use=l&cat=p&typeid=i","cat":284595},{"id":115274,"n":"Masque tissu Inell Coup d'éclat - 1 pièce","p":1.82,"img":"https://fd5-photos.leclercdrive.fr/image.ashx?id=2691691&use=l&cat=p&typeid=i","cat":325346},{"id":115276,"n":"Crèmes main Inell Anti-taches - 75ml","p":2.99,"u":"39,87 €/L","img":"https://fd5-photos.leclercdrive.fr/image.ashx?id=1755952&use=l&cat=p&typeid=i","cat":325354},{"id":115278,"n":"Gressins traditionnels Artesani 300g","p":2.17,"u":"7,23 €/KG","img":"https://fd5-photos.leclercdrive.fr/image.ashx?id=2475852&use=l&cat=p&typeid=i","cat":289010},{"id":115324,"n":"Capsules café Plantation Décaféiné n°5 -  x10 - 52g","p":2.39,"u":"45,96 €/KG","img":"https://fd5-photos.leclercdrive.fr/image.ashx?id=2918472&use=l&cat=p&typeid=i","cat":284749},{"id":115351,"n":"Capsules café Plantation Espresso Forte n°8 - x10 - 52g","p":2.35,"u":"45,19 €/KG","img":"https://fd5-photos.leclercdrive.fr/image.ashx?id=2918478&use=l&cat=p&typeid=i","cat":284749},{"id":115357,"n":"Tablette De Chocolat A Patisser Pralinoise Praline - 180g","p":2.95,"u":"16,39 €/KG","img":"https://fd5-photos.leclercdrive.fr/image.ashx?id=2890265&use=l&cat=p&typeid=i","cat":285562},{"id":115363,"n":"Lait bébé en poudre Blédilait 1er âge 0-6 mois 900g","p":14.85,"u":"16,50 €/KG","img":"https://fd5-photos.leclercdrive.fr/image.ashx?id=2855052&use=l&cat=p&typeid=i","cat":284726},{"id":115364,"n":"Lait bébé en poudre Blédilait 2e âge 6-12 mois 900g","p":13.34,"u":"14,82 €/KG","img":"https://fd5-photos.leclercdrive.fr/image.ashx?id=2616853&use=l&cat=p&typeid=i","cat":284727},{"id":115367,"n":"Biscuits roses de Reims NRT 200g","p":3.69,"u":"18,45 €/KG","img":"https://fd5-photos.leclercdrive.fr/image.ashx?id=2704912&use=l&cat=p&typeid=i","cat":284487},{"id":115442,"n":"IGP Pays d'Oc Vin rouge Bleu de Mer - B. Magrez - 75cl","p":5.55,"u":"7,40 €/L","img":"https://fd5-photos.leclercdrive.fr/image.ashx?id=2867629&use=l&cat=p&typeid=i","cat":289556},{"id":115455,"n":"Bougies d'anniversaire Vahiné Bleues - blister de 16 bougies","p":1.35,"u":"0,08 €/P","img":"https://fd5-photos.leclercdrive.fr/image.ashx?id=1584569&use=l&cat=p&typeid=i","cat":284504},{"id":115463,"n":"Litière chats Tranquille Carbonite - 7.1kg","p":6.05,"u":"0,85 €/KG","img":"https://fd5-photos.leclercdrive.fr/image.ashx?id=2421871&use=l&cat=p&typeid=i","cat":284683},{"id":115488,"n":"Bière blonde 1664 5,5° - 12x25cl","p":7.49,"u":"2,50 €/L","img":"https://fd5-photos.leclercdrive.fr/image.ashx?id=2215566&use=l&cat=p&typeid=i","cat":334873},{"id":115492,"n":"Bière blonde 1664 5,5° - 6x25cl","p":3.97,"u":"2,65 €/L","img":"https://fd5-photos.leclercdrive.fr/image.ashx?id=2215572&use=l&cat=p&typeid=i","cat":334873},{"id":115528,"n":"Alcool 90° Primoplast 100ml","p":2.19,"u":"21,90 €/L","img":"https://fd5-photos.leclercdrive.fr/image.ashx?id=2856570&use=l&cat=p&typeid=i","cat":284630},{"id":115529,"n":"Bloc WC Uni Vert Ball - 55g","p":1.99,"u":"36,18 €/KG","img":"https://fd5-photos.leclercdrive.fr/image.ashx?id=2568801&use=l&cat=p&typeid=i","cat":284662},{"id":115667,"n":"Pâté landais Maison Lartigue 20% foie gras canard - 180g","p":5.59,"u":"31,06 €/KG","img":"https://fd5-photos.leclercdrive.fr/image.ashx?id=1760965&use=l&cat=p&typeid=i","cat":316008},{"id":115682,"n":"Farce à escargot 250g","p":2.79,"u":"11,16 €/KG","img":"https://fd5-photos.leclercdrive.fr/image.ashx?id=2103613&use=l&cat=p&typeid=i","cat":284379},{"id":115689,"n":"La Grillée Garden Gourmet Soja et Blé 150g","p":3.83,"u":"25,53 €/KG","img":"https://fd5-photos.leclercdrive.fr/image.ashx?id=2988689&use=l&cat=p&typeid=i","cat":316036},{"id":115761,"n":"Tablette de chocolat Lindt Noir 100% Cacao - 50g","p":2.58,"u":"51,60 €/KG","img":"https://fd5-photos.leclercdrive.fr/image.ashx?id=2397773&use=l&cat=p&typeid=i","cat":284956},{"id":115771,"n":"Lait bébé en poudre Gallia Calisma 2e âge 6-12mois 2x600g","p":20.25,"u":"16,88 €/KG","img":"https://fd5-photos.leclercdrive.fr/image.ashx?id=2935750&use=l&cat=p&typeid=i","cat":284727},{"id":115773,"n":"Lait bébé en poudre Gallia Calisma 1er âge 0-6 mois 2x600g","p":23.88,"u":"19,90 €/KG","img":"https://fd5-photos.leclercdrive.fr/image.ashx?id=2953755&use=l&cat=p&typeid=i","cat":284726},{"id":115781,"n":"AOC Gigondas vin rouge Rives & Terrasses - 75cl","p":12.49,"u":"16,65 €/L","img":"https://fd5-photos.leclercdrive.fr/image.ashx?id=2750168&use=l&cat=p&typeid=i","cat":289556},{"id":115788,"n":"AOC Crémant de Loire brut rosé Les Caractères - 75cl","p":5.35,"u":"7,13 €/L","img":"https://fd5-photos.leclercdrive.fr/image.ashx?id=2895792&use=l&cat=p&typeid=i","cat":284545},{"id":115850,"n":"Compote Charles & Alice Pommes Passion - 4x97g","p":1.59,"u":"4,10 €/KG","img":"https://fd5-photos.leclercdrive.fr/image.ashx?id=2757692&use=l&cat=p&typeid=i","cat":284416},{"id":115905,"n":"Yaourt brassé Perle de Lait Coco - 8x125g","p":3.49,"u":"3,49 €/KG","img":"https://fd5-photos.leclercdrive.fr/image.ashx?id=2989204&use=l&cat=p&typeid=i","cat":314999},{"id":115910,"n":"Yaourt brassé Perle de Lait Vanille - 8x125g","p":3.24,"u":"3,24 €/KG","img":"https://fd5-photos.leclercdrive.fr/image.ashx?id=2990568&use=l&cat=p&typeid=i","cat":314999},{"id":115958,"n":"Poelée de cèpes Magda Au beurre persillé - 300g","p":3.98,"pp":2.63,"u":"8,77 €/KG","img":"https://fd5-photos.leclercdrive.fr/image.ashx?id=2790015&use=l&cat=p&typeid=i","cat":319823},{"id":115970,"n":"Girolles à la crème Magda 300g","p":3.98,"pp":2.63,"u":"8,77 €/KG","img":"https://fd5-photos.leclercdrive.fr/image.ashx?id=2411117&use=l&cat=p&typeid=i","cat":319805},{"id":115986,"n":"Pain surprise de campagne Côté Table x32 - 460g","p":8.5,"u":"18,48 €/KG","img":"https://fd5-photos.leclercdrive.fr/image.ashx?id=2776466&use=l&cat=p&typeid=i","cat":319774},{"id":115989,"n":"Pain Surprise Suédois  x32 - 360g","p":7.11,"u":"19,75 €/KG","img":"https://fd5-photos.leclercdrive.fr/image.ashx?id=2598710&use=l&cat=p&typeid=i","cat":319774},{"id":115991,"n":"Squidgies Haribo Sachet bonbons - 200g","p":1.97,"u":"9,85 €/KG","img":"https://fd5-photos.leclercdrive.fr/image.ashx?id=2984934&use=l&cat=p&typeid=i","cat":304250},{"id":116002,"n":"Porto Cruz Blanc - 18%vol - 75cl","p":7.64,"u":"10,19 €/L","img":"https://fd5-photos.leclercdrive.fr/image.ashx?id=2535822&use=l&cat=p&typeid=i","cat":284913},{"id":116010,"n":"Biscotte Pasquier Blé sans sucre ajoutés - 300g","p":1.8,"u":"6,00 €/KG","img":"https://fd5-photos.leclercdrive.fr/image.ashx?id=2507952&use=l&cat=p&typeid=i","cat":284479},{"id":116011,"n":"Biscotte Pasquier Froment sans sucre - 300g","p":1.79,"u":"5,97 €/KG","img":"https://fd5-photos.leclercdrive.fr/image.ashx?id=2507955&use=l&cat=p&typeid=i","cat":284479},{"id":116096,"n":"Shampooing douche Petit Manava Fraise cerise - 250ml","p":1.35,"u":"5,40 €/L","img":"https://fd5-photos.leclercdrive.fr/image.ashx?id=1763207&use=l&cat=p&typeid=i","cat":284606},{"id":116114,"n":"Shampooing douche Petit Manava Pêche banane - 250ml","p":1.35,"u":"5,40 €/L","img":"https://fd5-photos.leclercdrive.fr/image.ashx?id=2440458&use=l&cat=p&typeid=i","cat":284606},{"id":116166,"n":"Adoucissant concentré Hyperdou Rosée du matin x60 - 1.5L","p":3.95,"u":"2,63 €/L","img":"https://fd5-photos.leclercdrive.fr/image.ashx?id=2602916&use=l&cat=p&typeid=i","cat":284650},{"id":116167,"n":"Adoucissant concentré Hyperdou Rêve merveille x60 - 1.5L","p":3.95,"u":"2,63 €/L","img":"https://fd5-photos.leclercdrive.fr/image.ashx?id=2602925&use=l&cat=p&typeid=i","cat":284650},{"id":116168,"n":"Adoucissant concentré Hyperdou Fraîcheur fleurie x60 - 1.5L","p":3.95,"u":"2,63 €/L","img":"https://fd5-photos.leclercdrive.fr/image.ashx?id=2602931&use=l&cat=p&typeid=i","cat":284650},{"id":116169,"n":"Adoucissant concentré Hyperdou Coucher soleil x60 - 1.5L","p":3.95,"u":"2,63 €/L","img":"https://fd5-photos.leclercdrive.fr/image.ashx?id=2602937&use=l&cat=p&typeid=i","cat":284650},{"id":116170,"n":"Adoucissant concentré Hyperdou Fraîcheur x75 - 1.95L","p":3.61,"u":"1,85 €/L","img":"https://fd5-photos.leclercdrive.fr/image.ashx?id=2602949&use=l&cat=p&typeid=i","cat":284650},{"id":116221,"n":"Crème de jour L'Oréal Paris  Revitalift Anti-âge - 50ml","p":13.86,"u":"277,20 €/L","img":"https://fd5-photos.leclercdrive.fr/image.ashx?id=2926581&use=l&cat=p&typeid=i","cat":325345},{"id":116224,"n":"Porto Tawny Cruz 18%vol - 75cl","p":7.41,"u":"9,88 €/L","img":"https://fd5-photos.leclercdrive.fr/image.ashx?id=2536373&use=l&cat=p&typeid=i","cat":284913},{"id":116225,"n":"Soin jour Nivea visage Naturally good - 50ml","p":7.33,"u":"146,60 €/L","img":"https://fd5-photos.leclercdrive.fr/image.ashx?id=2944909&use=l&cat=p&typeid=i","cat":325345},{"id":116227,"n":"Pétillant Muscat Roche Mazet Demi-sec blanc - 75cl","p":4.5,"pp":2.97,"u":"3,96 €/L","img":"https://fd5-photos.leclercdrive.fr/image.ashx?id=2475618&use=l&cat=p&typeid=i","cat":284544},{"id":116250,"n":"LLait bébé en poudre Gallia Calisma 1er âge  0-6 mois 700g","p":14.9,"u":"21,29 €/KG","img":"https://fd5-photos.leclercdrive.fr/image.ashx?id=2479718&use=l&cat=p&typeid=i","cat":284726},{"id":116254,"n":"Lait bébé en poudre Calisma Bio Gallia croissance 10 mois 800g","p":17.16,"u":"21,45 €/KG","img":"https://fd5-photos.leclercdrive.fr/image.ashx?id=2760325&use=l&cat=p&typeid=i","cat":290219},{"id":116284,"n":"Tablette de chocolat Côte d'Or Lait coeur coulant caramel 200g","p":4.14,"u":"20,70 €/KG","img":"https://fd5-photos.leclercdrive.fr/image.ashx?id=1925405&use=l&cat=p&typeid=i","cat":284497},{"id":116321,"n":"Soupe liquide Liebig tomates  Et vermicelles - Brique 1L","p":2.05,"u":"2,05 €/L","img":"https://fd5-photos.leclercdrive.fr/image.ashx?id=2941481&use=l&cat=p&typeid=i","cat":284462},{"id":116339,"n":"Test de grossesse Mercurochrome 1 pièce","p":4.43,"img":"https://fd5-photos.leclercdrive.fr/image.ashx?id=2806958&use=l&cat=p&typeid=i","cat":324482},{"id":116473,"n":"Coloration 4.0 Olia Chatain pur - x2","p":15.38,"u":"7,69 €/P","img":"https://fd5-photos.leclercdrive.fr/image.ashx?id=2422896&use=l&cat=p&typeid=i","cat":288899},{"id":116553,"n":"Soin rénovation La Roche-Posay Effaclar K  Peaux grasses -40ml","p":14.89,"u":"372,25 €/L","img":"https://fd5-photos.leclercdrive.fr/image.ashx?id=2165140&use=l&cat=p&typeid=i","cat":291166},{"id":116557,"n":"Mouche bébé Prohinel  x2 embouts jetables","p":5.96,"img":"https://fd5-photos.leclercdrive.fr/image.ashx?id=2918817&use=l&cat=p&typeid=i","cat":289435},{"id":116720,"n":"Tarte citron meringuée  Bonne Maman - 2x90g","p":1.89,"u":"10,50 €/KG","img":"https://fd5-photos.leclercdrive.fr/image.ashx?id=2878777&use=l&cat=p&typeid=i","cat":284419},{"id":116751,"n":"Sojasun mandarine citron vert 4x100g","p":1.62,"u":"4,05 €/KG","img":"https://fd5-photos.leclercdrive.fr/image.ashx?id=2355683&use=l&cat=p&typeid=i","cat":316071},{"id":116837,"n":"Rummikub Lettres Dès 16 ans","p":28.9,"img":"https://fd5-photos.leclercdrive.fr/image.ashx?id=2293246&use=l&cat=p&typeid=i","cat":334378},{"id":116925,"n":"Compote Andros pomme poire x12+4 offerts - 1.6kg","p":3.37,"u":"2,11 €/KG","img":"https://fd5-photos.leclercdrive.fr/image.ashx?id=2769068&use=l&cat=p&typeid=i","cat":284416},{"id":116985,"n":"Parmesan Râpé Giovanni Ferrari  22 mois AOP - 60g","p":1.74,"u":"29,00 €/KG","img":"https://fd5-photos.leclercdrive.fr/image.ashx?id=3002297&use=l&cat=p&typeid=i","cat":314035},{"id":117132,"n":"Bouillon kub légumes Maggi -25% sel - 120g","p":1.37,"u":"11,42 €/KG","img":"https://fd5-photos.leclercdrive.fr/image.ashx?id=2758443&use=l&cat=p&typeid=i","cat":288379},{"id":117146,"n":"Lentilles rosées Bio Happy Bio 500g","p":2.62,"u":"5,24 €/KG","img":"https://fd5-photos.leclercdrive.fr/image.ashx?id=2685027&use=l&cat=p&typeid=i","cat":312609},{"id":117203,"n":"Pâtes Mafalde Garofalo 500g","p":1.78,"u":"3,56 €/KG","img":"https://fd5-photos.leclercdrive.fr/image.ashx?id=2884837&use=l&cat=p&typeid=i","cat":284427},{"id":117225,"n":"Sirop Moulin de Valdonne Grenadine - 70cl","p":3.06,"u":"4,37 €/L","img":"https://fd5-photos.leclercdrive.fr/image.ashx?id=2170610&use=l&cat=p&typeid=i","cat":295020},{"id":117226,"n":"Chocolat noir Lindt Sensation crispy céréales 140g","p":2.7,"u":"19,29 €/KG","img":"https://fd5-photos.leclercdrive.fr/image.ashx?id=2208915&use=l&cat=p&typeid=i","cat":304238},{"id":117235,"n":"Sirop Moulin de Valdonne Pêche abricot - 70cl","p":3.46,"u":"4,94 €/L","img":"https://fd5-photos.leclercdrive.fr/image.ashx?id=2170613&use=l&cat=p&typeid=i","cat":295020},{"id":117242,"n":"Biscuit coco pavot GERBLE BIO  Bio - 4x3, 132g","p":2.0,"u":"15,15 €/KG","img":"https://fd5-photos.leclercdrive.fr/image.ashx?id=2664052&use=l&cat=p&typeid=i","cat":284487},{"id":117244,"n":"Biscuit 3 graines Gerblé Bio  - 132g","p":1.99,"u":"15,08 €/KG","img":"https://fd5-photos.leclercdrive.fr/image.ashx?id=2664055&use=l&cat=p&typeid=i","cat":318651},{"id":117246,"n":"Biscuits Gerblé Bio Citron gingembre - 132g","p":2.01,"u":"15,23 €/KG","img":"https://fd5-photos.leclercdrive.fr/image.ashx?id=2662871&use=l&cat=p&typeid=i","cat":318651},{"id":117404,"n":"La Poêlée Rustique Bonduelle 750g","p":3.47,"u":"4,63 €/KG","img":"https://fd5-photos.leclercdrive.fr/image.ashx?id=2910055&use=l&cat=p&typeid=i","cat":319823},{"id":117408,"n":"Yaourt nature ferme C'est Qui Le Patron - 8x125g","p":2.41,"u":"2,41 €/KG","img":"https://fd5-photos.leclercdrive.fr/image.ashx?id=2672386&use=l&cat=p&typeid=i","cat":284409},{"id":117457,"n":"Eau aromatisée Cristaline Jus de fruits citron - 1.5L","p":0.93,"u":"0,62 €/L","img":"https://fd5-photos.leclercdrive.fr/image.ashx?id=2386623&use=l&cat=p&typeid=i","cat":284537},{"id":117621,"n":"Granulés de bois Din+ 70/45 mm - 15kg","p":4.99,"u":"0,33 €/KG","img":"https://fd5-photos.leclercdrive.fr/image.ashx?id=1847743&use=l&cat=p&typeid=i","cat":300577},{"id":117705,"n":"Ras El Hanout Ducros Epices couscous - 38g","p":1.87,"u":"49,21 €/KG","img":"https://fd5-photos.leclercdrive.fr/image.ashx?id=2559490&use=l&cat=p&typeid=i","cat":298297},{"id":117721,"n":"Truite Fumée  Ronde des Mers  4 tranches - 120g","p":4.3,"u":"35,83 €/KG","img":"https://fd5-photos.leclercdrive.fr/image.ashx?id=2084096&use=l&cat=p&typeid=i","cat":285188},{"id":118024,"n":"Champagne Piper Heidsieck Rosé sauvage 12% Vol - 75 cl","p":29.88,"u":"39,84 €/L","img":"https://fd5-photos.leclercdrive.fr/image.ashx?id=2103247&use=l&cat=p&typeid=i","cat":284542},{"id":118038,"n":"AOP Alsace Gewurztraminer Nos Vignerons ont du Talent - 75cl","p":8.99,"u":"11,99 €/L","img":"https://fd5-photos.leclercdrive.fr/image.ashx?id=2566203&use=l&cat=p&typeid=i","cat":289557},{"id":118192,"n":"Vin mousseux de France blanc Muscador Cépage muscat  - 1.5L","p":5.49,"u":"3,66 €/L","img":"https://fd5-photos.leclercdrive.fr/image.ashx?id=2260779&use=l&cat=p&typeid=i","cat":284544},{"id":118193,"n":"Beurre Bocage Doux - 60%MG - 250g","p":2.17,"u":"8,68 €/KG","img":"https://fd5-photos.leclercdrive.fr/image.ashx?id=2752891&use=l&cat=p&typeid=i","cat":284379},{"id":118194,"n":"Beurre Bocage  Demi-sel - 60%MG - 250g","p":2.0,"u":"8,00 €/KG","img":"https://fd5-photos.leclercdrive.fr/image.ashx?id=2578070&use=l&cat=p&typeid=i","cat":284379},{"id":118210,"n":"Coquilles Saint-Jacques Tipiak à la Bretonne - 10x90g","p":15.15,"u":"16,83 €/KG","img":"https://fd5-photos.leclercdrive.fr/image.ashx?id=2614092&use=l&cat=p&typeid=i","cat":319775},{"id":118212,"n":"Coquille Saint Jacques Tipiak Fondue de poireaux - 10x90g","p":13.29,"u":"14,77 €/KG","img":"https://fd5-photos.leclercdrive.fr/image.ashx?id=2613444&use=l&cat=p&typeid=i","cat":319775},{"id":118220,"n":"Mini croustillants Tipiak Saint Jacques - x10 - 120g","p":3.75,"u":"31,25 €/KG","img":"https://fd5-photos.leclercdrive.fr/image.ashx?id=2484209&use=l&cat=p&typeid=i","cat":319774},{"id":118282,"n":"Cordon bleu Marie Coquillettes - 280g","p":3.33,"u":"11,89 €/KG","img":"https://fd5-photos.leclercdrive.fr/image.ashx?id=2317495&use=l&cat=p&typeid=i","cat":333665},{"id":118302,"n":"Fromage Raclette Ermitage Label Rouge - 350g","p":4.59,"u":"13,11 €/KG","img":"https://fd5-photos.leclercdrive.fr/image.ashx?id=2407214&use=l&cat=p&typeid=i","cat":314037},{"id":118320,"n":"Raclette Les Croisés  Moutarde - 250g","p":3.69,"u":"14,76 €/KG","img":"https://fd5-photos.leclercdrive.fr/image.ashx?id=2793287&use=l&cat=p&typeid=i","cat":314037},{"id":118330,"n":"Piles alcalines Varta AAA/LR03 High Energy - x24","p":13.9,"img":"https://fd5-photos.leclercdrive.fr/image.ashx?id=2622765&use=l&cat=p&typeid=i","cat":300572},{"id":118408,"n":"Lait bébé en poudre Galliagest 1er âge 0-6 mois 820g","p":19.19,"u":"23,40 €/KG","img":"https://fd5-photos.leclercdrive.fr/image.ashx?id=2983054&use=l&cat=p&typeid=i","cat":284726},{"id":118412,"n":"Lait bébé en poudre Galliagest 2 âge 6-12 mois 820g","p":18.56,"u":"22,63 €/KG","img":"https://fd5-photos.leclercdrive.fr/image.ashx?id=2771666&use=l&cat=p&typeid=i","cat":284727},{"id":118414,"n":"Lait bébé en poudre Blédilait 1er âge 0-6 mois 820g","p":15.84,"u":"19,32 €/KG","img":"https://fd5-photos.leclercdrive.fr/image.ashx?id=2500051&use=l&cat=p&typeid=i","cat":284726},{"id":118426,"n":"Lait bébé en poudre Blédilait 2e âge 6-12 mois 820g","p":14.85,"u":"18,11 €/KG","img":"https://fd5-photos.leclercdrive.fr/image.ashx?id=2500054&use=l&cat=p&typeid=i","cat":284727},{"id":118442,"n":"Bonbons Tic Tac Menthe extra fraîche x100 - 49g","p":1.6,"u":"32,65 €/KG","img":"https://fd5-photos.leclercdrive.fr/image.ashx?id=2737243&use=l&cat=p&typeid=i","cat":304256},{"id":118447,"n":"Soupe deshydratée Knorr Tomate mozzarella - 75cl","p":1.18,"u":"1,57 €/L","img":"https://fd5-photos.leclercdrive.fr/image.ashx?id=2788919&use=l&cat=p&typeid=i","cat":284463},{"id":118485,"n":"Préservatifs Skyn Manix Elite - x10","p":8.65,"u":"0,87 €/P","img":"https://fd5-photos.leclercdrive.fr/image.ashx?id=2861051&use=l&cat=p&typeid=i","cat":284631},{"id":118492,"n":"Gel lubrifiant Manix Pure - 80ml","p":5.37,"u":"67,13 €/L","img":"https://fd5-photos.leclercdrive.fr/image.ashx?id=2886160&use=l&cat=p&typeid=i","cat":285160},{"id":118574,"n":"Saumon fumé de Norvège Petit Navire 10 tranches - 325g","p":10.7,"u":"32,92 €/KG","img":"https://fd5-photos.leclercdrive.fr/image.ashx?id=2159949&use=l&cat=p&typeid=i","cat":285188},{"id":118583,"n":"Tampons Uni Vert Normal digital - x16","p":1.63,"u":"0,10 €/P","img":"https://fd5-photos.leclercdrive.fr/image.ashx?id=2896901&use=l&cat=p&typeid=i","cat":284626},{"id":118593,"n":"Serviettes Love & Green Incontinence Normal - x12","p":3.95,"u":"0,33 €/P","img":"https://fd5-photos.leclercdrive.fr/image.ashx?id=1866320&use=l&cat=p&typeid=i","cat":284628},{"id":118612,"n":"Crêpes fourrées  Whaou Chocolat au lait  - x8 - 256g","p":2.01,"u":"7,85 €/KG","img":"https://fd5-photos.leclercdrive.fr/image.ashx?id=2960171&use=l&cat=p&typeid=i","cat":284494},{"id":118987,"n":"Instant cocktail 40 pièces Bistrot Emile - 510g","p":8.95,"u":"17,55 €/KG","img":"https://fd5-photos.leclercdrive.fr/image.ashx?id=2176800&use=l&cat=p&typeid=i","cat":319774},{"id":119002,"n":"Crème pêche de vigne Giffard 16%vol - 50cl","p":5.5,"pp":4.95,"u":"9,90 €/L","img":"https://fd5-photos.leclercdrive.fr/image.ashx?id=2219153&use=l&cat=p&typeid=i","cat":286032},{"id":119003,"n":"Crème de mirabelle Giffard 16% vol - 50cl","p":5.27,"u":"10,54 €/L","img":"https://fd5-photos.leclercdrive.fr/image.ashx?id=2219669&use=l&cat=p&typeid=i","cat":286032},{"id":119004,"n":"Limoncello - 25% vol Giffard - 70cl","p":11.95,"u":"17,07 €/L","img":"https://fd5-photos.leclercdrive.fr/image.ashx?id=1858795&use=l&cat=p&typeid=i","cat":286032},{"id":119007,"n":"Whisky Sir Edward's Smoky 40%vol. - 70cl","p":15.05,"u":"21,50 €/L","img":"https://fd5-photos.leclercdrive.fr/image.ashx?id=2543984&use=l&cat=p&typeid=i","cat":284547},{"id":119022,"n":"Fromage Le Mottin  Crémeux - 185g","p":2.47,"u":"13,35 €/KG","img":"https://fd5-photos.leclercdrive.fr/image.ashx?id=2415574&use=l&cat=p&typeid=i","cat":329558},{"id":119075,"n":"Edulcorant Ginko Mini sweets x400 - 4.8g","p":3.99,"u":"798,00 €/KG","img":"https://fd5-photos.leclercdrive.fr/image.ashx?id=1860603&use=l&cat=p&typeid=i","cat":324846},{"id":119105,"n":"Nouille de riz Suzi Wan 160g","p":1.81,"u":"11,31 €/KG","img":"https://fd5-photos.leclercdrive.fr/image.ashx?id=3002180&use=l&cat=p&typeid=i","cat":288992},{"id":119163,"n":"Crunch tuna  x8 - 1p","p":6.99,"img":"https://fd5-photos.leclercdrive.fr/image.ashx?id=2539941&use=l&cat=p&typeid=i","cat":286791},{"id":119165,"n":"Tuna box  x12 - 1p","p":7.99,"img":"https://fd5-photos.leclercdrive.fr/image.ashx?id=2631165&use=l&cat=p&typeid=i","cat":286791},{"id":119168,"n":"Plateau découverte 1p","p":15.99,"img":"https://fd5-photos.leclercdrive.fr/image.ashx?id=2614230&use=l&cat=p&typeid=i","cat":286791},{"id":119262,"n":"Sauce bolognaise Panzani 100% Pur Bœuf - 400G","p":2.14,"u":"5,35 €/KG","img":"https://fd5-photos.leclercdrive.fr/image.ashx?id=2984754&use=l&cat=p&typeid=i","cat":287599},{"id":119263,"n":"Couches Love & Green Hypoallergéniques Taille 5- x40","p":18.27,"u":"0,46 €/P","img":"https://fd5-photos.leclercdrive.fr/image.ashx?id=2799527&use=l&cat=p&typeid=i","cat":284737},{"id":119264,"n":"Sauce Bolognaise Panzani 100% Pur Bœuf - 650G","p":3.35,"u":"5,15 €/KG","img":"https://fd5-photos.leclercdrive.fr/image.ashx?id=2977933&use=l&cat=p&typeid=i","cat":287599},{"id":119273,"n":"Carottes Notre Jardin 3x130g","p":2.25,"u":"5,77 €/KG","img":"https://fd5-photos.leclercdrive.fr/image.ashx?id=3002629&use=l&cat=p&typeid=i","cat":312607},{"id":119332,"n":"Tampon digital Uni Vert Ecolo super - x16","p":1.9,"u":"0,12 €/P","img":"https://fd5-photos.leclercdrive.fr/image.ashx?id=2939085&use=l&cat=p&typeid=i","cat":284626},{"id":119337,"n":"Crème légère jour So Bio Etic Anti-âge argan bio - 50ml","p":8.47,"u":"169,40 €/L","img":"https://fd5-photos.leclercdrive.fr/image.ashx?id=2788730&use=l&cat=p&typeid=i","cat":325345},{"id":119503,"n":"AOC Bourgogne Chardonnay La Chablisienne - 75cl","p":6.8,"u":"9,07 €/L","img":"https://fd5-photos.leclercdrive.fr/image.ashx?id=2524745&use=l&cat=p&typeid=i","cat":289557},{"id":119557,"n":"Compotes Materne Coupelles  Pomme Rhubarbe - 4x100g","p":1.53,"u":"3,83 €/KG","img":"https://fd5-photos.leclercdrive.fr/image.ashx?id=3010837&use=l&cat=p&typeid=i","cat":284508},{"id":119558,"n":"Compotes Materne Coupelles Pomme Nature - 16x100g","p":4.57,"u":"2,86 €/KG","img":"https://fd5-photos.leclercdrive.fr/image.ashx?id=3010840&use=l&cat=p&typeid=i","cat":284508},{"id":119559,"n":"Compotes Materne Coupelles  Multivariétés Rouges - 16x100g","p":5.13,"u":"3,21 €/KG","img":"https://fd5-photos.leclercdrive.fr/image.ashx?id=3010843&use=l&cat=p&typeid=i","cat":284508},{"id":119560,"n":"Compotes Materne Coupelles  Multivariétés Jaunes - 16x100g","p":4.9,"u":"3,06 €/KG","img":"https://fd5-photos.leclercdrive.fr/image.ashx?id=3010846&use=l&cat=p&typeid=i","cat":284508},{"id":119563,"n":"Compotes Materne Coupelles Pomme Pêche Abricot - 4x100g","p":1.68,"u":"4,20 €/KG","img":"https://fd5-photos.leclercdrive.fr/image.ashx?id=3010864&use=l&cat=p&typeid=i","cat":284508},{"id":119571,"n":"Douceur de Brebis vanille 4x100g - Le Petit Basque","p":2.62,"u":"6,55 €/KG","img":"https://fd5-photos.leclercdrive.fr/image.ashx?id=2248093&use=l&cat=p&typeid=i","cat":314998},{"id":119709,"n":"Fromage Persillée Saint Agur  125g","p":2.34,"u":"18,72 €/KG","img":"https://fd5-photos.leclercdrive.fr/image.ashx?id=2981515&use=l&cat=p&typeid=i","cat":314032},{"id":119728,"n":"Blanc poulet fumé 6 Tranches - 180g","p":2.24,"u":"12,44 €/KG","img":"https://fd5-photos.leclercdrive.fr/image.ashx?id=2970474&use=l&cat=p&typeid=i","cat":316010},{"id":119767,"n":"Eau micellaire bio Bionaïa 400ml","p":3.73,"u":"9,33 €/L","img":"https://fd5-photos.leclercdrive.fr/image.ashx?id=2376055&use=l&cat=p&typeid=i","cat":284603},{"id":119797,"n":"Comté fromage bloc Les Croisés 200g","p":2.85,"u":"14,25 €/KG","img":"https://fd5-photos.leclercdrive.fr/image.ashx?id=2856585&use=l&cat=p&typeid=i","cat":314034},{"id":119893,"n":"Skyr Nature Délisse 450g","p":1.89,"u":"4,20 €/KG","img":"https://fd5-photos.leclercdrive.fr/image.ashx?id=2992549&use=l&cat=p&typeid=i","cat":315000},{"id":119941,"n":"Fromage à Tartiner Tartare Ail et Fines Herbes 10P - 160g","p":1.97,"u":"12,31 €/KG","img":"https://fd5-photos.leclercdrive.fr/image.ashx?id=2867410&use=l&cat=p&typeid=i","cat":314029},{"id":119954,"n":"Crevettes Delpierre ASC décortiquées - 100g","p":3.87,"u":"38,70 €/KG","img":"https://fd5-photos.leclercdrive.fr/image.ashx?id=2870530&use=l&cat=p&typeid=i","cat":284343},{"id":119956,"n":"Filets de limande du Nord MSC L'Atelier Poissonnerie x2 200g","p":3.39,"u":"16,95 €/KG","img":"https://fd5-photos.leclercdrive.fr/image.ashx?id=2652101&use=l&cat=p&typeid=i","cat":284344},{"id":119958,"n":"Filets de colin d'Alaska Meunière MSC x2 - 200g","p":2.49,"u":"12,45 €/KG","img":"https://fd5-photos.leclercdrive.fr/image.ashx?id=2652107&use=l&cat=p&typeid=i","cat":284344},{"id":119959,"n":"Filets de limande du Nord MSC L'Atelier Poissonnerie x4 400g","p":6.49,"u":"16,23 €/KG","img":"https://fd5-photos.leclercdrive.fr/image.ashx?id=2855292&use=l&cat=p&typeid=i","cat":284344},{"id":119960,"n":"Filets de colin pané d'Alaska MSC sans arrêtes x2 - 220g","p":2.99,"u":"13,59 €/KG","img":"https://fd5-photos.leclercdrive.fr/image.ashx?id=2652110&use=l&cat=p&typeid=i","cat":284344},{"id":119963,"n":"Pavés de saumon de Norvège ASC L'Atelier Poissonnerie x2 250g","p":5.99,"u":"23,96 €/KG","img":"https://fd5-photos.leclercdrive.fr/image.ashx?id=2340590&use=l&cat=p&typeid=i","cat":284342},{"id":119965,"n":"Pavés de saumon ASC Norvège L'Atelier Poissonnerie x4 -500g","p":11.49,"u":"22,98 €/KG","img":"https://fd5-photos.leclercdrive.fr/image.ashx?id=2349926&use=l&cat=p&typeid=i","cat":284342},{"id":120100,"n":"Tablette de chocolat Poulain Noir extra - 5x100g","p":4.66,"u":"9,32 €/KG","img":"https://fd5-photos.leclercdrive.fr/image.ashx?id=2299208&use=l&cat=p&typeid=i","cat":284956},{"id":120211,"n":"Nissin soba Cup Yakitori Poulet 89g","p":2.56,"u":"28,76 €/KG","img":"https://fd5-photos.leclercdrive.fr/image.ashx?id=2433509&use=l&cat=p&typeid=i","cat":288992},{"id":120212,"n":"Nouilles soba Cup Nissin Classique - 90g","p":1.78,"u":"19,78 €/KG","img":"https://fd5-photos.leclercdrive.fr/image.ashx?id=2433512&use=l&cat=p&typeid=i","cat":288992},{"id":120213,"n":"Nissin soba Cup Chili  92g","p":1.93,"u":"20,98 €/KG","img":"https://fd5-photos.leclercdrive.fr/image.ashx?id=2160108&use=l&cat=p&typeid=i","cat":288992},{"id":120214,"n":"Nissin Soba Cup Teriyaki  90g","p":1.78,"u":"19,78 €/KG","img":"https://fd5-photos.leclercdrive.fr/image.ashx?id=2160111&use=l&cat=p&typeid=i","cat":288992},{"id":120267,"n":"Tablette chocolat noir Lindt Sésame grillé - 2x100g","p":4.74,"u":"23,70 €/KG","img":"https://fd5-photos.leclercdrive.fr/image.ashx?id=2230893&use=l&cat=p&typeid=i","cat":284956},{"id":120285,"n":"Tablette Excellence Lindt Chocolat noir framboise -2x100g","p":4.74,"u":"23,70 €/KG","img":"https://fd5-photos.leclercdrive.fr/image.ashx?id=2230890&use=l&cat=p&typeid=i","cat":284956},{"id":120331,"n":"Eau gazeuse minérale Salvetat Pauvre en sodium - 6x1,15L","p":3.04,"u":"0,44 €/L","img":"https://fd5-photos.leclercdrive.fr/image.ashx?id=2578693&use=l&cat=p&typeid=i","cat":284536},{"id":120348,"n":"Purée 4 mois Bio Village Pomme pruneaux bio - 4x100g","p":1.69,"u":"4,23 €/KG","img":"https://fd5-photos.leclercdrive.fr/image.ashx?id=2704837&use=l&cat=p&typeid=i","cat":312387},{"id":120349,"n":"Purée 4 mois Bio Village Pomme Abricot bio - 4x100g","p":1.89,"u":"4,73 €/KG","img":"https://fd5-photos.leclercdrive.fr/image.ashx?id=2704690&use=l&cat=p&typeid=i","cat":312387},{"id":120350,"n":"Purée 4 mois Bio Village Pomme coing bio - 4x100g","p":1.79,"u":"4,48 €/KG","img":"https://fd5-photos.leclercdrive.fr/image.ashx?id=2704840&use=l&cat=p&typeid=i","cat":312387},{"id":120351,"n":"Purée 4 mois Bio Village Pomme myrtilles bio - 4x100g","p":1.99,"u":"4,98 €/KG","img":"https://fd5-photos.leclercdrive.fr/image.ashx?id=2704843&use=l&cat=p&typeid=i","cat":312387},{"id":120401,"n":"Boisson aux fruits Oasis Tropical - 4x2L","p":9.52,"u":"1,19 €/L","img":"https://fd5-photos.leclercdrive.fr/image.ashx?id=3011089&use=l&cat=p&typeid=i","cat":295018},{"id":120403,"n":"Adoucissant L'Arbre Vert Souffle de pureté x53 - 800ml","p":2.63,"u":"3,29 €/L","img":"https://fd5-photos.leclercdrive.fr/image.ashx?id=3001386&use=l&cat=p&typeid=i","cat":284650},{"id":120421,"n":"Crème de coco Real Thai 200ml","p":1.65,"u":"8,25 €/L","img":"https://fd5-photos.leclercdrive.fr/image.ashx?id=2857944&use=l&cat=p&typeid=i","cat":288992},{"id":120422,"n":"Lait de coco uht Real Thai 200ml","p":1.47,"u":"7,35 €/L","img":"https://fd5-photos.leclercdrive.fr/image.ashx?id=2872249&use=l&cat=p&typeid=i","cat":288992},{"id":120426,"n":"Protège slip écolo Uni vert Normal - x30","p":2.12,"u":"0,07 €/P","img":"https://fd5-photos.leclercdrive.fr/image.ashx?id=2799787&use=l&cat=p&typeid=i","cat":284625},{"id":120485,"n":"Mascara Volume L'Oréal Paris Millions de Cils Extra Black","p":12.38,"img":"https://fd5-photos.leclercdrive.fr/image.ashx?id=2419170&use=l&cat=p&typeid=i","cat":287029},{"id":120488,"n":"Riz parfumé Comptoir du Grain Basmati -1kg","p":2.48,"u":"2,48 €/KG","img":"https://fd5-photos.leclercdrive.fr/image.ashx?id=2923399&use=l&cat=p&typeid=i","cat":284428},{"id":120512,"n":"Fond de Teint L'Oréal Paris Accord Parfait 4.N Beige","p":11.54,"img":"https://fd5-photos.leclercdrive.fr/image.ashx?id=2937352&use=l&cat=p&typeid=i","cat":287029},{"id":120517,"n":"Crayon khôl L'Oréal Paris Paradise 101 Midnight Black","p":5.2,"img":"https://fd5-photos.leclercdrive.fr/image.ashx?id=2340981&use=l&cat=p&typeid=i","cat":287029},{"id":120519,"n":"Correcteur anticerne Maybelline Instant Anti-Age 02 Beige Nu","p":8.79,"img":"https://fd5-photos.leclercdrive.fr/image.ashx?id=2423172&use=l&cat=p&typeid=i","cat":287029},{"id":120520,"n":"Mascara Maybelline  Cils Sensational Extra-noir","p":8.61,"img":"https://fd5-photos.leclercdrive.fr/image.ashx?id=2377784&use=l&cat=p&typeid=i","cat":287029},{"id":120660,"n":"Purée 4 mois Bio Village Fruits verger bio - 4x100g","p":1.89,"u":"4,73 €/KG","img":"https://fd5-photos.leclercdrive.fr/image.ashx?id=2704846&use=l&cat=p&typeid=i","cat":312387},{"id":120661,"n":"Purée 4 mois Bio Village Pomme Fraise Banane bio -4x100g","p":1.69,"u":"4,23 €/KG","img":"https://fd5-photos.leclercdrive.fr/image.ashx?id=2704849&use=l&cat=p&typeid=i","cat":312387},{"id":120663,"n":"Purée 6 mois Bio Village Pomme carotte mangue bio-4x100g","p":1.79,"u":"4,48 €/KG","img":"https://fd5-photos.leclercdrive.fr/image.ashx?id=2704852&use=l&cat=p&typeid=i","cat":312388},{"id":120678,"n":"Perfect mousse Schwarzkopf 500 chatain - Lot de 2","p":12.54,"u":"6,27 €/P","img":"https://fd5-photos.leclercdrive.fr/image.ashx?id=1919744&use=l&cat=p&typeid=i","cat":288899},{"id":120679,"n":"Petits pots bébé P'TIT SOUPER Petits pois pâtes 12M+ - 2x200g","p":1.65,"u":"4,13 €/KG","img":"https://fd5-photos.leclercdrive.fr/image.ashx?id=2526517&use=l&cat=p&typeid=i","cat":312239},{"id":120681,"n":"Petits pots bébé P'TIT SOUPER Légumes Pâtes 8M+ - 2x200g","p":2.09,"u":"5,23 €/KG","img":"https://fd5-photos.leclercdrive.fr/image.ashx?id=2526520&use=l&cat=p&typeid=i","cat":312239},{"id":120682,"n":"Perfect mousse Schwarzkopf 200 Noir - Lot de 2","p":14.1,"u":"7,05 €/P","img":"https://fd5-photos.leclercdrive.fr/image.ashx?id=1919474&use=l&cat=p&typeid=i","cat":288899},{"id":120683,"n":"Petits pots bébé P'TITE RECETTE Bœuf bourguignon 12M+ - 2x200g","p":2.05,"u":"5,13 €/KG","img":"https://fd5-photos.leclercdrive.fr/image.ashx?id=2525714&use=l&cat=p&typeid=i","cat":312237},{"id":120684,"n":"Perfect Mousse Schwarzkopf 465 Châtain - Lot de 2","p":14.1,"u":"10,04 €/KG","img":"https://fd5-photos.leclercdrive.fr/image.ashx?id=1919477&use=l&cat=p&typeid=i","cat":288899},{"id":120686,"n":"Biphase micellaire So Bio Etic Bamboo bio - 500ml","p":6.99,"u":"13,98 €/L","img":"https://fd5-photos.leclercdrive.fr/image.ashx?id=2680221&use=l&cat=p&typeid=i","cat":284603},{"id":120688,"n":"Gel douche argan So Bio Etic Nutrition bio - 650ml","p":4.97,"u":"7,65 €/L","img":"https://fd5-photos.leclercdrive.fr/image.ashx?id=2891583&use=l&cat=p&typeid=i","cat":284594},{"id":120691,"n":"Après-shampoing Nateïs Cheveux fragiles - 250ml","p":1.35,"u":"5,40 €/L","img":"https://fd5-photos.leclercdrive.fr/image.ashx?id=2626844&use=l&cat=p&typeid=i","cat":284607},{"id":120692,"n":"Pur jus d'orange Bio Village Bio - 2L","p":4.75,"u":"2,38 €/L","img":"https://fd5-photos.leclercdrive.fr/image.ashx?id=2751922&use=l&cat=p&typeid=i","cat":284521},{"id":120694,"n":"Jus de pomme bio Bio Village 1L","p":1.29,"u":"1,29 €/L","img":"https://fd5-photos.leclercdrive.fr/image.ashx?id=2958783&use=l&cat=p&typeid=i","cat":284522},{"id":120741,"n":"Jus d'orange Bio Village Bio A base de concentré - 1L","p":2.19,"u":"2,19 €/L","img":"https://fd5-photos.leclercdrive.fr/image.ashx?id=2958777&use=l&cat=p&typeid=i","cat":284521},{"id":120798,"n":"Filet de poulet jaune Volandrie Extra tendre - 300g","p":3.8,"u":"12,67 €/KG","img":"https://fd5-photos.leclercdrive.fr/image.ashx?id=2714894&use=l&cat=p&typeid=i","cat":284336},{"id":120800,"n":"Filet de poulet blanc Volandrie Extra tendre - 300g","p":3.8,"u":"12,67 €/KG","img":"https://fd5-photos.leclercdrive.fr/image.ashx?id=2647904&use=l&cat=p&typeid=i","cat":284336},{"id":120827,"n":"Bonbon Surfizz XL Lutti 200g","p":1.61,"u":"8,05 €/KG","img":"https://fd5-photos.leclercdrive.fr/image.ashx?id=2964840&use=l&cat=p&typeid=i","cat":304250},{"id":120841,"n":"Bonbons Lutti Max 2 Fizz Assortiment Piquant - 500g","p":4.43,"u":"8,86 €/KG","img":"https://fd5-photos.leclercdrive.fr/image.ashx?id=2964685&use=l&cat=p&typeid=i","cat":304250},{"id":120847,"n":"Bonbon colabizz Lutti Acidulé goût cola - 275g","p":1.73,"u":"6,29 €/KG","img":"https://fd5-photos.leclercdrive.fr/image.ashx?id=2551042&use=l&cat=p&typeid=i","cat":304250},{"id":120851,"n":"Réglisse Lutti O'Tablo Rafraichissante - 200g","p":1.22,"u":"6,10 €/KG","img":"https://fd5-photos.leclercdrive.fr/image.ashx?id=2817425&use=l&cat=p&typeid=i","cat":304250},{"id":120853,"n":"Bonbons Lutti Scoubifizz Piquants Fruits - 180g","p":1.54,"u":"8,56 €/KG","img":"https://fd5-photos.leclercdrive.fr/image.ashx?id=2964837&use=l&cat=p&typeid=i","cat":304250},{"id":120855,"n":"Bonbons Lutti Filitubs xl Piquants - 180g","p":1.73,"u":"9,61 €/KG","img":"https://fd5-photos.leclercdrive.fr/image.ashx?id=2817440&use=l&cat=p&typeid=i","cat":304250},{"id":120857,"n":"Bonbons Carambar Mini Fête Assortiment - 326g","p":3.17,"u":"9,72 €/KG","img":"https://fd5-photos.leclercdrive.fr/image.ashx?id=2972035&use=l&cat=p&typeid=i","cat":304250},{"id":120858,"n":"Carambar Atomic 220g","p":2.11,"u":"9,59 €/KG","img":"https://fd5-photos.leclercdrive.fr/image.ashx?id=2757434&use=l&cat=p&typeid=i","cat":304250},{"id":120864,"n":"Bonbons Lutti Flexifizz Piquants Fraise - 225g","p":1.53,"u":"6,80 €/KG","img":"https://fd5-photos.leclercdrive.fr/image.ashx?id=2806396&use=l&cat=p&typeid=i","cat":304250},{"id":120941,"n":"Piles Duracell 2032 - x6","p":13.54,"u":"2,26 €/P","img":"https://fd5-photos.leclercdrive.fr/image.ashx?id=2778503&use=l&cat=p&typeid=i","cat":300572},{"id":121012,"n":"Chorizo Sarta doux Elpozo 200g","p":3.2,"u":"16,00 €/KG","img":"https://fd5-photos.leclercdrive.fr/image.ashx?id=2588639&use=l&cat=p&typeid=i","cat":316006},{"id":121028,"n":"Crème mains réparatrice Mixa Zones Fragilisées - 50ml","p":5.11,"u":"102,20 €/L","img":"https://fd5-photos.leclercdrive.fr/image.ashx?id=2335919&use=l&cat=p&typeid=i","cat":325350},{"id":121040,"n":"Haricots lingots Jolie campagne - 500g","p":1.99,"u":"3,98 €/KG","img":"https://fd5-photos.leclercdrive.fr/image.ashx?id=2023946&use=l&cat=p&typeid=i","cat":284430},{"id":121237,"n":"Compotes Pom'Potes Gourdes  5 Fruits Rouges - 4x90g","p":2.26,"u":"6,28 €/KG","img":"https://fd5-photos.leclercdrive.fr/image.ashx?id=3010885&use=l&cat=p&typeid=i","cat":284508},{"id":121262,"n":"Galette maïs Gerblé Saveur emmental poivre - 124g","p":1.84,"u":"14,84 €/KG","img":"https://fd5-photos.leclercdrive.fr/image.ashx?id=2276561&use=l&cat=p&typeid=i","cat":318651},{"id":121265,"n":"Chocolat en poudre Poulain 1848 Boîte - 450g","p":4.38,"u":"9,73 €/KG","img":"https://fd5-photos.leclercdrive.fr/image.ashx?id=2867122&use=l&cat=p&typeid=i","cat":293235},{"id":121268,"n":"Miel d'acacia Lune de miel 500g","p":6.87,"u":"13,74 €/KG","img":"https://fd5-photos.leclercdrive.fr/image.ashx?id=3004837&use=l&cat=p&typeid=i","cat":287643},{"id":121274,"n":"Compotes Pom'Potes Gourdes  Pomme Fraise - 4x90g","p":2.04,"u":"5,67 €/KG","img":"https://fd5-photos.leclercdrive.fr/image.ashx?id=3010897&use=l&cat=p&typeid=i","cat":284508},{"id":121276,"n":"Compotes Pom'Potes Gourdes BIO  Pomme Nature - 4x90g","p":2.23,"u":"6,19 €/KG","img":"https://fd5-photos.leclercdrive.fr/image.ashx?id=2949814&use=l&cat=p&typeid=i","cat":284508},{"id":121356,"n":"Dentifrice Original Parodontax Complete protect - 75ml","p":5.41,"u":"72,13 €/L","img":"https://fd5-photos.leclercdrive.fr/image.ashx?id=2546749&use=l&cat=p&typeid=i","cat":284612},{"id":121358,"n":"Dentifrice Blancheur Parodontax Complete protect - 75ml","p":5.41,"u":"72,13 €/L","img":"https://fd5-photos.leclercdrive.fr/image.ashx?id=2896393&use=l&cat=p&typeid=i","cat":284612},{"id":121387,"n":"Lingettes Mots d'Enfants Toilettes bio - x60","p":2.17,"u":"0,04 €/P","img":"https://fd5-photos.leclercdrive.fr/image.ashx?id=2856579&use=l&cat=p&typeid=i","cat":284738},{"id":121388,"n":"Sacs poubelle 20L Elembal Poignées coulissantes - x20","p":2.05,"u":"0,10 €/P","img":"https://fd5-photos.leclercdrive.fr/image.ashx?id=2958753&use=l&cat=p&typeid=i","cat":285168},{"id":121391,"n":"Sauce tomate Lucien Georgelin Aux oignons et à l'ail - 300g","p":2.15,"u":"7,17 €/KG","img":"https://fd5-photos.leclercdrive.fr/image.ashx?id=2015663&use=l&cat=p&typeid=i","cat":287599},{"id":121412,"n":"Sérum Anti-rides L'Oréal Paris Revitalift Peau Neuve - 30ml","p":15.18,"u":"506,00 €/L","img":"https://fd5-photos.leclercdrive.fr/image.ashx?id=2879730&use=l&cat=p&typeid=i","cat":325345},{"id":121438,"n":"Sérum repulpant L'Oréal Paris Revitalift Anti-rides - 30ml","p":13.98,"u":"466,00 €/L","img":"https://fd5-photos.leclercdrive.fr/image.ashx?id=2926584&use=l&cat=p&typeid=i","cat":325345},{"id":121446,"n":"Peaches Haribo  Sachet bonbons - 250g","p":1.99,"u":"7,96 €/KG","img":"https://fd5-photos.leclercdrive.fr/image.ashx?id=2984925&use=l&cat=p&typeid=i","cat":304250},{"id":121447,"n":"Flanbolo Haribo Sachet bonbons - 200g","p":1.84,"u":"9,20 €/KG","img":"https://fd5-photos.leclercdrive.fr/image.ashx?id=2806117&use=l&cat=p&typeid=i","cat":304250},{"id":121492,"n":"Mini shampooing voyage Nateïs Tilleul Pomme - 100ml","p":1.09,"u":"10,90 €/L","img":"https://fd5-photos.leclercdrive.fr/image.ashx?id=2626841&use=l&cat=p&typeid=i","cat":284606},{"id":121669,"n":"Sucre blanc Beghin Say Spécial gelées - 3 x1Kg","p":6.62,"u":"2,21 €/KG","img":"https://fd5-photos.leclercdrive.fr/image.ashx?id=2666767&use=l&cat=p&typeid=i","cat":284502},{"id":121707,"n":"Sauce bolognaise pur boeuf Panzani - 200g","p":1.52,"u":"7,60 €/KG","img":"https://fd5-photos.leclercdrive.fr/image.ashx?id=2880682&use=l&cat=p&typeid=i","cat":287599},{"id":121708,"n":"Céréales fourrées P'tit Déli Chocolat noisette - 650g","p":3.08,"u":"4,74 €/KG","img":"https://fd5-photos.leclercdrive.fr/image.ashx?id=2840740&use=l&cat=p&typeid=i","cat":309513},{"id":122035,"n":"Vinaigre de ménage 14° Briochin Ecocert - 1L","p":3.29,"u":"3,29 €/L","img":"https://fd5-photos.leclercdrive.fr/image.ashx?id=3000734&use=l&cat=p&typeid=i","cat":325365},{"id":122040,"n":"Douche crème Le Petit Olivier Lait de karité - 750ml","p":4.06,"u":"5,41 €/L","img":"https://fd5-photos.leclercdrive.fr/image.ashx?id=2144851&use=l&cat=p&typeid=i","cat":284594},{"id":122231,"n":"Jambon supérieur Bio Village découenné 4 Tranches bio - 140g","p":4.02,"u":"28,71 €/KG","img":"https://fd5-photos.leclercdrive.fr/image.ashx?id=2974876&use=l&cat=p&typeid=i","cat":316009},{"id":122346,"n":"Babybio Optima croissance 3 Bio 800g","p":17.16,"u":"21,45 €/KG","img":"https://fd5-photos.leclercdrive.fr/image.ashx?id=2944029&use=l&cat=p&typeid=i","cat":290219},{"id":122347,"n":"Lait Primea 2 Bio Babybio 800g","p":17.9,"u":"22,38 €/KG","img":"https://fd5-photos.leclercdrive.fr/image.ashx?id=2962824&use=l&cat=p&typeid=i","cat":284727},{"id":122403,"n":"Patate douce bio Bio Village 500g","p":2.49,"u":"4,98 €/KG","img":"https://fd5-photos.leclercdrive.fr/image.ashx?id=2934805&use=l&cat=p&typeid=i","cat":284352},{"id":122419,"n":"Skyr Siggi's  Nature 0% MG - 2x140g","p":1.99,"u":"7,11 €/KG","img":"https://fd5-photos.leclercdrive.fr/image.ashx?id=2372412&use=l&cat=p&typeid=i","cat":315000},{"id":122420,"n":"Skyr Siggi's  Vanille - 2x140g","p":2.01,"u":"7,18 €/KG","img":"https://fd5-photos.leclercdrive.fr/image.ashx?id=2646119&use=l&cat=p&typeid=i","cat":315000},{"id":122435,"n":"Lardons supérieurs Bio Village bio Fumés - 2x60g","p":1.91,"u":"15,92 €/KG","img":"https://fd5-photos.leclercdrive.fr/image.ashx?id=2761983&use=l&cat=p&typeid=i","cat":316011},{"id":122486,"n":"Thon blanc entier Pêche Océan MSC - 160g","p":2.89,"u":"18,06 €/KG","img":"https://fd5-photos.leclercdrive.fr/image.ashx?id=2942229&use=l&cat=p&typeid=i","cat":303867},{"id":122528,"n":"Skyr Siggi's  Framboise - 2x140g","p":1.99,"u":"7,11 €/KG","img":"https://fd5-photos.leclercdrive.fr/image.ashx?id=2692095&use=l&cat=p&typeid=i","cat":315000},{"id":122529,"n":"Skyr Siggi's  Myrtille - 2x140g","p":2.0,"u":"7,14 €/KG","img":"https://fd5-photos.leclercdrive.fr/image.ashx?id=2692098&use=l&cat=p&typeid=i","cat":315000},{"id":122539,"n":"Débouche-évier Homeside 1 pièce","p":1.47,"img":"https://fd5-photos.leclercdrive.fr/image.ashx?id=2081104&use=l&cat=p&typeid=i","cat":284669},{"id":122676,"n":"Dentifrice Email Diamant Le Charbon - 75ml","p":3.3,"u":"44,00 €/L","img":"https://fd5-photos.leclercdrive.fr/image.ashx?id=2975960&use=l&cat=p&typeid=i","cat":284612},{"id":122729,"n":"Sauce Andalouse Colona 840g","p":4.5,"u":"5,36 €/KG","img":"https://fd5-photos.leclercdrive.fr/image.ashx?id=2687143&use=l&cat=p&typeid=i","cat":318431},{"id":122792,"n":"Chips Tuiles Pringles Crème et Oignon - 175g","p":1.69,"u":"9,66 €/KG","img":"https://fd5-photos.leclercdrive.fr/image.ashx?id=2902292&use=l&cat=p&typeid=i","cat":287899},{"id":122808,"n":"Jeune pousse Panier du Primeur 125g","p":0.99,"u":"7,92 €/KG","img":"https://fd5-photos.leclercdrive.fr/image.ashx?id=2616060&use=l&cat=p&typeid=i","cat":284353},{"id":122810,"n":"Kakis Panier du Primeur Barquette 1kg","p":2.99,"u":"2,99 €/KG","img":"https://fd5-photos.leclercdrive.fr/image.ashx?id=2402798&use=l&cat=p&typeid=i","cat":284356},{"id":122825,"n":"Sauce au poivre Rustica 245g","p":1.19,"u":"4,86 €/KG","img":"https://fd5-photos.leclercdrive.fr/image.ashx?id=2558829&use=l&cat=p&typeid=i","cat":318431},{"id":122858,"n":"Végétal Haché Garden Gourmet Cru Soja à Cuisiner 200g","p":3.95,"u":"19,75 €/KG","img":"https://fd5-photos.leclercdrive.fr/image.ashx?id=2737102&use=l&cat=p&typeid=i","cat":316036},{"id":122899,"n":"Rasoirs jetables Gillette Blue 3 - x8","p":8.9,"u":"1,11 €/P","img":"https://fd5-photos.leclercdrive.fr/image.ashx?id=2901139&use=l&cat=p&typeid=i","cat":284616},{"id":122928,"n":"Sauce apéritif Old El Paso Mexicanita medium - 335g","p":2.28,"u":"6,81 €/KG","img":"https://fd5-photos.leclercdrive.fr/image.ashx?id=2737609&use=l&cat=p&typeid=i","cat":288993},{"id":122929,"n":"Sauces Old El Paso Guacamole Salsa et Poivrons - 575g","p":4.52,"u":"7,86 €/KG","img":"https://fd5-photos.leclercdrive.fr/image.ashx?id=2765399&use=l&cat=p&typeid=i","cat":288993},{"id":122930,"n":"Tortillas Old El Paso sans gluten x6 - 216g","p":3.73,"u":"17,27 €/KG","img":"https://fd5-photos.leclercdrive.fr/image.ashx?id=2737666&use=l&cat=p&typeid=i","cat":288993},{"id":122973,"n":"Jambon de Paris Tradilège Découenné - 2 tranches - 80g","p":1.2,"u":"15,00 €/KG","img":"https://fd5-photos.leclercdrive.fr/image.ashx?id=2994384&use=l&cat=p&typeid=i","cat":316009},{"id":122995,"n":"Triple secret des Moines Froment - 8°- 75cl","p":3.75,"u":"5,00 €/L","img":"https://fd5-photos.leclercdrive.fr/image.ashx?id=2908003&use=l&cat=p&typeid=i","cat":334872},{"id":123062,"n":"Jambon de Paris Tradilège A l'étouffé - 160g","p":1.69,"u":"10,56 €/KG","img":"https://fd5-photos.leclercdrive.fr/image.ashx?id=2951143&use=l&cat=p&typeid=i","cat":316009},{"id":123063,"n":"Jambon de Paris Tradilège Découenné dégraissé x6 - 240g","p":2.39,"u":"9,96 €/KG","img":"https://fd5-photos.leclercdrive.fr/image.ashx?id=2951146&use=l&cat=p&typeid=i","cat":316009},{"id":123065,"n":"Jambon de Paris Tradilège À l'étouffée x8 - 320g","p":3.13,"u":"9,78 €/KG","img":"https://fd5-photos.leclercdrive.fr/image.ashx?id=2994387&use=l&cat=p&typeid=i","cat":316009},{"id":123067,"n":"Jambon de Paris Tradilège Découenné dégraissé x10 - 400g","p":3.86,"u":"9,65 €/KG","img":"https://fd5-photos.leclercdrive.fr/image.ashx?id=2930787&use=l&cat=p&typeid=i","cat":316009},{"id":123070,"n":"Jambon de Paris Tradilège -25% de sel - 4 tranches - 140g","p":2.05,"u":"14,64 €/KG","img":"https://fd5-photos.leclercdrive.fr/image.ashx?id=2208609&use=l&cat=p&typeid=i","cat":316009},{"id":123071,"n":"Jambon de Paris Tradilège -25% de sel - 6 tranches - 210g","p":2.49,"u":"11,86 €/KG","img":"https://fd5-photos.leclercdrive.fr/image.ashx?id=2994390&use=l&cat=p&typeid=i","cat":316009},{"id":123074,"n":"Jambon supérieur Tradilège Découenné dégraissé x4 - 160g","p":2.21,"u":"13,81 €/KG","img":"https://fd5-photos.leclercdrive.fr/image.ashx?id=2984194&use=l&cat=p&typeid=i","cat":316009},{"id":123076,"n":"Jambon supérieur Tradilège Découenné dégraissé x6 - 240g","p":3.25,"u":"13,54 €/KG","img":"https://fd5-photos.leclercdrive.fr/image.ashx?id=2974879&use=l&cat=p&typeid=i","cat":316009},{"id":123103,"n":"Jambon supérieur Tradilège Sans couenne x8 - 320g","p":4.29,"u":"13,41 €/KG","img":"https://fd5-photos.leclercdrive.fr/image.ashx?id=2943692&use=l&cat=p&typeid=i","cat":316009},{"id":123105,"n":"Jambon supérieur Tradilège Avec couenne 4 tranches - 160g","p":2.06,"u":"12,88 €/KG","img":"https://fd5-photos.leclercdrive.fr/image.ashx?id=2925756&use=l&cat=p&typeid=i","cat":316009},{"id":123108,"n":"Jambon supérieur Tradilège Label rouge découenné x4 - 160g","p":2.59,"u":"16,19 €/KG","img":"https://fd5-photos.leclercdrive.fr/image.ashx?id=2943698&use=l&cat=p&typeid=i","cat":316009},{"id":123186,"n":"IGP Pays d'Oc blancChardonnay Côtes des Roses -75cl","p":7.5,"u":"10,00 €/L","img":"https://fd5-photos.leclercdrive.fr/image.ashx?id=2981578&use=l&cat=p&typeid=i","cat":289557},{"id":123254,"n":"Rhum Blanc agricole Dillon  Martinique - 70cl","p":11.59,"u":"16,56 €/L","img":"https://fd5-photos.leclercdrive.fr/image.ashx?id=2650949&use=l&cat=p&typeid=i","cat":284550},{"id":123369,"n":"Crème hydratante visage & corps 75 Ml","p":1.39,"u":"18,53 €/L","img":"https://fd5-photos.leclercdrive.fr/image.ashx?id=1890346&use=l&cat=p&typeid=i","cat":325345},{"id":123375,"n":"Gel Toilette Intime Neutre Intima Natural 200ml","p":3.05,"u":"15,25 €/L","img":"https://fd5-photos.leclercdrive.fr/image.ashx?id=2959865&use=l&cat=p&typeid=i","cat":284627},{"id":123397,"n":"Bière sans alcool Tourtel Twist Framboise 0,0° - 6x27,5cl","p":4.04,"u":"2,45 €/L","img":"https://fd5-photos.leclercdrive.fr/image.ashx?id=2886705&use=l&cat=p&typeid=i","cat":334877},{"id":123400,"n":"Cire corps Laurence Dumont Bandes - x20","p":3.65,"u":"0,18 €/P","img":"https://fd5-photos.leclercdrive.fr/image.ashx?id=2606358&use=l&cat=p&typeid=i","cat":325351},{"id":123407,"n":"Bière sans alcool Tourtel Twist Citron 0,0° - 6x27,5cl","p":3.77,"u":"2,28 €/L","img":"https://fd5-photos.leclercdrive.fr/image.ashx?id=2886702&use=l&cat=p&typeid=i","cat":334877},{"id":123416,"n":"Soda Coca-Cola Original Bouteille - Pack 6x1,75L","p":14.2,"u":"1,35 €/L","img":"https://fd5-photos.leclercdrive.fr/image.ashx?id=2878333&use=l&cat=p&typeid=i","cat":284530},{"id":123434,"n":"Soda Schweppes Indian Tonic Zero - 6x33cl","p":3.7,"u":"1,87 €/L","img":"https://fd5-photos.leclercdrive.fr/image.ashx?id=2852420&use=l&cat=p&typeid=i","cat":284531},{"id":123436,"n":"Boisson fruit shoot Teisseire Tropical - 6x20cl","p":2.65,"u":"2,21 €/L","img":"https://fd5-photos.leclercdrive.fr/image.ashx?id=2858204&use=l&cat=p&typeid=i","cat":295018},{"id":123437,"n":"Boisson Fruit shoot Teisseire Multivamine - 6x20cl","p":2.68,"u":"2,23 €/L","img":"https://fd5-photos.leclercdrive.fr/image.ashx?id=2858201&use=l&cat=p&typeid=i","cat":295018},{"id":123491,"n":"Crêpe fourrée Whaou Chocolat - x8 - 256g","p":1.9,"u":"7,42 €/KG","img":"https://fd5-photos.leclercdrive.fr/image.ashx?id=2962863&use=l&cat=p&typeid=i","cat":284494},{"id":123492,"n":"Crêpes Whaou! Chocolat x15 - 480g","p":3.43,"u":"7,15 €/KG","img":"https://fd5-photos.leclercdrive.fr/image.ashx?id=2986449&use=l&cat=p&typeid=i","cat":284494},{"id":123503,"n":"Yaourt fjord fromage blanc Nature - 4x125g","p":2.0,"u":"4,00 €/KG","img":"https://fd5-photos.leclercdrive.fr/image.ashx?id=2956993&use=l&cat=p&typeid=i","cat":284409},{"id":123504,"n":"Yaourt fjord fromage blanc Nature - 8x125g","p":3.25,"u":"3,25 €/KG","img":"https://fd5-photos.leclercdrive.fr/image.ashx?id=2653222&use=l&cat=p&typeid=i","cat":284409},{"id":123541,"n":"Eau minérale naturelle Evian  12x33cl","p":4.48,"u":"1,13 €/L","img":"https://fd5-photos.leclercdrive.fr/image.ashx?id=2973556&use=l&cat=p&typeid=i","cat":284535},{"id":123545,"n":"Quiche lorraine Marie Pur beurre - 400g","p":3.34,"u":"8,35 €/KG","img":"https://fd5-photos.leclercdrive.fr/image.ashx?id=2318546&use=l&cat=p&typeid=i","cat":333680},{"id":123547,"n":"Tarte poireaux Marie Pur beurre - 400g","p":3.6,"u":"9,00 €/KG","img":"https://fd5-photos.leclercdrive.fr/image.ashx?id=2318549&use=l&cat=p&typeid=i","cat":333680},{"id":123551,"n":"Yaourt aux fruits brassés Velouté fruix Danone - 12x125g","p":3.77,"u":"2,51 €/KG","img":"https://fd5-photos.leclercdrive.fr/image.ashx?id=2912929&use=l&cat=p&typeid=i","cat":284410},{"id":123554,"n":"Yaourt aux fruits velouté fruix Danone brassé framboise -4x125g","p":1.89,"u":"3,78 €/KG","img":"https://fd5-photos.leclercdrive.fr/image.ashx?id=2911858&use=l&cat=p&typeid=i","cat":284410},{"id":123603,"n":"Kit Distributeur Savon Mains Dettol Citron 250ml","p":6.8,"u":"Dont 0,10 € d'éco-part.","img":"https://fd5-photos.leclercdrive.fr/image.ashx?id=2975134&use=l&cat=p&typeid=i","cat":284597},{"id":123622,"n":"Lait poudre Optima 2 Babybio  Bio 6 mois à 1an - 800g","p":18.66,"u":"23,33 €/KG","img":"https://fd5-photos.leclercdrive.fr/image.ashx?id=2988436&use=l&cat=p&typeid=i","cat":284727},{"id":123623,"n":"Bière ambrée Affligem 6,7D 6x25 Cl","p":5.87,"u":"3,91 €/L","img":"https://fd5-photos.leclercdrive.fr/image.ashx?id=2672029&use=l&cat=p&typeid=i","cat":334852},{"id":123695,"n":"Lait Primea 1 Bio BabyBio 800g","p":18.33,"u":"22,91 €/KG","img":"https://fd5-photos.leclercdrive.fr/image.ashx?id=2911327&use=l&cat=p&typeid=i","cat":284726},{"id":123697,"n":"Lait Caprea 2 Bio Babybio Bio 800g","p":26.99,"u":"33,74 €/KG","img":"https://fd5-photos.leclercdrive.fr/image.ashx?id=2733340&use=l&cat=p&typeid=i","cat":284727},{"id":123777,"n":"Torsettes Lustucru  3min - 1kg","p":2.18,"u":"2,18 €/KG","img":"https://fd5-photos.leclercdrive.fr/image.ashx?id=2892148&use=l&cat=p&typeid=i","cat":284427},{"id":123778,"n":"Coquillettes Lustucru  3min - 1kg","p":2.21,"u":"2,21 €/KG","img":"https://fd5-photos.leclercdrive.fr/image.ashx?id=2892151&use=l&cat=p&typeid=i","cat":284427},{"id":123864,"n":"Crème Pieds Anti-Crevasses Talons 24h - 60 ml","p":4.24,"u":"70,67 €/L","img":"https://fd5-photos.leclercdrive.fr/image.ashx?id=2980878&use=l&cat=p&typeid=i","cat":325354},{"id":123883,"n":"Thon Alba Connetable Naturel Label Rouge - 112g","p":3.1,"u":"27,68 €/KG","img":"https://fd5-photos.leclercdrive.fr/image.ashx?id=2674128&use=l&cat=p&typeid=i","cat":303867},{"id":123885,"n":"Vodka Absolut 40%vol - 35cl","p":10.52,"u":"30,06 €/L","img":"https://fd5-photos.leclercdrive.fr/image.ashx?id=3000845&use=l&cat=p&typeid=i","cat":284550},{"id":123898,"n":"Tablette gourmande Poulain Chocolat au lait - 100g","p":1.91,"u":"19,10 €/KG","img":"https://fd5-photos.leclercdrive.fr/image.ashx?id=2867128&use=l&cat=p&typeid=i","cat":284497},{"id":123924,"n":"Barres choco caram biscuit 348g","p":1.97,"u":"5,66 €/KG","img":"https://fd5-photos.leclercdrive.fr/image.ashx?id=2739721&use=l&cat=p&typeid=i","cat":284498},{"id":123960,"n":"Bière sans alcool Desperados Virgin - Agrumes 3x33cl","p":3.92,"u":"3,96 €/L","img":"https://fd5-photos.leclercdrive.fr/image.ashx?id=2977966&use=l&cat=p&typeid=i","cat":334877},{"id":124035,"n":"Jus de raisin ABC Eco+ 1L","p":0.98,"u":"0,98 €/L","img":"https://fd5-photos.leclercdrive.fr/image.ashx?id=2594407&use=l&cat=p&typeid=i","cat":284915},{"id":124047,"n":"Pilchards hareng Petit Pierre Tomate huile - 367g","p":2.2,"u":"5,99 €/KG","img":"https://fd5-photos.leclercdrive.fr/image.ashx?id=3004408&use=l&cat=p&typeid=i","cat":305147},{"id":124052,"n":"Nouilles de riz Table du monde 250g","p":1.99,"u":"7,96 €/KG","img":"https://fd5-photos.leclercdrive.fr/image.ashx?id=2679780&use=l&cat=p&typeid=i","cat":288992},{"id":124262,"n":"Le Champignon Émincé Épais Bonduelle Sans Sulfite 230g","p":1.57,"u":"6,83 €/KG","img":"https://fd5-photos.leclercdrive.fr/image.ashx?id=2915724&use=l&cat=p&typeid=i","cat":312610},{"id":124272,"n":"Thon nature entier Saupiquet MSC - 140g","p":2.45,"u":"17,50 €/KG","img":"https://fd5-photos.leclercdrive.fr/image.ashx?id=2731540&use=l&cat=p&typeid=i","cat":303867},{"id":124290,"n":"Whisky Grant's Triple Wood - 40%vol - 1.5L","p":25.44,"u":"16,96 €/L","img":"https://fd5-photos.leclercdrive.fr/image.ashx?id=2834713&use=l&cat=p&typeid=i","cat":284547},{"id":124374,"n":"Eau aromatisée Volvic bio Pamplemousse romarin - 75cl","p":1.52,"u":"2,03 €/L","img":"https://fd5-photos.leclercdrive.fr/image.ashx?id=2462514&use=l&cat=p&typeid=i","cat":284537},{"id":124478,"n":"IGP Méditérranée rosé Les Calandières - 75cl","p":3.79,"u":"5,05 €/L","img":"https://fd5-photos.leclercdrive.fr/image.ashx?id=2996608&use=l&cat=p&typeid=i","cat":289558},{"id":124496,"n":"Crème glacée Ben & Jerry's Choco Fudge Brownie - 408g","p":3.76,"u":"9,22 €/KG","img":"https://fd5-photos.leclercdrive.fr/image.ashx?id=2738050&use=l&cat=p&typeid=i","cat":284725},{"id":124498,"n":"Glace en Pot BEN & JERRY'S Cookie Dough - 465ml","p":3.56,"u":"8,77 €/KG","img":"https://fd5-photos.leclercdrive.fr/image.ashx?id=2738056&use=l&cat=p&typeid=i","cat":284725},{"id":124499,"n":"Glace en Pot BEN & JERRY'S Vanilla Pecan Blondie - 465ml","p":4.07,"u":"9,83 €/KG","img":"https://fd5-photos.leclercdrive.fr/image.ashx?id=2832548&use=l&cat=p&typeid=i","cat":284725},{"id":124500,"n":"Crème glacée Ben & Jerry's Peanut butter - 425g","p":3.56,"u":"8,38 €/KG","img":"https://fd5-photos.leclercdrive.fr/image.ashx?id=3001524&use=l&cat=p&typeid=i","cat":284725},{"id":124655,"n":"Bac sorbet Eskiss Mangue - 650g","p":2.49,"u":"3,83 €/KG","img":"https://fd5-photos.leclercdrive.fr/image.ashx?id=2982673&use=l&cat=p&typeid=i","cat":284263},{"id":124670,"n":"Pain de mie complet Jacquet Maxi - Sans sucre ajouté - 550g","p":1.46,"u":"2,65 €/KG","img":"https://fd5-photos.leclercdrive.fr/image.ashx?id=2935708&use=l&cat=p&typeid=i","cat":284477},{"id":124671,"n":"Pain de mie Sans croûte Jacquet Sans sucre ajouté - 475g","p":1.6,"u":"3,37 €/KG","img":"https://fd5-photos.leclercdrive.fr/image.ashx?id=2919754&use=l&cat=p&typeid=i","cat":284477},{"id":124694,"n":"Saucisson Mini Justin Bridou  Bâton de Berger nature - 160g","p":3.14,"u":"19,63 €/KG","img":"https://fd5-photos.leclercdrive.fr/image.ashx?id=2921786&use=l&cat=p&typeid=i","cat":316006},{"id":124696,"n":"Accras de morue MSC Table du Monde - 200g","p":2.29,"u":"11,45 €/KG","img":"https://fd5-photos.leclercdrive.fr/image.ashx?id=1959049&use=l&cat=p&typeid=i","cat":333673},{"id":124714,"n":"Combinés gratte éponges Spontex x3","p":2.45,"u":"0,82 €/P","img":"https://fd5-photos.leclercdrive.fr/image.ashx?id=2968895&use=l&cat=p&typeid=i","cat":284667},{"id":124744,"n":"Gratte éponge Spontex x3","p":2.45,"u":"0,82 €/P","img":"https://fd5-photos.leclercdrive.fr/image.ashx?id=2973084&use=l&cat=p&typeid=i","cat":284667},{"id":124762,"n":"Biscuit Milka Chocolat pause - 3x260g","p":4.41,"pp":3.09,"u":"3,96 €/KG","img":"https://fd5-photos.leclercdrive.fr/image.ashx?id=2680377&use=l&cat=p&typeid=i","cat":284488},{"id":124764,"n":"Biscuit Moooo Milka Au chocolat - 3x200g","p":4.41,"pp":3.09,"u":"5,15 €/KG","img":"https://fd5-photos.leclercdrive.fr/image.ashx?id=2192578&use=l&cat=p&typeid=i","cat":284488},{"id":124787,"n":"Shampooing sec Batiste Volume - 200ml","p":4.07,"u":"20,35 €/L","img":"https://fd5-photos.leclercdrive.fr/image.ashx?id=2557979&use=l&cat=p&typeid=i","cat":289143},{"id":124791,"n":"Serviette Nana Maxi goodnight - x12","p":1.94,"u":"0,16 €/P","img":"https://fd5-photos.leclercdrive.fr/image.ashx?id=2806402&use=l&cat=p&typeid=i","cat":284624},{"id":124794,"n":"Serviettes Tena Men Level 1 - x12","p":4.47,"u":"0,37 €/P","img":"https://fd5-photos.leclercdrive.fr/image.ashx?id=2428570&use=l&cat=p&typeid=i","cat":291514},{"id":124837,"n":"Dual nature saumon One Purina Chat stérilisé - 1,4kg","p":7.4,"u":"5,29 €/KG","img":"https://fd5-photos.leclercdrive.fr/image.ashx?id=2871145&use=l&cat=p&typeid=i","cat":284680},{"id":124874,"n":"Crème glacée Ben & Jerry's  Caramel Brownie Party - 405g","p":3.72,"u":"9,19 €/KG","img":"https://fd5-photos.leclercdrive.fr/image.ashx?id=2773889&use=l&cat=p&typeid=i","cat":284725},{"id":124911,"n":"Diffuseur Insectivor Anti-Moustique - 40ml","p":4.39,"u":"109,75 €/L","img":"https://fd5-photos.leclercdrive.fr/image.ashx?id=2670344&use=l&cat=p&typeid=i","cat":298368},{"id":124912,"n":"Insecticide Insectivor Anti-acariens puce- 400ml","p":4.99,"u":"12,48 €/L","img":"https://fd5-photos.leclercdrive.fr/image.ashx?id=2805051&use=l&cat=p&typeid=i","cat":298368},{"id":124921,"n":"Croquettes petit chien Ultima  Nature Sans céréales - 1,1kg","p":6.76,"u":"6,15 €/KG","img":"https://fd5-photos.leclercdrive.fr/image.ashx?id=2572745&use=l&cat=p&typeid=i","cat":294526},{"id":124923,"n":"Croquettes chat stérilisé  Ultima Nature bœuf – 1,1kg","p":7.34,"u":"6,67 €/KG","img":"https://fd5-photos.leclercdrive.fr/image.ashx?id=2629884&use=l&cat=p&typeid=i","cat":284680},{"id":124924,"n":"Croquettes chat Ultima Nature Sans céréales - Dinde- 1.1kg","p":6.55,"u":"5,95 €/KG","img":"https://fd5-photos.leclercdrive.fr/image.ashx?id=2929218&use=l&cat=p&typeid=i","cat":284680},{"id":124926,"n":"Sacs poubelle container Elembal 120L - x10","p":3.99,"u":"0,40 €/P","img":"https://fd5-photos.leclercdrive.fr/image.ashx?id=2898272&use=l&cat=p&typeid=i","cat":285168},{"id":124928,"n":"Sacs poubelle Elembal 240L - x10","p":4.56,"u":"0,46 €/P","img":"https://fd5-photos.leclercdrive.fr/image.ashx?id=2898275&use=l&cat=p&typeid=i","cat":285168},{"id":124931,"n":"Coton maxi ovale Bio Bionaia x60","p":2.16,"u":"0,04 €/P","img":"https://fd5-photos.leclercdrive.fr/image.ashx?id=2658584&use=l&cat=p&typeid=i","cat":284636},{"id":124936,"n":"Serviettes hygiéniques Eco+ Normales Ultra minces - x14","p":0.51,"u":"0,04 €/P","img":"https://fd5-photos.leclercdrive.fr/image.ashx?id=2809686&use=l&cat=p&typeid=i","cat":284624},{"id":124962,"n":"Sacs poubelle Elembal Salle de bain 5L - x40","p":1.26,"u":"0,03 €/P","img":"https://fd5-photos.leclercdrive.fr/image.ashx?id=2793284&use=l&cat=p&typeid=i","cat":285168},{"id":125137,"n":"Fromage Apéritif St Môret Figues x20 - 100g","p":2.35,"u":"23,50 €/KG","img":"https://fd5-photos.leclercdrive.fr/image.ashx?id=2734825&use=l&cat=p&typeid=i","cat":314027},{"id":125216,"n":"Cacahuètes Eco+ Grillées à sec - 150g","p":0.46,"u":"3,07 €/KG","img":"https://fd5-photos.leclercdrive.fr/image.ashx?id=2780710&use=l&cat=p&typeid=i","cat":284448},{"id":125218,"n":"Cacahuètes Eco  Grillées et salées - 250g","p":0.7,"u":"2,80 €/KG","img":"https://fd5-photos.leclercdrive.fr/image.ashx?id=2836801&use=l&cat=p&typeid=i","cat":284448},{"id":125235,"n":"Tartelette framboise P'tit Déli 150g","p":1.3,"u":"8,67 €/KG","img":"https://fd5-photos.leclercdrive.fr/image.ashx?id=2683922&use=l&cat=p&typeid=i","cat":284489},{"id":125238,"n":"Cookies P'tit Déli Chocolat noisette - 200g","p":1.69,"u":"8,45 €/KG","img":"https://fd5-photos.leclercdrive.fr/image.ashx?id=1943253&use=l&cat=p&typeid=i","cat":325066},{"id":125246,"n":"Canistrelli de corse NRT Noisettes - 300g","p":3.65,"u":"12,17 €/KG","img":"https://fd5-photos.leclercdrive.fr/image.ashx?id=2622350&use=l&cat=p&typeid=i","cat":284487},{"id":125331,"n":"Pom'Potes Bio Pomme-abricot x36- 90g","p":15.9,"u":"4,91 €/KG","img":"https://fd5-photos.leclercdrive.fr/image.ashx?id=2275862&use=l&cat=p&typeid=i","cat":284508},{"id":125383,"n":"Comté fromage râpé Les Croisés 130g","p":1.95,"u":"15,00 €/KG","img":"https://fd5-photos.leclercdrive.fr/image.ashx?id=2897820&use=l&cat=p&typeid=i","cat":314035},{"id":125531,"n":"Choco 100% cacao Lindt Orange Amande - 50g","p":2.58,"u":"51,60 €/KG","img":"https://fd5-photos.leclercdrive.fr/image.ashx?id=2310797&use=l&cat=p&typeid=i","cat":284956},{"id":125915,"n":"Yaourts allégés Sveltesse   Caramel - 4x125g","p":1.45,"u":"2,90 €/KG","img":"https://fd5-photos.leclercdrive.fr/image.ashx?id=2561601&use=l&cat=p&typeid=i","cat":315000},{"id":125951,"n":"Chips la gourmande Vico La viçoise - 6x30g","p":2.6,"u":"14,44 €/KG","img":"https://fd5-photos.leclercdrive.fr/image.ashx?id=2733937&use=l&cat=p&typeid=i","cat":284447},{"id":125958,"n":"Chips Bret's Saveur vinaigre - 125g","p":1.11,"u":"8,88 €/KG","img":"https://fd5-photos.leclercdrive.fr/image.ashx?id=1925081&use=l&cat=p&typeid=i","cat":284447},{"id":125966,"n":"Chips Tyrrell's Sel et poivre - 150g","p":2.19,"u":"14,60 €/KG","img":"https://fd5-photos.leclercdrive.fr/image.ashx?id=2884777&use=l&cat=p&typeid=i","cat":284447},{"id":126105,"n":"Cidre brut pur jus Kerisac 3x75cl","p":7.9,"u":"3,51 €/L","img":"https://fd5-photos.leclercdrive.fr/image.ashx?id=2583380&use=l&cat=p&typeid=i","cat":334880},{"id":126107,"n":"Cidre  pur jus Kerisac Traditionnel - 3x75cl","p":7.9,"u":"3,51 €/L","img":"https://fd5-photos.leclercdrive.fr/image.ashx?id=2600692&use=l&cat=p&typeid=i","cat":334880},{"id":126139,"n":"Chips  Sel de mer Tyrell's Saveur vinaigre - 150g","p":2.19,"u":"14,60 €/KG","img":"https://fd5-photos.leclercdrive.fr/image.ashx?id=2941865&use=l&cat=p&typeid=i","cat":284447},{"id":126140,"n":"Chips Tyrells Piment doux et poivron - 150g","p":2.19,"u":"14,60 €/KG","img":"https://fd5-photos.leclercdrive.fr/image.ashx?id=2225657&use=l&cat=p&typeid=i","cat":284447},{"id":126187,"n":"Biscuits Lotus Biscoff Fourré Crème saveur chocolat 150g","p":1.78,"u":"11,87 €/KG","img":"https://fd5-photos.leclercdrive.fr/image.ashx?id=2859818&use=l&cat=p&typeid=i","cat":284487},{"id":126189,"n":"Biscuits Lotus Biscoff Fourré  Crème saveur vanille - 150g","p":1.55,"u":"10,33 €/KG","img":"https://fd5-photos.leclercdrive.fr/image.ashx?id=2685315&use=l&cat=p&typeid=i","cat":284487},{"id":126207,"n":"Galette St Michel 520g","p":3.25,"u":"6,25 €/KG","img":"https://fd5-photos.leclercdrive.fr/image.ashx?id=2936221&use=l&cat=p&typeid=i","cat":284487},{"id":126310,"n":"Crème dépilatoire Pure Veet Corps Peaux normales 200ml","p":4.07,"u":"20,35 €/L","img":"https://fd5-photos.leclercdrive.fr/image.ashx?id=3014437&use=l&cat=p&typeid=i","cat":325351},{"id":126314,"n":"Crème dépilatoire Pure Veet Corps Peaux sensibles 200ml","p":4.22,"u":"21,10 €/L","img":"https://fd5-photos.leclercdrive.fr/image.ashx?id=2965692&use=l&cat=p&typeid=i","cat":325351},{"id":126316,"n":"Cire Chaude au Sucre Pure Veet 100% d'Origine Naturelle 250ml","p":4.37,"u":"17,48 €/L","img":"https://fd5-photos.leclercdrive.fr/image.ashx?id=2990430&use=l&cat=p&typeid=i","cat":325351},{"id":126421,"n":"Biscuits Figolu LU Figue - 192g","p":1.35,"u":"7,03 €/KG","img":"https://fd5-photos.leclercdrive.fr/image.ashx?id=2967950&use=l&cat=p&typeid=i","cat":284489},{"id":126424,"n":"Biscuits Sprits sablés Delacre Chocolat au lait - 200g","p":1.7,"u":"8,50 €/KG","img":"https://fd5-photos.leclercdrive.fr/image.ashx?id=2855873&use=l&cat=p&typeid=i","cat":284488},{"id":126430,"n":"Dosettes café Senseo Milka x8","p":2.91,"u":"25,98 €/KG","img":"https://fd5-photos.leclercdrive.fr/image.ashx?id=2127012&use=l&cat=p&typeid=i","cat":293238},{"id":126436,"n":"Amandes Benenuts-Plaisir Brut Non salées - 145g","p":3.78,"u":"26,07 €/KG","img":"https://fd5-photos.leclercdrive.fr/image.ashx?id=3014470&use=l&cat=p&typeid=i","cat":284448},{"id":126474,"n":"Thon entier MSC Petit Navire A l'huile d'olive - 160g","p":3.33,"u":"20,81 €/KG","img":"https://fd5-photos.leclercdrive.fr/image.ashx?id=2523897&use=l&cat=p&typeid=i","cat":303867},{"id":126478,"n":"Morceaux Thon PETIT NAVIRE 160g Nature Démarche Responsable","p":1.89,"u":"16,88 €/KG","img":"https://fd5-photos.leclercdrive.fr/image.ashx?id=2549453&use=l&cat=p&typeid=i","cat":303867},{"id":126540,"n":"Citron jaune Eco+  Filet 500g","p":0.99,"u":"1,98 €/KG","img":"https://fd5-photos.leclercdrive.fr/image.ashx?id=2619807&use=l&cat=p&typeid=i","cat":284356},{"id":126555,"n":"Noix de coco 1p","p":1.69,"img":"https://fd5-photos.leclercdrive.fr/image.ashx?id=1629549&use=l&cat=p&typeid=i","cat":284356},{"id":126570,"n":"Soda Sprite Original  Bouteille  - 1.25L","p":1.25,"u":"1,00 €/L","img":"https://fd5-photos.leclercdrive.fr/image.ashx?id=2796989&use=l&cat=p&typeid=i","cat":284531},{"id":126571,"n":"Gaufres de Liège Lotus 315g","p":1.75,"u":"5,56 €/KG","img":"https://fd5-photos.leclercdrive.fr/image.ashx?id=2694995&use=l&cat=p&typeid=i","cat":294777},{"id":126581,"n":"Pommes jaunes Eco+ Sachet 2kg","p":2.99,"u":"1,50 €/KG","img":"https://fd5-photos.leclercdrive.fr/image.ashx?id=2441890&use=l&cat=p&typeid=i","cat":284356},{"id":126586,"n":"Tomate cerise Eco+ Barquette 250g","p":0.99,"u":"3,96 €/KG","img":"https://fd5-photos.leclercdrive.fr/image.ashx?id=2968067&use=l&cat=p&typeid=i","cat":284352},{"id":126589,"n":"Endives Eco+ Sachet 500g","p":1.49,"u":"2,98 €/KG","img":"https://fd5-photos.leclercdrive.fr/image.ashx?id=2922917&use=l&cat=p&typeid=i","cat":284352},{"id":126643,"n":"Gaufres de liège Lotus Chocolat - 363g","p":3.01,"u":"8,29 €/KG","img":"https://fd5-photos.leclercdrive.fr/image.ashx?id=2859824&use=l&cat=p&typeid=i","cat":294777},{"id":126652,"n":"Pavés fondants camembert Président - 200g","p":3.0,"u":"15,00 €/KG","img":"https://fd5-photos.leclercdrive.fr/image.ashx?id=2856091&use=l&cat=p&typeid=i","cat":314027},{"id":126654,"n":"Fromage de Chèvre Saint Loup  Bûche Affinée - 180g","p":2.24,"u":"12,44 €/KG","img":"https://fd5-photos.leclercdrive.fr/image.ashx?id=2763322&use=l&cat=p&typeid=i","cat":314031},{"id":126658,"n":"Poisson pané Colin Alaska  Findus MSC herbes ail x2 - 225g","p":3.23,"u":"14,36 €/KG","img":"https://fd5-photos.leclercdrive.fr/image.ashx?id=2650699&use=l&cat=p&typeid=i","cat":319788},{"id":126659,"n":"Fromage fondu Eco+ 24 portions - 400g","p":2.45,"u":"6,13 €/KG","img":"https://fd5-photos.leclercdrive.fr/image.ashx?id=2415746&use=l&cat=p&typeid=i","cat":314030},{"id":126814,"n":"Filet de poulet Le Gaulois Non OGM Cuisson express 280g","p":3.9,"u":"13,93 €/KG","img":"https://fd5-photos.leclercdrive.fr/image.ashx?id=2304716&use=l&cat=p&typeid=i","cat":284336},{"id":126815,"n":"Sauté de poulet Le Gaulois Non OGM - 500g","p":5.98,"u":"11,96 €/KG","img":"https://fd5-photos.leclercdrive.fr/image.ashx?id=2317047&use=l&cat=p&typeid=i","cat":284336},{"id":126816,"n":"Escalope de poulet Le Gaulois 240g","p":4.3,"u":"17,92 €/KG","img":"https://fd5-photos.leclercdrive.fr/image.ashx?id=2304713&use=l&cat=p&typeid=i","cat":284336},{"id":126817,"n":"Filet de poulet extra tendre Le Gaulois - 300g","p":4.0,"u":"13,33 €/KG","img":"https://fd5-photos.leclercdrive.fr/image.ashx?id=2304707&use=l&cat=p&typeid=i","cat":284336},{"id":126847,"n":"Batonnets Smicy Vanille fraise - x12 - 456g","p":3.65,"u":"8,00 €/KG","img":"https://fd5-photos.leclercdrive.fr/image.ashx?id=2902555&use=l&cat=p&typeid=i","cat":284265},{"id":126848,"n":"Batonnets Smicy Vanille - x12 - 456g","p":4.02,"u":"8,82 €/KG","img":"https://fd5-photos.leclercdrive.fr/image.ashx?id=2902552&use=l&cat=p&typeid=i","cat":284265},{"id":126849,"n":"Batonnets Smicy Vanille chocolat - x12 - 456g","p":3.53,"u":"7,74 €/KG","img":"https://fd5-photos.leclercdrive.fr/image.ashx?id=2902558&use=l&cat=p&typeid=i","cat":284265},{"id":126850,"n":"Batonnets Smicy Pistache chocolat - x12 - 456g","p":3.53,"u":"7,74 €/KG","img":"https://fd5-photos.leclercdrive.fr/image.ashx?id=2902561&use=l&cat=p&typeid=i","cat":284265},{"id":126851,"n":"Batonnets Smicy Chocolat - x12 - 456g","p":3.99,"u":"8,75 €/KG","img":"https://fd5-photos.leclercdrive.fr/image.ashx?id=2068058&use=l&cat=p&typeid=i","cat":284265},{"id":126918,"n":"Kaki 1p","p":0.49,"img":"https://fd5-photos.leclercdrive.fr/image.ashx?id=1628367&use=l&cat=p&typeid=i","cat":284356},{"id":126990,"n":"Carottes Eco+ Sachet de 2kg","p":1.89,"u":"0,95 €/KG","img":"https://fd5-photos.leclercdrive.fr/image.ashx?id=2922376&use=l&cat=p&typeid=i","cat":284352},{"id":126994,"n":"Céleri rave 1p","p":1.99,"img":"https://fd5-photos.leclercdrive.fr/image.ashx?id=1631904&use=l&cat=p&typeid=i","cat":284352},{"id":127017,"n":"Butternut 1p","p":1.99,"img":"https://fd5-photos.leclercdrive.fr/image.ashx?id=1631577&use=l&cat=p&typeid=i","cat":284352},{"id":127019,"n":"Potimarron 1p","p":2.0,"img":"https://fd5-photos.leclercdrive.fr/image.ashx?id=1633196&use=l&cat=p&typeid=i","cat":284352},{"id":127021,"n":"Chou blanc 1p","p":1.99,"img":"https://fd5-photos.leclercdrive.fr/image.ashx?id=560849&use=l&cat=p&typeid=i","cat":284352},{"id":127027,"n":"Bouchées Feuilletées 3 Toques x12 - 318g","p":2.74,"u":"8,62 €/KG","img":"https://fd5-photos.leclercdrive.fr/image.ashx?id=1913859&use=l&cat=p&typeid=i","cat":284441},{"id":127150,"n":"Gel Mains désinfectant Mercurochrome - 75ml","p":2.09,"u":"27,87 €/L","img":"https://fd5-photos.leclercdrive.fr/image.ashx?id=2522728&use=l&cat=p&typeid=i","cat":284630},{"id":127215,"n":"Litière chats Tranquille Cristaux fins - 3.7L","p":5.66,"u":"1,53 €/L","img":"https://fd5-photos.leclercdrive.fr/image.ashx?id=1934850&use=l&cat=p&typeid=i","cat":284683},{"id":127323,"n":"Shampoing nourrissant Fructis Hair Food banane - 350ml","p":3.54,"u":"10,11 €/L","img":"https://fd5-photos.leclercdrive.fr/image.ashx?id=2830597&use=l&cat=p&typeid=i","cat":284606},{"id":127329,"n":"Saucisson au Comté Galibier Mini bûchettes - 120g","p":3.5,"u":"29,17 €/KG","img":"https://fd5-photos.leclercdrive.fr/image.ashx?id=2902031&use=l&cat=p&typeid=i","cat":316006},{"id":127338,"n":"Saucisson sec Henri Raffin A l'ancienne fumé - 360g","p":5.99,"u":"16,64 €/KG","img":"https://fd5-photos.leclercdrive.fr/image.ashx?id=2950243&use=l&cat=p&typeid=i","cat":316006},{"id":127401,"n":"Préservatifs Orgasm'Intense Perlés et Nervurés Durex x10","p":9.95,"u":"1,00 €/P","img":"https://fd5-photos.leclercdrive.fr/image.ashx?id=2962023&use=l&cat=p&typeid=i","cat":284631},{"id":127429,"n":"Soupe 5 légumes Ferme d'Anchin - 98.5cl","p":4.99,"u":"50,40 €/L","img":"https://fd5-photos.leclercdrive.fr/image.ashx?id=2815073&use=l&cat=p&typeid=i","cat":284355},{"id":127430,"n":"Céréales fourrées P'tit Déli Chocolat au lait - 450g","p":2.58,"u":"5,73 €/KG","img":"https://fd5-photos.leclercdrive.fr/image.ashx?id=2824713&use=l&cat=p&typeid=i","cat":309513},{"id":127475,"n":"Lait bébé en poudre Blédilait croissance 1-3 ans 900g","p":10.29,"u":"11,43 €/KG","img":"https://fd5-photos.leclercdrive.fr/image.ashx?id=2848587&use=l&cat=p&typeid=i","cat":290219},{"id":127476,"n":"Piperade basquaise NRT 600g","p":3.7,"u":"6,17 €/KG","img":"https://fd5-photos.leclercdrive.fr/image.ashx?id=2771420&use=l&cat=p&typeid=i","cat":284441},{"id":127556,"n":"Litière chats Tranquille Cristale charbon actif - 4L","p":6.12,"u":"1,53 €/L","img":"https://fd5-photos.leclercdrive.fr/image.ashx?id=2421874&use=l&cat=p&typeid=i","cat":284683},{"id":128297,"n":"Surligneurs Grip Pastel Bic x4","p":2.45,"img":"https://fd5-photos.leclercdrive.fr/image.ashx?id=2780190&use=l&cat=p&typeid=i","cat":284696},{"id":128329,"n":"Surligneurs Stabilo Boss Original - x8","p":12.02,"u":"1,50 €/P","img":"https://fd5-photos.leclercdrive.fr/image.ashx?id=2689634&use=l&cat=p&typeid=i","cat":284696},{"id":128331,"n":"Surligneurs Stabilo Swing Cool Couleurs fluo assorties - x4","p":6.09,"img":"https://fd5-photos.leclercdrive.fr/image.ashx?id=2525276&use=l&cat=p&typeid=i","cat":284696},{"id":128839,"n":"IGP Pays d'oc grenache rosé Gérard Bertrand  - 75 cl","p":7.36,"u":"9,81 €/L","img":"https://fd5-photos.leclercdrive.fr/image.ashx?id=1917935&use=l&cat=p&typeid=i","cat":289558},{"id":128887,"n":"Soda Coca-Cola Verre - 6x250ml","p":5.74,"u":"3,83 €/L","img":"https://fd5-photos.leclercdrive.fr/image.ashx?id=2444465&use=l&cat=p&typeid=i","cat":284530},{"id":128976,"n":"Sucre poudre Daddy 750g","p":1.63,"u":"2,17 €/KG","img":"https://fd5-photos.leclercdrive.fr/image.ashx?id=2944699&use=l&cat=p&typeid=i","cat":284502},{"id":129003,"n":"Lait infantile 1er âge Babybio  Optima 1 Bio - 800g","p":19.82,"u":"24,78 €/KG","img":"https://fd5-photos.leclercdrive.fr/image.ashx?id=2988433&use=l&cat=p&typeid=i","cat":284726},{"id":129019,"n":"Chocolat Pâtissier Nestlé Dessert : Noir Bio - 170g","p":4.08,"u":"24,00 €/KG","img":"https://fd5-photos.leclercdrive.fr/image.ashx?id=2961245&use=l&cat=p&typeid=i","cat":285562},{"id":129038,"n":"Lait nature Croissance Eveil Bio - 6x1L","p":13.57,"u":"2,26 €/L","img":"https://fd5-photos.leclercdrive.fr/image.ashx?id=1915623&use=l&cat=p&typeid=i","cat":284728},{"id":129123,"n":"Gel Lubrifiant Perfect Gliss Durex Longue Durée 100ml","p":7.95,"u":"79,50 €/L","img":"https://fd5-photos.leclercdrive.fr/image.ashx?id=2960693&use=l&cat=p&typeid=i","cat":285160},{"id":129132,"n":"SprayProtect & Bronze Nivea Sun SPF20 - 200ml","p":8.13,"u":"40,65 €/L","img":"https://fd5-photos.leclercdrive.fr/image.ashx?id=2291282&use=l&cat=p&typeid=i","cat":325355},{"id":129143,"n":"Lait solaire Nivea Sun Hydrate & Protect SPF30 - 200ml","p":8.52,"u":"42,60 €/L","img":"https://fd5-photos.leclercdrive.fr/image.ashx?id=2225417&use=l&cat=p&typeid=i","cat":325355},{"id":129145,"n":"Lait solaire Nivea Sun Peaux sensibles SPF50 - 200ml","p":9.95,"u":"49,75 €/L","img":"https://fd5-photos.leclercdrive.fr/image.ashx?id=2333965&use=l&cat=p&typeid=i","cat":325355},{"id":129162,"n":"Boisson énergisante Monster Mango Loco - 50cl","p":1.49,"u":"2,98 €/L","img":"https://fd5-photos.leclercdrive.fr/image.ashx?id=2433443&use=l&cat=p&typeid=i","cat":284533},{"id":129189,"n":"Biscuit Lotus Biscoff  Original 375g (3x125g)","p":2.27,"u":"6,05 €/KG","img":"https://fd5-photos.leclercdrive.fr/image.ashx?id=2740271&use=l&cat=p&typeid=i","cat":284487},{"id":129235,"n":"Soda Coca-Cola sans sucres Bouteille - 6x1.75L","p":10.38,"u":"0,99 €/L","img":"https://fd5-photos.leclercdrive.fr/image.ashx?id=2878330&use=l&cat=p&typeid=i","cat":284530},{"id":129251,"n":"Madeleine Armor Délices x16+8 offerts - 792g","p":4.49,"u":"5,67 €/KG","img":"https://fd5-photos.leclercdrive.fr/image.ashx?id=2544278&use=l&cat=p&typeid=i","cat":284492},{"id":129280,"n":"Sel équilibre Cérébos Réduit en Sodium - 350g","p":1.98,"u":"5,66 €/KG","img":"https://fd5-photos.leclercdrive.fr/image.ashx?id=2520132&use=l&cat=p&typeid=i","cat":284457},{"id":129306,"n":"Fleurs de Capre Florelli 270g","p":2.96,"u":"10,96 €/KG","img":"https://fd5-photos.leclercdrive.fr/image.ashx?id=2603450&use=l&cat=p&typeid=i","cat":289010},{"id":129360,"n":"Gel hydroalcoolique 50ml","p":1.27,"u":"25,40 €/L","img":"https://fd5-photos.leclercdrive.fr/image.ashx?id=1919018&use=l&cat=p&typeid=i","cat":284630},{"id":129393,"n":"Tablette Chocolat Noir Atelier Myrtille Amandes Noisettes 170g","p":3.47,"u":"20,41 €/KG","img":"https://fd5-photos.leclercdrive.fr/image.ashx?id=2663057&use=l&cat=p&typeid=i","cat":284956},{"id":129395,"n":"Tablette Chocolat Lait Nestlé  L'Atelier Cranberries 170g","p":3.48,"u":"20,47 €/KG","img":"https://fd5-photos.leclercdrive.fr/image.ashx?id=2663051&use=l&cat=p&typeid=i","cat":284497},{"id":129396,"n":"Tablette Chocolat Lait Nestlé  L'atelier Raisins Amandes 170g","p":3.41,"u":"20,06 €/KG","img":"https://fd5-photos.leclercdrive.fr/image.ashx?id=2663048&use=l&cat=p&typeid=i","cat":284497},{"id":129399,"n":"Tablette Chocolat Noir Nestlé L'Atelier Noisettes 170g","p":3.61,"u":"21,24 €/KG","img":"https://fd5-photos.leclercdrive.fr/image.ashx?id=2663063&use=l&cat=p&typeid=i","cat":284956},{"id":129440,"n":"Papier toilette Lotus just1 XXL 6=9","p":6.43,"img":"https://fd5-photos.leclercdrive.fr/image.ashx?id=2854753&use=l&cat=p&typeid=i","cat":284634},{"id":129544,"n":"Sardines Connetable Piment de Cayenne - 3x135g","p":6.96,"u":"17,19 €/KG","img":"https://fd5-photos.leclercdrive.fr/image.ashx?id=2983724&use=l&cat=p&typeid=i","cat":305146},{"id":129560,"n":"Filets cabillaud MSC 800g","p":11.98,"u":"14,98 €/KG","img":"https://fd5-photos.leclercdrive.fr/image.ashx?id=1983986&use=l&cat=p&typeid=i","cat":319786},{"id":129620,"n":"Bière Ambrée 3 Monts 75cl","p":2.65,"u":"3,53 €/L","img":"https://fd5-photos.leclercdrive.fr/image.ashx?id=2548186&use=l&cat=p&typeid=i","cat":334852},{"id":129779,"n":"Arrangé ananas Victoria 40%vol - 50cl","p":16.24,"u":"32,48 €/L","img":"https://fd5-photos.leclercdrive.fr/image.ashx?id=2321310&use=l&cat=p&typeid=i","cat":284551},{"id":129809,"n":"Bonbons Carambar Sucettes Caramel - 156g","p":1.94,"u":"12,44 €/KG","img":"https://fd5-photos.leclercdrive.fr/image.ashx?id=2580804&use=l&cat=p&typeid=i","cat":304252},{"id":129864,"n":"Crème glacée Ben and Jerry's  Half Baked - 406g","p":3.85,"u":"9,48 €/KG","img":"https://fd5-photos.leclercdrive.fr/image.ashx?id=3011941&use=l&cat=p&typeid=i","cat":284725},{"id":129906,"n":"IGP Pays d'Oc blanc Miss Anais 75cl","p":5.8,"pp":4.06,"u":"5,41 €/L","img":"https://fd5-photos.leclercdrive.fr/image.ashx?id=2093220&use=l&cat=p&typeid=i","cat":289557},{"id":129946,"n":"Ailes de poulet Maître Coq Rôties nature - 1kg","p":7.64,"u":"7,64 €/KG","img":"https://fd5-photos.leclercdrive.fr/image.ashx?id=2094316&use=l&cat=p&typeid=i","cat":333685},{"id":129957,"n":"AOP Côtes du Rhône rouge Combes de Saint Sauveur - BIB 3L","p":13.97,"u":"4,66 €/L","img":"https://fd5-photos.leclercdrive.fr/image.ashx?id=2985033&use=l&cat=p&typeid=i","cat":289560},{"id":130009,"n":"Vin de france Rosé Pinot noir Bouchard Ainé & Fils - 75cl","p":5.95,"u":"7,93 €/L","img":"https://fd5-photos.leclercdrive.fr/image.ashx?id=1927698&use=l&cat=p&typeid=i","cat":289558},{"id":130134,"n":"Whisky Glen Grant Arboralis 40%vol - 70cl","p":27.85,"u":"39,79 €/L","img":"https://fd5-photos.leclercdrive.fr/image.ashx?id=1935129&use=l&cat=p&typeid=i","cat":284547},{"id":130319,"n":"Mini pots Häagen-Dazs  Fruit Collection x4 - 326g","p":5.09,"u":"15,61 €/KG","img":"https://fd5-photos.leclercdrive.fr/image.ashx?id=3000159&use=l&cat=p&typeid=i","cat":284725},{"id":130347,"n":"Bâtonnets Trium Caramel Beurre Salé x4 - 288g","p":2.93,"u":"10,17 €/KG","img":"https://fd5-photos.leclercdrive.fr/image.ashx?id=2920788&use=l&cat=p&typeid=i","cat":284265},{"id":130348,"n":"Bâtonnets Trium chocolat au  Lait biscuit cacaoté x4- 290g","p":2.99,"u":"10,31 €/KG","img":"https://fd5-photos.leclercdrive.fr/image.ashx?id=2791341&use=l&cat=p&typeid=i","cat":284265},{"id":130461,"n":"Bière blonde sans alcool 1664 0,0° - 6x25cl","p":3.78,"u":"2,52 €/L","img":"https://fd5-photos.leclercdrive.fr/image.ashx?id=2120656&use=l&cat=p&typeid=i","cat":334877},{"id":130507,"n":"Sauce apéritif Old El Paso Salsa épicée - 312g","p":2.28,"u":"7,31 €/KG","img":"https://fd5-photos.leclercdrive.fr/image.ashx?id=2737606&use=l&cat=p&typeid=i","cat":288993},{"id":130539,"n":"Rhum brun Havana Club 7 ans - 40%vol - 70cl","p":24.95,"u":"35,64 €/L","img":"https://fd5-photos.leclercdrive.fr/image.ashx?id=2874093&use=l&cat=p&typeid=i","cat":284550},{"id":130571,"n":"Shampooing bio  I Love Bio SOS cheveux sec - 200ml","p":4.7,"u":"23,50 €/L","img":"https://fd5-photos.leclercdrive.fr/image.ashx?id=2494788&use=l&cat=p&typeid=i","cat":284606},{"id":130579,"n":"Shampooing bio I Love Bio Sublime ma couleur - 250ml","p":4.7,"u":"18,80 €/L","img":"https://fd5-photos.leclercdrive.fr/image.ashx?id=2225150&use=l&cat=p&typeid=i","cat":284606},{"id":130587,"n":"Shampooing bio I Love Bio Pour tous les cheveux - 250ml","p":4.79,"u":"19,16 €/L","img":"https://fd5-photos.leclercdrive.fr/image.ashx?id=2754027&use=l&cat=p&typeid=i","cat":284606},{"id":130618,"n":"Shampooing bio I Love Bio Anti-pellicules - 250ml","p":4.7,"u":"18,80 €/L","img":"https://fd5-photos.leclercdrive.fr/image.ashx?id=2225156&use=l&cat=p&typeid=i","cat":284606},{"id":130666,"n":"Blanc de poulet Fleury Michon -25% de sel x8 - 240g","p":4.07,"u":"16,96 €/KG","img":"https://fd5-photos.leclercdrive.fr/image.ashx?id=2886849&use=l&cat=p&typeid=i","cat":316010},{"id":130667,"n":"Rôti de porc Fleury Michon Sans nitrite - x4 - 160g","p":2.81,"u":"17,56 €/KG","img":"https://fd5-photos.leclercdrive.fr/image.ashx?id=2320977&use=l&cat=p&typeid=i","cat":316009},{"id":130727,"n":"Fleur de bière Wolfberger 37,5%vol. - 70cl","p":19.5,"u":"27,86 €/L","img":"https://fd5-photos.leclercdrive.fr/image.ashx?id=1941284&use=l&cat=p&typeid=i","cat":284913},{"id":130744,"n":"Nouilles aux oeufs Suzi Wan 250g","p":1.64,"u":"6,56 €/KG","img":"https://fd5-photos.leclercdrive.fr/image.ashx?id=2892928&use=l&cat=p&typeid=i","cat":288992},{"id":130747,"n":"Kit Tortilla Pocket Old El Paso doux - 375g","p":4.9,"u":"13,07 €/KG","img":"https://fd5-photos.leclercdrive.fr/image.ashx?id=2759514&use=l&cat=p&typeid=i","cat":288993},{"id":130750,"n":"Boite ménagère basilic Ducros 29g","p":1.44,"u":"49,66 €/KG","img":"https://fd5-photos.leclercdrive.fr/image.ashx?id=2486587&use=l&cat=p&typeid=i","cat":298297},{"id":130776,"n":"Confiture  Bonne Maman Fraise framboise intenses 335g","p":2.33,"u":"6,96 €/KG","img":"https://fd5-photos.leclercdrive.fr/image.ashx?id=2396378&use=l&cat=p&typeid=i","cat":284480},{"id":130777,"n":"Arrangé Héritage Charrette Le Vanille 40% vol - 70cl","p":23.51,"u":"33,59 €/L","img":"https://fd5-photos.leclercdrive.fr/image.ashx?id=2306225&use=l&cat=p&typeid=i","cat":284551},{"id":130784,"n":"Crème colorante Eugène Color N°15","p":3.73,"img":"https://fd5-photos.leclercdrive.fr/image.ashx?id=2476455&use=l&cat=p&typeid=i","cat":288899},{"id":130786,"n":"Crème de marron Roger Descours 500g","p":2.91,"u":"5,82 €/KG","img":"https://fd5-photos.leclercdrive.fr/image.ashx?id=1989159&use=l&cat=p&typeid=i","cat":284481},{"id":130788,"n":"Tablette chocolat au lait Eco+ Ménage - 5x100g","p":3.49,"u":"6,98 €/KG","img":"https://fd5-photos.leclercdrive.fr/image.ashx?id=2746778&use=l&cat=p&typeid=i","cat":284497},{"id":130789,"n":"Préparation Gâteau alsa Moelleux Nature - 435g","p":2.19,"u":"5,03 €/KG","img":"https://fd5-photos.leclercdrive.fr/image.ashx?id=2996431&use=l&cat=p&typeid=i","cat":284505},{"id":130790,"n":"Préparation Gâteau alsa Moelleux Chocolat - 435g","p":2.19,"u":"5,03 €/KG","img":"https://fd5-photos.leclercdrive.fr/image.ashx?id=2996434&use=l&cat=p&typeid=i","cat":284505},{"id":130800,"n":"Plateau Raclette 3 fromages NRT 550g","p":10.95,"u":"19,91 €/KG","img":"https://fd5-photos.leclercdrive.fr/image.ashx?id=2321796&use=l&cat=p&typeid=i","cat":314037},{"id":130804,"n":"Préparation Gâteau alsa Fondant au Chocolat - 435g","p":2.68,"u":"8,38 €/KG","img":"https://fd5-photos.leclercdrive.fr/image.ashx?id=2996437&use=l&cat=p&typeid=i","cat":284505},{"id":130810,"n":"Brosse à dents Signal Eclat souple - 1 pièce","p":2.68,"img":"https://fd5-photos.leclercdrive.fr/image.ashx?id=2769822&use=l&cat=p&typeid=i","cat":284614},{"id":130811,"n":"Brosse à Dents Signal Système Blancheur Medium x1","p":2.73,"img":"https://fd5-photos.leclercdrive.fr/image.ashx?id=2832539&use=l&cat=p&typeid=i","cat":284614},{"id":130812,"n":"Brosse à Dents Signal Ultra Access Medium x1","p":2.95,"img":"https://fd5-photos.leclercdrive.fr/image.ashx?id=3009263&use=l&cat=p&typeid=i","cat":284614},{"id":130816,"n":"Dentifrice Zendium Protection complète - 75ml","p":2.73,"img":"https://fd5-photos.leclercdrive.fr/image.ashx?id=2927711&use=l&cat=p&typeid=i","cat":284612},{"id":130857,"n":"Truite fumée de france Ovive 100g","p":3.41,"u":"34,10 €/KG","img":"https://fd5-photos.leclercdrive.fr/image.ashx?id=2902061&use=l&cat=p&typeid=i","cat":285188},{"id":130881,"n":"Bâtonnets Côte d'Or Vanille x4 - 260g","p":4.25,"u":"16,35 €/KG","img":"https://fd5-photos.leclercdrive.fr/image.ashx?id=2844573&use=l&cat=p&typeid=i","cat":284265},{"id":130883,"n":"Mini bâtonnets Côte d'Or x6 Assortiment vanille & chocolat","p":4.13,"u":"19,39 €/KG","img":"https://fd5-photos.leclercdrive.fr/image.ashx?id=2348767&use=l&cat=p&typeid=i","cat":284265},{"id":130917,"n":"Lait en poudre Guigoz 1er âge - 0-6 mois - 800g","p":17.88,"u":"22,35 €/KG","img":"https://fd5-photos.leclercdrive.fr/image.ashx?id=2891313&use=l&cat=p&typeid=i","cat":284726},{"id":130918,"n":"Lait bébé poudre Guigoz Evolia  2ème âge - 6-12 mois - 800g","p":14.32,"u":"17,90 €/KG","img":"https://fd5-photos.leclercdrive.fr/image.ashx?id=2737111&use=l&cat=p&typeid=i","cat":284727},{"id":130919,"n":"Cereales Bio nuit Modilac 4mois 250g","p":4.13,"u":"16,52 €/KG","img":"https://fd5-photos.leclercdrive.fr/image.ashx?id=2766006&use=l&cat=p&typeid=i","cat":312225},{"id":130931,"n":"Dés emmental Petit Marché 120g","p":2.3,"u":"19,17 €/KG","img":"https://fd5-photos.leclercdrive.fr/image.ashx?id=2324483&use=l&cat=p&typeid=i","cat":314027},{"id":130935,"n":"Dés fromage Petit Marché Chèvre - 120g","p":3.05,"u":"25,42 €/KG","img":"https://fd5-photos.leclercdrive.fr/image.ashx?id=2195332&use=l&cat=p&typeid=i","cat":314027},{"id":130936,"n":"Dés mimolette Petit Marché 120g","p":2.0,"u":"16,67 €/KG","img":"https://fd5-photos.leclercdrive.fr/image.ashx?id=2216981&use=l&cat=p&typeid=i","cat":314027},{"id":130937,"n":"Dés Fromage Méditerranéen Petit Marché 120g","p":2.75,"u":"22,92 €/KG","img":"https://fd5-photos.leclercdrive.fr/image.ashx?id=2263733&use=l&cat=p&typeid=i","cat":314027},{"id":130939,"n":"Dés Cheddar Petit Marché - 120g","p":2.53,"u":"21,08 €/KG","img":"https://fd5-photos.leclercdrive.fr/image.ashx?id=2303612&use=l&cat=p&typeid=i","cat":314027},{"id":131015,"n":"Compotes Materne Coupelles Pomme - 4x100g","p":1.56,"u":"3,90 €/KG","img":"https://fd5-photos.leclercdrive.fr/image.ashx?id=3010855&use=l&cat=p&typeid=i","cat":284508},{"id":131134,"n":"Ris de veau 500 g","p":15.98,"u":"31,96 €/KG","img":"https://fd5-photos.leclercdrive.fr/image.ashx?id=1941839&use=l&cat=p&typeid=i","cat":321330},{"id":131148,"n":"Frange absorbante spéciale 1 pièce","p":2.95,"img":"https://fd5-photos.leclercdrive.fr/image.ashx?id=1937848&use=l&cat=p&typeid=i","cat":284669},{"id":131150,"n":"Manche rétractable 1 pièce","p":2.72,"img":"https://fd5-photos.leclercdrive.fr/image.ashx?id=1937809&use=l&cat=p&typeid=i","cat":284669},{"id":131158,"n":"Brosse vaisselle design 1 pièce","p":3.9,"img":"https://fd5-photos.leclercdrive.fr/image.ashx?id=1937824&use=l&cat=p&typeid=i","cat":284669},{"id":131192,"n":"Croquettes chien Ultima Nature  Poulet - 3kg","p":11.64,"u":"3,88 €/KG","img":"https://fd5-photos.leclercdrive.fr/image.ashx?id=2593167&use=l&cat=p&typeid=i","cat":284672},{"id":131243,"n":"AOC Crémant de Limoux Brut  rosé Aguila - 75cl","p":6.5,"u":"8,67 €/L","img":"https://fd5-photos.leclercdrive.fr/image.ashx?id=2792246&use=l&cat=p&typeid=i","cat":284544},{"id":131388,"n":"Capsules Starbucks by Nespresso  Colombia Int 7 - x10","p":3.35,"u":"58,77 €/KG","img":"https://fd5-photos.leclercdrive.fr/image.ashx?id=2868152&use=l&cat=p&typeid=i","cat":284749},{"id":131390,"n":"Capsules Starbucks by Nespresso  House Blend Int 8 - x10","p":3.35,"u":"58,77 €/KG","img":"https://fd5-photos.leclercdrive.fr/image.ashx?id=2868143&use=l&cat=p&typeid=i","cat":284749},{"id":131395,"n":"Capsules Starbucks by Nespresso  Espresso Décaf Int 11 - x10","p":3.87,"u":"0,39 €/P","img":"https://fd5-photos.leclercdrive.fr/image.ashx?id=2945778&use=l&cat=p&typeid=i","cat":284749},{"id":131397,"n":"Capsules Starbucks by Nespresso  Sumatra Int 10 - x10","p":3.71,"u":"0,37 €/P","img":"https://fd5-photos.leclercdrive.fr/image.ashx?id=2945772&use=l&cat=p&typeid=i","cat":284749},{"id":131399,"n":"Café Capsules NESPRESSO int 7 Starbucks Pike Place Roast x10","p":3.71,"u":"70,00 €/KG","img":"https://fd5-photos.leclercdrive.fr/image.ashx?id=2945775&use=l&cat=p&typeid=i","cat":284749},{"id":131424,"n":"Capsules Starbucks by Nespresso  Blonde Espresso Int 6 - x10","p":3.35,"u":"63,21 €/KG","img":"https://fd5-photos.leclercdrive.fr/image.ashx?id=2868146&use=l&cat=p&typeid=i","cat":284749},{"id":131426,"n":"Capsules Starbucks by Nespresso  Espresso Roast Int 11 - x10","p":3.32,"u":"58,25 €/KG","img":"https://fd5-photos.leclercdrive.fr/image.ashx?id=2868149&use=l&cat=p&typeid=i","cat":284749},{"id":131428,"n":"Capsules Starbucks by Nespresso  Verona Int 10 - x10","p":3.71,"u":"65,09 €/KG","img":"https://fd5-photos.leclercdrive.fr/image.ashx?id=2945769&use=l&cat=p&typeid=i","cat":284749},{"id":131623,"n":"AOP Vin de Muscat Frontignan - 3x75cl","p":14.75,"u":"6,56 €/L","img":"https://fd5-photos.leclercdrive.fr/image.ashx?id=1945036&use=l&cat=p&typeid=i","cat":284913},{"id":131738,"n":"Suprême d'asperges 99cl","p":5.99,"u":"6,05 €/L","img":"https://fd5-photos.leclercdrive.fr/image.ashx?id=2150016&use=l&cat=p&typeid=i","cat":284355},{"id":131739,"n":"Suprême de potiron Ferme d'Anchin - 98.5cl","p":5.05,"u":"5,13 €/L","img":"https://fd5-photos.leclercdrive.fr/image.ashx?id=2150013&use=l&cat=p&typeid=i","cat":284355},{"id":131742,"n":"crème dessert chocolat au lait danette - 4x125g","p":2.09,"u":"4,18 €/KG","img":"https://fd5-photos.leclercdrive.fr/image.ashx?id=2093984&use=l&cat=p&typeid=i","cat":285041},{"id":131790,"n":"Barres céréales Eco+ Chocolat & cacahuètes x6 - 126g","p":0.71,"u":"5,63 €/KG","img":"https://fd5-photos.leclercdrive.fr/image.ashx?id=2791209&use=l&cat=p&typeid=i","cat":285869},{"id":131811,"n":"Chicorée café Eco+ Soluble - 200g","p":2.06,"u":"10,30 €/KG","img":"https://fd5-photos.leclercdrive.fr/image.ashx?id=2791200&use=l&cat=p&typeid=i","cat":284843},{"id":131822,"n":"Delicioso format familial x10 - 350g","p":2.52,"u":"7,20 €/KG","img":"https://fd5-photos.leclercdrive.fr/image.ashx?id=1942584&use=l&cat=p&typeid=i","cat":284495},{"id":131824,"n":"Marshmallows 200g","p":0.79,"u":"3,95 €/KG","img":"https://fd5-photos.leclercdrive.fr/image.ashx?id=2761289&use=l&cat=p&typeid=i","cat":304250},{"id":131826,"n":"Miettes thon à la tomate Eco + 160g","p":0.77,"u":"4,81 €/KG","img":"https://fd5-photos.leclercdrive.fr/image.ashx?id=2751856&use=l&cat=p&typeid=i","cat":303867},{"id":131829,"n":"Noix de Muscade Ducros 18g","p":2.85,"u":"158,33 €/KG","img":"https://fd5-photos.leclercdrive.fr/image.ashx?id=2559466&use=l&cat=p&typeid=i","cat":298297},{"id":131853,"n":"Potage tomate vermicelle Eco + 66g","p":0.79,"u":"11,97 €/KG","img":"https://fd5-photos.leclercdrive.fr/image.ashx?id=2674017&use=l&cat=p&typeid=i","cat":284463},{"id":131864,"n":"Potage déshydratée Eco + poireaux pommes de terre 74g","p":0.59,"u":"7,97 €/KG","img":"https://fd5-photos.leclercdrive.fr/image.ashx?id=2656378&use=l&cat=p&typeid=i","cat":284463},{"id":131938,"n":"Asperges blanches Olabe Pic-nic - 110g","p":2.19,"u":"19,91 €/KG","img":"https://fd5-photos.leclercdrive.fr/image.ashx?id=2107697&use=l&cat=p&typeid=i","cat":312611},{"id":131939,"n":"Brosse à dents classique Signal","p":2.75,"img":"https://fd5-photos.leclercdrive.fr/image.ashx?id=2082690&use=l&cat=p&typeid=i","cat":284614},{"id":131940,"n":"Bouillon liquide de volaille Maggi - 400ml","p":1.78,"u":"4,45 €/L","img":"https://fd5-photos.leclercdrive.fr/image.ashx?id=2496752&use=l&cat=p&typeid=i","cat":288379},{"id":132005,"n":"Verrines Hénaff Camp./Lapin/P.Hénaff - 3x180g","p":6.48,"u":"12,00 €/KG","img":"https://fd5-photos.leclercdrive.fr/image.ashx?id=2407628&use=l&cat=p&typeid=i","cat":305149},{"id":132067,"n":"Mayonnaise Rustica 830g","p":3.59,"u":"4,33 €/KG","img":"https://fd5-photos.leclercdrive.fr/image.ashx?id=2994827&use=l&cat=p&typeid=i","cat":298295},{"id":132069,"n":"Sauce Samourai Rustica 840g","p":3.79,"u":"4,51 €/KG","img":"https://fd5-photos.leclercdrive.fr/image.ashx?id=1944261&use=l&cat=p&typeid=i","cat":318431},{"id":132070,"n":"Sauce Frites Rustica 919g","p":3.59,"u":"3,91 €/KG","img":"https://fd5-photos.leclercdrive.fr/image.ashx?id=1944264&use=l&cat=p&typeid=i","cat":318431},{"id":132072,"n":"Sauce Burger Rustica 850g","p":3.79,"u":"4,46 €/KG","img":"https://fd5-photos.leclercdrive.fr/image.ashx?id=1944270&use=l&cat=p&typeid=i","cat":318431},{"id":132109,"n":"Batonnets de glace Nuii Mangue d'Inde et Noix de Coco  x4","p":4.23,"u":"14,79 €/KG","img":"https://fd5-photos.leclercdrive.fr/image.ashx?id=2506825&use=l&cat=p&typeid=i","cat":284265},{"id":132113,"n":"Tablette chocolat Villars Lait noisette - 100g","p":2.79,"u":"27,90 €/KG","img":"https://fd5-photos.leclercdrive.fr/image.ashx?id=2464273&use=l&cat=p&typeid=i","cat":284497},{"id":132165,"n":"Sorbet Eskiss Citron jaune - 650g","p":2.41,"u":"3,71 €/KG","img":"https://fd5-photos.leclercdrive.fr/image.ashx?id=2982664&use=l&cat=p&typeid=i","cat":284263},{"id":132180,"n":"Petits pots bébé P'TITE RECETTE Tajine de poulet 12M+ - 2x200g","p":2.07,"u":"5,18 €/KG","img":"https://fd5-photos.leclercdrive.fr/image.ashx?id=2525720&use=l&cat=p&typeid=i","cat":312237},{"id":132234,"n":"Flocons d'avoine Grainea 500g","p":0.84,"u":"1,68 €/KG","img":"https://fd5-photos.leclercdrive.fr/image.ashx?id=2919655&use=l&cat=p&typeid=i","cat":309512},{"id":132285,"n":"Feta grecque AOP Les Croisés - Tranche - 150g","p":1.84,"u":"12,27 €/KG","img":"https://fd5-photos.leclercdrive.fr/image.ashx?id=2688312&use=l&cat=p&typeid=i","cat":314026},{"id":132290,"n":"Huile d'Olive Carapelli Extra Vierge Classico - 75cl","p":10.25,"u":"13,67 €/L","img":"https://fd5-photos.leclercdrive.fr/image.ashx?id=2737480&use=l&cat=p&typeid=i","cat":284453},{"id":132330,"n":"Ail semoule Eco + 54g","p":0.79,"u":"14,63 €/KG","img":"https://fd5-photos.leclercdrive.fr/image.ashx?id=2717249&use=l&cat=p&typeid=i","cat":298297},{"id":132334,"n":"Tortilla Pockets Old El Paso x8 - 223g","p":3.5,"u":"15,70 €/KG","img":"https://fd5-photos.leclercdrive.fr/image.ashx?id=2737675&use=l&cat=p&typeid=i","cat":288993},{"id":132341,"n":"Couscous Fin Ferrero - 500G","p":1.33,"u":"2,66 €/KG","img":"https://fd5-photos.leclercdrive.fr/image.ashx?id=3008239&use=l&cat=p&typeid=i","cat":284429},{"id":132342,"n":"Tablette de chocolat Eco+ Blanc - 4x100g","p":3.67,"u":"9,18 €/KG","img":"https://fd5-photos.leclercdrive.fr/image.ashx?id=2661927&use=l&cat=p&typeid=i","cat":284957},{"id":132348,"n":"Delir' Pik Haribo Sachet bonbons acidulés - 275g","p":1.89,"u":"6,87 €/KG","img":"https://fd5-photos.leclercdrive.fr/image.ashx?id=2984904&use=l&cat=p&typeid=i","cat":304250},{"id":132392,"n":"Gratte éponge Spontex Longue durée - x3","p":2.16,"u":"0,72 €/P","img":"https://fd5-photos.leclercdrive.fr/image.ashx?id=2973072&use=l&cat=p&typeid=i","cat":284667},{"id":132393,"n":"Lait croissance Guigoz Optipro En poudre - dès 18 mois - 900g","p":9.93,"u":"11,03 €/KG","img":"https://fd5-photos.leclercdrive.fr/image.ashx?id=2517589&use=l&cat=p&typeid=i","cat":290219},{"id":132486,"n":"Eau micellaire 100ml","p":1.49,"u":"14,90 €/L","img":"https://fd5-photos.leclercdrive.fr/image.ashx?id=1947543&use=l&cat=p&typeid=i","cat":284603},{"id":132572,"n":"AOP Saumur Mousseux Brut Lacheteau Origine - 75cl","p":5.2,"u":"6,93 €/L","img":"https://fd5-photos.leclercdrive.fr/image.ashx?id=2960768&use=l&cat=p&typeid=i","cat":284545},{"id":132581,"n":"Céréales soufflé P'tit Déli Au chocolat - 400g","p":2.37,"u":"5,93 €/KG","img":"https://fd5-photos.leclercdrive.fr/image.ashx?id=2811875&use=l&cat=p&typeid=i","cat":309513},{"id":132585,"n":"Skyr Yoplait  Nature 0%Mg - 4x100g","p":1.99,"u":"4,98 €/KG","img":"https://fd5-photos.leclercdrive.fr/image.ashx?id=2884435&use=l&cat=p&typeid=i","cat":315000},{"id":132601,"n":"Fan of Pik Haribo  Sachet bonbons acidulés - 200g","p":1.84,"u":"9,20 €/KG","img":"https://fd5-photos.leclercdrive.fr/image.ashx?id=2789766&use=l&cat=p&typeid=i","cat":304250},{"id":132602,"n":"Bandz Pik Haribo Sachet bonbons acidulés - 200g","p":1.71,"u":"8,55 €/KG","img":"https://fd5-photos.leclercdrive.fr/image.ashx?id=2982417&use=l&cat=p&typeid=i","cat":304250},{"id":132621,"n":"Tablette de chocolat noir Lindt doux 85% - 100g","p":2.57,"u":"25,70 €/KG","img":"https://fd5-photos.leclercdrive.fr/image.ashx?id=2423777&use=l&cat=p&typeid=i","cat":284956},{"id":132625,"n":"Batônnets Trium Vanille Fruits rouge x4 - 286g","p":2.64,"u":"9,23 €/KG","img":"https://fd5-photos.leclercdrive.fr/image.ashx?id=2920782&use=l&cat=p&typeid=i","cat":284265},{"id":132641,"n":"Mini batonnets Trium Vanille - x8 - 288g","p":2.78,"u":"9,65 €/KG","img":"https://fd5-photos.leclercdrive.fr/image.ashx?id=1948131&use=l&cat=p&typeid=i","cat":284265},{"id":132643,"n":"Shampooing bio Pétrole Hahn Fortifiant - 250ml","p":4.26,"u":"17,04 €/L","img":"https://fd5-photos.leclercdrive.fr/image.ashx?id=1948140&use=l&cat=p&typeid=i","cat":284606},{"id":132644,"n":"Huile Cadum Bébé  Huile Merveilleuse - 100ml","p":3.13,"u":"31,30 €/L","img":"https://fd5-photos.leclercdrive.fr/image.ashx?id=2518352&use=l&cat=p&typeid=i","cat":284741},{"id":132795,"n":"Désinfectant Sanytol 150ml","p":3.64,"u":"24,27 €/L","img":"https://fd5-photos.leclercdrive.fr/image.ashx?id=2785412&use=l&cat=p&typeid=i","cat":285201},{"id":132796,"n":"Haché moelleux Eco+ 500g","p":4.85,"u":"9,70 €/KG","img":"https://fd5-photos.leclercdrive.fr/image.ashx?id=2930606&use=l&cat=p&typeid=i","cat":284332},{"id":132808,"n":"Skyr Yoplait  Lit Fruits Rouges 0%Mg - 4x100g","p":2.17,"u":"5,43 €/KG","img":"https://fd5-photos.leclercdrive.fr/image.ashx?id=2884438&use=l&cat=p&typeid=i","cat":315000},{"id":132811,"n":"Skyr Yoplait  Sur Lit Myrtilles 0%MG - 4x100G","p":2.17,"u":"5,43 €/KG","img":"https://fd5-photos.leclercdrive.fr/image.ashx?id=2884441&use=l&cat=p&typeid=i","cat":315000},{"id":132812,"n":"Bière blonde Grimbergen Sans alcool 0,0° - 6x25cl","p":4.93,"u":"3,29 €/L","img":"https://fd5-photos.leclercdrive.fr/image.ashx?id=2334515&use=l&cat=p&typeid=i","cat":334877},{"id":132815,"n":"Skyr Yoplait  Sur Lit Citron 0%MG - 4x100g","p":2.03,"u":"5,08 €/KG","img":"https://fd5-photos.leclercdrive.fr/image.ashx?id=2317780&use=l&cat=p&typeid=i","cat":315000},{"id":132901,"n":"AOP Jurançon blanc moelleux Tradition Royale - 75cl","p":5.95,"u":"7,93 €/L","img":"https://fd5-photos.leclercdrive.fr/image.ashx?id=2996872&use=l&cat=p&typeid=i","cat":289557},{"id":132902,"n":"AOP Sud-Ouest Jurançon  Tradition royale - 75 cl","p":4.75,"u":"6,33 €/L","img":"https://fd5-photos.leclercdrive.fr/image.ashx?id=2996875&use=l&cat=p&typeid=i","cat":289557},{"id":132924,"n":"Crème mains Le Petit Olivier Karité - 75ml","p":2.92,"u":"38,93 €/L","img":"https://fd5-photos.leclercdrive.fr/image.ashx?id=1951721&use=l&cat=p&typeid=i","cat":325354},{"id":132994,"n":"Baume nourrissant bio N.A.E. Nuit - 50ml","p":9.7,"u":"194,00 €/L","img":"https://fd5-photos.leclercdrive.fr/image.ashx?id=1954457&use=l&cat=p&typeid=i","cat":325345},{"id":133039,"n":"Lessive liquide noir Epsil 25 Lavages - 1.25L","p":2.54,"u":"2,03 €/L","img":"https://fd5-photos.leclercdrive.fr/image.ashx?id=2670350&use=l&cat=p&typeid=i","cat":284640},{"id":133044,"n":"Lessive laine & soie Epsil 25 lavages - 1.25L","p":2.54,"u":"2,03 €/L","img":"https://fd5-photos.leclercdrive.fr/image.ashx?id=2842319&use=l&cat=p&typeid=i","cat":284640},{"id":133071,"n":"Contour yeux bio So Bio Etic Précieux Argan -15ml","p":11.69,"u":"779,33 €/L","img":"https://fd5-photos.leclercdrive.fr/image.ashx?id=2644244&use=l&cat=p&typeid=i","cat":325345},{"id":133115,"n":"Sauce Mayomix Heinz Mix mayonnaise & ketchup - 425g","p":2.55,"u":"6,00 €/KG","img":"https://fd5-photos.leclercdrive.fr/image.ashx?id=2926936&use=l&cat=p&typeid=i","cat":318431},{"id":133218,"n":"Déodorant spray Monsavon Grenade & Hibiscus - 2x200ml","p":3.58,"u":"8,95 €/L","img":"https://fd5-photos.leclercdrive.fr/image.ashx?id=2489959&use=l&cat=p&typeid=i","cat":284595},{"id":133260,"n":"Margarine St Hubert Sel de mer - 500g","p":3.79,"u":"7,58 €/KG","img":"https://fd5-photos.leclercdrive.fr/image.ashx?id=2393689&use=l&cat=p&typeid=i","cat":315229},{"id":133365,"n":"Bière 3 Monts Saison Deux houblons - 75 cl","p":2.93,"u":"3,91 €/L","img":"https://fd5-photos.leclercdrive.fr/image.ashx?id=2548183&use=l&cat=p&typeid=i","cat":334852},{"id":133368,"n":"Muscat Beaume de Venise Rosé - Origine 1348 - 75cl","p":9.95,"u":"13,27 €/L","img":"https://fd5-photos.leclercdrive.fr/image.ashx?id=1960098&use=l&cat=p&typeid=i","cat":284913},{"id":133369,"n":"AOP Muscat Beaume de Venise Blanc - Origine 1348 - 75cl","p":9.95,"u":"13,27 €/L","img":"https://fd5-photos.leclercdrive.fr/image.ashx?id=2021019&use=l&cat=p&typeid=i","cat":289557},{"id":133464,"n":"Shampooing Bio So Bio Etic Hibiscus Acide laurique - 250ml","p":4.71,"u":"18,84 €/L","img":"https://fd5-photos.leclercdrive.fr/image.ashx?id=2784959&use=l&cat=p&typeid=i","cat":284606},{"id":133475,"n":"Lait corps nourrit So Bio Etic Surgras Karité bio - 200ml","p":6.08,"u":"30,40 €/L","img":"https://fd5-photos.leclercdrive.fr/image.ashx?id=2997010&use=l&cat=p&typeid=i","cat":325349},{"id":133480,"n":"Gel-crème bio La Source Hydratation 24h - 40ml","p":10.17,"u":"254,25 €/L","img":"https://fd5-photos.leclercdrive.fr/image.ashx?id=2219309&use=l&cat=p&typeid=i","cat":325345},{"id":133513,"n":"Crème jour bio La Source Anti-âge action complète - 40ml","p":16.68,"u":"417,00 €/L","img":"https://fd5-photos.leclercdrive.fr/image.ashx?id=2231843&use=l&cat=p&typeid=i","cat":325345},{"id":133533,"n":"Masque Color-Vive Elsève 2x310ml","p":9.82,"u":"15,84 €/L","img":"https://fd5-photos.leclercdrive.fr/image.ashx?id=2396159&use=l&cat=p&typeid=i","cat":284608},{"id":133650,"n":"DOC Prosecco Treviso Mionetto - 75cl","p":6.93,"u":"9,24 €/L","img":"https://fd5-photos.leclercdrive.fr/image.ashx?id=3011911&use=l&cat=p&typeid=i","cat":289461},{"id":133748,"n":"Soda Coca-Cola - SANS SUCRES Bouteille - 6x25cl","p":5.23,"u":"3,49 €/L","img":"https://fd5-photos.leclercdrive.fr/image.ashx?id=2312308&use=l&cat=p&typeid=i","cat":284530},{"id":134001,"n":"Mini Baguettes à la Tomate Bio Good Goût - Dès 10 mois - 70g","p":2.37,"u":"33,86 €/KG","img":"https://fd5-photos.leclercdrive.fr/image.ashx?id=2640680&use=l&cat=p&typeid=i","cat":312394},{"id":134047,"n":"Barres de céréales Lion Chocolat caramel - 12x25g","p":4.07,"u":"13,57 €/KG","img":"https://fd5-photos.leclercdrive.fr/image.ashx?id=2846787&use=l&cat=p&typeid=i","cat":285869},{"id":134056,"n":"Rougail saucisses et son riz 300g","p":3.0,"u":"10,00 €/KG","img":"https://fd5-photos.leclercdrive.fr/image.ashx?id=3008461&use=l&cat=p&typeid=i","cat":284953},{"id":134121,"n":"Poivre noir moulu Eco+ 44g","p":0.55,"u":"12,50 €/KG","img":"https://fd5-photos.leclercdrive.fr/image.ashx?id=2717246&use=l&cat=p&typeid=i","cat":284457},{"id":134130,"n":"Mélange paella Ducros 20g","p":1.37,"u":"68,50 €/KG","img":"https://fd5-photos.leclercdrive.fr/image.ashx?id=2490500&use=l&cat=p&typeid=i","cat":298297},{"id":134144,"n":"Don Papa Masskara Base de rhum 40% vol 70cl","p":31.88,"u":"45,54 €/L","img":"https://fd5-photos.leclercdrive.fr/image.ashx?id=2858255&use=l&cat=p&typeid=i","cat":284551},{"id":134162,"n":"Fromage frais nature Eco+ 9%mg - 6x60g","p":0.93,"u":"2,58 €/KG","img":"https://fd5-photos.leclercdrive.fr/image.ashx?id=2722372&use=l&cat=p&typeid=i","cat":284409},{"id":134165,"n":"Yaourt à la Grecque Délisse Stracciatella - 4x150g","p":2.39,"u":"3,98 €/KG","img":"https://fd5-photos.leclercdrive.fr/image.ashx?id=2753487&use=l&cat=p&typeid=i","cat":314999},{"id":134193,"n":"Mozzarella bufala Casa Azzurra Boule - 200g","p":3.57,"u":"17,85 €/KG","img":"https://fd5-photos.leclercdrive.fr/image.ashx?id=2916938&use=l&cat=p&typeid=i","cat":314026},{"id":134206,"n":"Matière grasse St Hubert Oméga 3 - Demi-sel - 750g","p":5.2,"u":"6,93 €/KG","img":"https://fd5-photos.leclercdrive.fr/image.ashx?id=2734081&use=l&cat=p&typeid=i","cat":315229},{"id":134218,"n":"Lardons fumés Tradilège Sans nitrite - 2x75g","p":1.57,"u":"10,47 €/KG","img":"https://fd5-photos.leclercdrive.fr/image.ashx?id=2965828&use=l&cat=p&typeid=i","cat":316011},{"id":134220,"n":"Allumettes nature Tradilège Sans nitrite - 2x75g","p":1.64,"u":"10,93 €/KG","img":"https://fd5-photos.leclercdrive.fr/image.ashx?id=2970486&use=l&cat=p&typeid=i","cat":316011},{"id":134249,"n":"Blé express cuisiné Ebly  Tomate et basilic - 220g","p":1.81,"u":"8,23 €/KG","img":"https://fd5-photos.leclercdrive.fr/image.ashx?id=1963877&use=l&cat=p&typeid=i","cat":287600},{"id":134257,"n":"Corn Flakes Grainéa Nature - 500g","p":2.08,"u":"4,16 €/KG","img":"https://fd5-photos.leclercdrive.fr/image.ashx?id=2617249&use=l&cat=p&typeid=i","cat":309513},{"id":134316,"n":"Goûters P'tit Déli Croc' Goût Vanille - 300g","p":1.08,"u":"3,27 €/KG","img":"https://fd5-photos.leclercdrive.fr/image.ashx?id=2708901&use=l&cat=p&typeid=i","cat":284489},{"id":134321,"n":"Captain Morgan Original Spiced 40%vol - 70cl","p":25.35,"u":"36,21 €/L","img":"https://fd5-photos.leclercdrive.fr/image.ashx?id=2439572&use=l&cat=p&typeid=i","cat":284551},{"id":134333,"n":"Muesli croustillant Grainéa Noix - 500g","p":2.02,"u":"4,04 €/KG","img":"https://fd5-photos.leclercdrive.fr/image.ashx?id=2917662&use=l&cat=p&typeid=i","cat":309512},{"id":134398,"n":"Saucisson Fuet d'Olot 150g","p":2.35,"u":"15,67 €/KG","img":"https://fd5-photos.leclercdrive.fr/image.ashx?id=1971722&use=l&cat=p&typeid=i","cat":316006},{"id":134585,"n":"Noix de coco râpée Vahiné 200g","p":2.5,"u":"12,50 €/KG","img":"https://fd5-photos.leclercdrive.fr/image.ashx?id=2805276&use=l&cat=p&typeid=i","cat":284504},{"id":134600,"n":"Barres chocolat Milka Nussini - 5x31,5g","p":2.52,"u":"16,05 €/KG","img":"https://fd5-photos.leclercdrive.fr/image.ashx?id=2913487&use=l&cat=p&typeid=i","cat":284498},{"id":134631,"n":"Pommes de terre pour four purée potage Panier du Primeur - 2kg","p":2.29,"u":"1,15 €/KG","img":"https://fd5-photos.leclercdrive.fr/image.ashx?id=2959641&use=l&cat=p&typeid=i","cat":284352},{"id":134650,"n":"AOP Fronton vin rouge Château Marguerite - 75cl","p":4.87,"u":"6,49 €/L","img":"https://fd5-photos.leclercdrive.fr/image.ashx?id=2471337&use=l&cat=p&typeid=i","cat":289556},{"id":134666,"n":"Champagne Denis Marx 75cl","p":17.2,"u":"22,93 €/L","img":"https://fd5-photos.leclercdrive.fr/image.ashx?id=2079905&use=l&cat=p&typeid=i","cat":284542},{"id":134677,"n":"Friandise petit chien Pedigree  Os à mâcher x4 - 160g","p":2.35,"u":"14,69 €/KG","img":"https://fd5-photos.leclercdrive.fr/image.ashx?id=2997253&use=l&cat=p&typeid=i","cat":294527},{"id":134678,"n":"Friandise moyen chien Pedigree Os à mâcher x2 - 180g","p":2.38,"u":"13,22 €/KG","img":"https://fd5-photos.leclercdrive.fr/image.ashx?id=2981710&use=l&cat=p&typeid=i","cat":294527},{"id":134680,"n":"Biscuits chien Pedigree Markies fourrés - 1,5kg","p":5.09,"u":"3,39 €/KG","img":"https://fd5-photos.leclercdrive.fr/image.ashx?id=2109671&use=l&cat=p&typeid=i","cat":294527},{"id":134737,"n":"Pate à tartiner Curly Onctueux - 340g","p":3.82,"u":"11,24 €/KG","img":"https://fd5-photos.leclercdrive.fr/image.ashx?id=2176275&use=l&cat=p&typeid=i","cat":284481},{"id":134738,"n":"Bicarbonate de sodium Cerebos doypack - 1.2kg","p":4.39,"u":"3,66 €/KG","img":"https://fd5-photos.leclercdrive.fr/image.ashx?id=2859293&use=l&cat=p&typeid=i","cat":284457},{"id":134745,"n":"Yaourt nature ECO+ 12x125g","p":1.69,"u":"1,13 €/KG","img":"https://fd5-photos.leclercdrive.fr/image.ashx?id=2791194&use=l&cat=p&typeid=i","cat":284409},{"id":134748,"n":"Asperges blanches Eco+ Miniatures - 125g","p":0.99,"u":"7,92 €/KG","img":"https://fd5-photos.leclercdrive.fr/image.ashx?id=2661076&use=l&cat=p&typeid=i","cat":312611},{"id":134758,"n":"Compote Allégée en sucres Eco+ Coupelle pomme banane - 4x100g","p":0.58,"u":"1,45 €/KG","img":"https://fd5-photos.leclercdrive.fr/image.ashx?id=1965671&use=l&cat=p&typeid=i","cat":284508},{"id":134770,"n":"Compote bio Bio Village Gourdes multivariétés - 12x90g","p":6.35,"u":"5,88 €/KG","img":"https://fd5-photos.leclercdrive.fr/image.ashx?id=1965920&use=l&cat=p&typeid=i","cat":284508},{"id":134793,"n":"Toasts fins nature Epi d'Or 100g","p":1.65,"u":"16,50 €/KG","img":"https://fd5-photos.leclercdrive.fr/image.ashx?id=2696283&use=l&cat=p&typeid=i","cat":285454},{"id":134794,"n":"Toasts fins sésame Epi d'Or 100g","p":1.65,"u":"16,50 €/KG","img":"https://fd5-photos.leclercdrive.fr/image.ashx?id=2705092&use=l&cat=p&typeid=i","cat":285454},{"id":134797,"n":"Tuiles goût barbecue Tokapi 170g","p":1.39,"u":"8,18 €/KG","img":"https://fd5-photos.leclercdrive.fr/image.ashx?id=2632891&use=l&cat=p&typeid=i","cat":287899},{"id":134798,"n":"Velouté de légumes Eco + 1L","p":0.89,"u":"0,89 €/L","img":"https://fd5-photos.leclercdrive.fr/image.ashx?id=2768448&use=l&cat=p&typeid=i","cat":284462},{"id":134815,"n":"Pur jus 4 agrumes Eco +  1L","p":1.43,"u":"1,43 €/L","img":"https://fd5-photos.leclercdrive.fr/image.ashx?id=2762943&use=l&cat=p&typeid=i","cat":284917},{"id":134816,"n":"Jus d'orange ABC Eco + Brique - 1L","p":1.3,"u":"1,30 €/L","img":"https://fd5-photos.leclercdrive.fr/image.ashx?id=2595049&use=l&cat=p&typeid=i","cat":284521},{"id":134817,"n":"Jus de pamplemousse rose Eco + ABC - 1L","p":0.98,"u":"0,98 €/L","img":"https://fd5-photos.leclercdrive.fr/image.ashx?id=2595077&use=l&cat=p&typeid=i","cat":284914},{"id":134852,"n":"Bière blonde de luxe Millbrau 4% - 10x25cl","p":3.97,"u":"1,59 €/L","img":"https://fd5-photos.leclercdrive.fr/image.ashx?id=2955590&use=l&cat=p&typeid=i","cat":334873},{"id":134859,"n":"Bougie végétale Insectivor Anti-moustique - 1 pièce","p":3.99,"img":"https://fd5-photos.leclercdrive.fr/image.ashx?id=1965767&use=l&cat=p&typeid=i","cat":298368},{"id":134938,"n":"Lait bébé en poudre Blédilait 2e âge 6-12 mois 1.2kg","p":16.07,"u":"13,39 €/KG","img":"https://fd5-photos.leclercdrive.fr/image.ashx?id=2674068&use=l&cat=p&typeid=i","cat":284727},{"id":134989,"n":"Amora Cornichons Extra-Fins Bocal Croq'Vert 370g","p":2.8,"u":"7,57 €/KG","img":"https://fd5-photos.leclercdrive.fr/image.ashx?id=2670911&use=l&cat=p&typeid=i","cat":284458},{"id":134995,"n":"Nettoyant Désinfectant Protect 4 actions Sanytol - 1L","p":3.56,"u":"3,56 €/L","img":"https://fd5-photos.leclercdrive.fr/image.ashx?id=2965960&use=l&cat=p&typeid=i","cat":325357},{"id":135104,"n":"Salade & Cie Sodebo Brooklyn Poulet Rôti Pâtes - 320g","p":3.53,"u":"11,03 €/KG","img":"https://fd5-photos.leclercdrive.fr/image.ashx?id=2795719&use=l&cat=p&typeid=i","cat":333657},{"id":135136,"n":"Coeur fondant chocolat Equador 2x90g","p":2.13,"u":"11,83 €/KG","img":"https://fd5-photos.leclercdrive.fr/image.ashx?id=1979707&use=l&cat=p&typeid=i","cat":284419},{"id":135191,"n":"Yaourt aromatisé sucré Eco+ Pack 12x125g","p":1.86,"u":"1,24 €/KG","img":"https://fd5-photos.leclercdrive.fr/image.ashx?id=2759774&use=l&cat=p&typeid=i","cat":286006},{"id":135196,"n":"Flan vanille Eco+ Nappé caramel - 12x100g","p":1.77,"u":"1,48 €/KG","img":"https://fd5-photos.leclercdrive.fr/image.ashx?id=2935211&use=l&cat=p&typeid=i","cat":284420},{"id":135203,"n":"Yaourt nature Eco+ 4x125g","p":0.58,"u":"1,16 €/KG","img":"https://fd5-photos.leclercdrive.fr/image.ashx?id=2671789&use=l&cat=p&typeid=i","cat":284409},{"id":135246,"n":"Crème fraiche Eco+ Légère - 15% MG - 50cl","p":1.35,"u":"2,70 €/L","img":"https://fd5-photos.leclercdrive.fr/image.ashx?id=2891869&use=l&cat=p&typeid=i","cat":284381},{"id":135247,"n":"Fromage fondu Eco+ 17%mg - x10 - 200g","p":1.08,"u":"5,40 €/KG","img":"https://fd5-photos.leclercdrive.fr/image.ashx?id=2652290&use=l&cat=p&typeid=i","cat":314028},{"id":135251,"n":"Yaourt nature sucré Yoplait - 8x125g","p":2.03,"u":"2,03 €/KG","img":"https://fd5-photos.leclercdrive.fr/image.ashx?id=2796830&use=l&cat=p&typeid=i","cat":284409},{"id":135255,"n":"Crème fraiche épaisse Yoplait Légère 12%MG - 190g","p":0.71,"u":"3,74 €/KG","img":"https://fd5-photos.leclercdrive.fr/image.ashx?id=2811035&use=l&cat=p&typeid=i","cat":284381},{"id":135278,"n":"Fromage blanc aromatisé Eco+ 2.8%MG - 12x60g","p":1.79,"u":"2,49 €/KG","img":"https://fd5-photos.leclercdrive.fr/image.ashx?id=2794817&use=l&cat=p&typeid=i","cat":284409},{"id":135293,"n":"Crème dessert Eco+ Saveur vanille - 4x125g","p":0.77,"u":"1,54 €/KG","img":"https://fd5-photos.leclercdrive.fr/image.ashx?id=2765695&use=l&cat=p&typeid=i","cat":285041},{"id":135294,"n":"Crème dessert Eco+ Chocolat - 4x125g","p":0.74,"u":"1,48 €/KG","img":"https://fd5-photos.leclercdrive.fr/image.ashx?id=3003046&use=l&cat=p&typeid=i","cat":285041},{"id":135295,"n":"Tranchette de gouda Eco+ 28%mg - 300g","p":2.53,"u":"8,43 €/KG","img":"https://fd5-photos.leclercdrive.fr/image.ashx?id=1974470&use=l&cat=p&typeid=i","cat":314028},{"id":135343,"n":"Râpé 3 fromages Les Croisés  Format familial - 350g","p":3.12,"u":"8,91 €/KG","img":"https://fd5-photos.leclercdrive.fr/image.ashx?id=2959734&use=l&cat=p&typeid=i","cat":314035},{"id":135426,"n":"Sauce Salsa Old El Paso à napper doux - 226g","p":2.46,"u":"10,88 €/KG","img":"https://fd5-photos.leclercdrive.fr/image.ashx?id=2738797&use=l&cat=p&typeid=i","cat":288993},{"id":135444,"n":"Croco Baby -30% de sucre Haribo Sachet bonbons - 165g","p":1.84,"u":"11,15 €/KG","img":"https://fd5-photos.leclercdrive.fr/image.ashx?id=2806111&use=l&cat=p&typeid=i","cat":304250},{"id":135454,"n":"Brioche tranchée Harrys Nature sans additif Maxi - 680g","p":3.2,"u":"4,71 €/KG","img":"https://fd5-photos.leclercdrive.fr/image.ashx?id=2503022&use=l&cat=p&typeid=i","cat":284478},{"id":135456,"n":"Brioche tranchée Harrys Nature / Sans additifs - 485 g","p":2.36,"u":"4,87 €/KG","img":"https://fd5-photos.leclercdrive.fr/image.ashx?id=2503019&use=l&cat=p&typeid=i","cat":284478},{"id":135457,"n":"Brioche tranchée Harrys Farine complète - 485g","p":3.0,"u":"6,19 €/KG","img":"https://fd5-photos.leclercdrive.fr/image.ashx?id=2503025&use=l&cat=p&typeid=i","cat":284478},{"id":135459,"n":"Brioche Tranchée Harrys Pépites de chocolat - 485g","p":2.85,"u":"5,88 €/KG","img":"https://fd5-photos.leclercdrive.fr/image.ashx?id=2503028&use=l&cat=p&typeid=i","cat":284478},{"id":135481,"n":"Barres céréales Nesquik Chocolat - 12x25g","p":4.0,"u":"13,33 €/KG","img":"https://fd5-photos.leclercdrive.fr/image.ashx?id=2843225&use=l&cat=p&typeid=i","cat":285869},{"id":135586,"n":"AOP Côtes du Rhone rouge Nos Racines bio - 75cl","p":5.4,"pp":3.56,"u":"4,75 €/L","img":"https://fd5-photos.leclercdrive.fr/image.ashx?id=2108894&use=l&cat=p&typeid=i","cat":289556},{"id":135617,"n":"Champagne G.H. Mumm  brut - 75cl","p":34.3,"pp":31.3,"u":"41,73 €/L","img":"https://fd5-photos.leclercdrive.fr/image.ashx?id=2988315&use=l&cat=p&typeid=i","cat":284542},{"id":135729,"n":"Louche trendy HOMESIDE 1 pièce","p":3.9,"img":"https://fd5-photos.leclercdrive.fr/image.ashx?id=2017608&use=l&cat=p&typeid=i","cat":334135},{"id":135732,"n":"Pelle trendy HOMESIDE 1 pièce","p":3.9,"img":"https://fd5-photos.leclercdrive.fr/image.ashx?id=2017611&use=l&cat=p&typeid=i","cat":334135},{"id":135747,"n":"Suprême de tomates 98,5ml","p":5.1,"u":"52,04 €/L","img":"https://fd5-photos.leclercdrive.fr/image.ashx?id=2694836&use=l&cat=p&typeid=i","cat":284462},{"id":135758,"n":"Jambon Supérieur VPF Tradilège A l'étouffée Découennéx10 -400g","p":5.09,"u":"12,73 €/KG","img":"https://fd5-photos.leclercdrive.fr/image.ashx?id=2970477&use=l&cat=p&typeid=i","cat":316009},{"id":135780,"n":"Petits pots bébé P'TITE RECETTE Cabillaud 8M+ - 2x200g","p":2.24,"u":"5,60 €/KG","img":"https://fd5-photos.leclercdrive.fr/image.ashx?id=2525717&use=l&cat=p&typeid=i","cat":312236},{"id":136001,"n":"Lumi board machine à dessiner lumineuse - Dès 4 ans","p":29.9,"u":"Dont 0,20 € d'éco-part.","img":"https://fd5-photos.leclercdrive.fr/image.ashx?id=2894212&use=l&cat=p&typeid=i","cat":334381},{"id":136319,"n":"Boisson Blue Hawai Freez Freez Mix - 275 ml","p":1.39,"u":"5,05 €/L","img":"https://fd5-photos.leclercdrive.fr/image.ashx?id=2018319&use=l&cat=p&typeid=i","cat":284532},{"id":136337,"n":"AOP Côtes du Roussillon rouge Tautavel Réserve - 75cl","p":5.9,"u":"7,87 €/L","img":"https://fd5-photos.leclercdrive.fr/image.ashx?id=2552805&use=l&cat=p&typeid=i","cat":289556},{"id":136362,"n":"AOC Côtes du Rhône rouge Réserve de Bonpas - 75cl","p":5.01,"u":"6,68 €/L","img":"https://fd5-photos.leclercdrive.fr/image.ashx?id=2991202&use=l&cat=p&typeid=i","cat":289556},{"id":136366,"n":"Boulettes pois chiches Hari&Co Bio Patate douce curcuma -180g","p":3.67,"u":"20,39 €/KG","img":"https://fd5-photos.leclercdrive.fr/image.ashx?id=2903590&use=l&cat=p&typeid=i","cat":316036},{"id":136445,"n":"Gateau marbré Savane Chocolat - 310g","p":2.49,"u":"8,03 €/KG","img":"https://fd5-photos.leclercdrive.fr/image.ashx?id=2870719&use=l&cat=p&typeid=i","cat":294776},{"id":136450,"n":"Blé à l'Huile d'Olive Ebly Express 2mn - 220g","p":1.55,"u":"7,05 €/KG","img":"https://fd5-photos.leclercdrive.fr/image.ashx?id=1989105&use=l&cat=p&typeid=i","cat":284429},{"id":136457,"n":"Pain grillé original Pasquier 415g","p":2.16,"u":"5,20 €/KG","img":"https://fd5-photos.leclercdrive.fr/image.ashx?id=2943957&use=l&cat=p&typeid=i","cat":284479},{"id":136472,"n":"Confiture Pure Via Fraise - 300g","p":2.15,"u":"7,17 €/KG","img":"https://fd5-photos.leclercdrive.fr/image.ashx?id=2752065&use=l&cat=p&typeid=i","cat":284480},{"id":136507,"n":"Gros sel marin Bjorg Gris - 1 kg","p":2.12,"u":"2,12 €/KG","img":"https://fd5-photos.leclercdrive.fr/image.ashx?id=2105320&use=l&cat=p&typeid=i","cat":284457},{"id":136627,"n":"Pad Thai Céréal Bio  Bio repas express - 220g","p":2.47,"u":"11,23 €/KG","img":"https://fd5-photos.leclercdrive.fr/image.ashx?id=2574089&use=l&cat=p&typeid=i","cat":288992},{"id":136645,"n":"Blé gourmand l'Original Ebly Cuisson 10min - 1kg","p":2.57,"u":"2,57 €/KG","img":"https://fd5-photos.leclercdrive.fr/image.ashx?id=2286278&use=l&cat=p&typeid=i","cat":284429},{"id":136671,"n":"Pommes bicolores Panier Primeur HVE - Sachet 1.5kg","p":2.99,"u":"1,99 €/KG","img":"https://fd5-photos.leclercdrive.fr/image.ashx?id=2928279&use=l&cat=p&typeid=i","cat":284356},{"id":136736,"n":"Quinoa parfumé Tipiak 240g","p":3.97,"u":"16,54 €/KG","img":"https://fd5-photos.leclercdrive.fr/image.ashx?id=2833747&use=l&cat=p&typeid=i","cat":284429},{"id":136775,"n":"Fleur de maïs Maïzena 700g","p":2.45,"pp":1.71,"u":"2,44 €/KG","img":"https://fd5-photos.leclercdrive.fr/image.ashx?id=2328361&use=l&cat=p&typeid=i","cat":288382},{"id":136777,"n":"Sachet chat Felix Succulent Campagne - 12x80g","p":5.38,"u":"5,60 €/KG","img":"https://fd5-photos.leclercdrive.fr/image.ashx?id=2861186&use=l&cat=p&typeid=i","cat":285286},{"id":136813,"n":"Biscuits Bruges Delacre Boîte Assortiment - 200g","p":2.93,"u":"14,65 €/KG","img":"https://fd5-photos.leclercdrive.fr/image.ashx?id=2867966&use=l&cat=p&typeid=i","cat":284490},{"id":136814,"n":"Barre céréales Chocapic  Chocolat - 12x25g","p":3.99,"u":"13,30 €/KG","img":"https://fd5-photos.leclercdrive.fr/image.ashx?id=2846784&use=l&cat=p&typeid=i","cat":285869},{"id":136907,"n":"Mini Roc Côte d'Or Chocolat au lait - 195g","p":7.49,"u":"38,41 €/KG","img":"https://fd5-photos.leclercdrive.fr/image.ashx?id=2488088&use=l&cat=p&typeid=i","cat":327595},{"id":136933,"n":"Kit fajita Old El Paso Tomate poivrons - 500g","p":3.82,"u":"7,64 €/KG","img":"https://fd5-photos.leclercdrive.fr/image.ashx?id=2759715&use=l&cat=p&typeid=i","cat":288993},{"id":137228,"n":"Sucre en poudre Saint Louis 650g","p":1.49,"u":"2,29 €/KG","img":"https://fd5-photos.leclercdrive.fr/image.ashx?id=2659936&use=l&cat=p&typeid=i","cat":284502},{"id":137289,"n":"Yaourt à boire Ptit Yop Aromatisé Framboise - 6x180g","p":2.77,"u":"2,56 €/KG","img":"https://fd5-photos.leclercdrive.fr/image.ashx?id=2951797&use=l&cat=p&typeid=i","cat":284415},{"id":137298,"n":"Yaourt à boire Ptit Yop Aromatisé Panaché - 6x180g","p":2.77,"u":"2,56 €/KG","img":"https://fd5-photos.leclercdrive.fr/image.ashx?id=2985168&use=l&cat=p&typeid=i","cat":284415},{"id":137325,"n":"Lait bébé Candia Baby  croissance 3ème âge - 6x25cl","p":3.98,"u":"2,65 €/L","img":"https://fd5-photos.leclercdrive.fr/image.ashx?id=2963346&use=l&cat=p&typeid=i","cat":284728},{"id":137382,"n":"Spray retouche L'Oréal Paris Magic Retouch Châtain Clair","p":8.32,"u":"11,09 €/L","img":"https://fd5-photos.leclercdrive.fr/image.ashx?id=2597196&use=l&cat=p&typeid=i","cat":288899},{"id":137384,"n":"Déodorant bille Men Expert Efficacité 48h - 50ml","p":2.55,"u":"51,00 €/L","img":"https://fd5-photos.leclercdrive.fr/image.ashx?id=2300512&use=l&cat=p&typeid=i","cat":284618},{"id":137395,"n":"Huile extraordinaire Elseve Jojoba 100ml","p":10.29,"u":"102,90 €/L","img":"https://fd5-photos.leclercdrive.fr/image.ashx?id=2870674&use=l&cat=p&typeid=i","cat":284608},{"id":137427,"n":"Soin Nutri-correcteur Dessange Cheveux Blonds, Colorés - 125ml","p":6.18,"u":"49,44 €/L","img":"https://fd5-photos.leclercdrive.fr/image.ashx?id=2870689&use=l&cat=p&typeid=i","cat":284608},{"id":137433,"n":"Shampooing Fructis Hairfood Macadamia - 350ml","p":7.97,"u":"22,77 €/L","img":"https://fd5-photos.leclercdrive.fr/image.ashx?id=2317251&use=l&cat=p&typeid=i","cat":284606},{"id":137436,"n":"Masque Protection Couleur Elsève Color-Vive - 310ml","p":5.08,"u":"16,39 €/L","img":"https://fd5-photos.leclercdrive.fr/image.ashx?id=2865875&use=l&cat=p&typeid=i","cat":284608},{"id":137525,"n":"Galak Chocolat Noël  Moulage Renne - 88g","p":2.85,"u":"32,39 €/KG","img":"https://fd5-photos.leclercdrive.fr/image.ashx?id=2570604&use=l&cat=p&typeid=i","cat":327592},{"id":137680,"n":"Croquette pour chien  Fido Croq' Mix boeuf et légumes 3kg","p":6.27,"u":"2,09 €/KG","img":"https://fd5-photos.leclercdrive.fr/image.ashx?id=2973306&use=l&cat=p&typeid=i","cat":284672},{"id":137682,"n":"Croquette pour chiens Fido Mix Poulet Légumes - 12 kg","p":22.12,"u":"1,84 €/KG","img":"https://fd5-photos.leclercdrive.fr/image.ashx?id=2973300&use=l&cat=p&typeid=i","cat":284672},{"id":137700,"n":"Compote Douceur du Verger Coupelle fruits rouges -16x100g","p":4.21,"u":"2,63 €/KG","img":"https://fd5-photos.leclercdrive.fr/image.ashx?id=2663560&use=l&cat=p&typeid=i","cat":284508},{"id":137703,"n":"Compote Douceur du Verger Coupelle pomme - 16x100g","p":3.55,"u":"2,22 €/KG","img":"https://fd5-photos.leclercdrive.fr/image.ashx?id=2663551&use=l&cat=p&typeid=i","cat":284508},{"id":137713,"n":"Préparation Flan Entremets alsa Chocolat - 192g","p":1.94,"u":"8,36 €/KG","img":"https://fd5-photos.leclercdrive.fr/image.ashx?id=2842546&use=l&cat=p&typeid=i","cat":284505},{"id":137746,"n":"Gourmet Purina Poulet / Dinde - 8x85g","p":6.12,"u":"9,00 €/KG","img":"https://fd5-photos.leclercdrive.fr/image.ashx?id=2896795&use=l&cat=p&typeid=i","cat":285286},{"id":137757,"n":"Tarte aux poireaux Marie Gratinée à l'Emmental - 400g","p":3.26,"u":"8,15 €/KG","img":"https://fd5-photos.leclercdrive.fr/image.ashx?id=2996680&use=l&cat=p&typeid=i","cat":284257},{"id":137759,"n":"Tarte au Chèvre Marie Tomates cerises - 400g","p":2.94,"u":"7,35 €/KG","img":"https://fd5-photos.leclercdrive.fr/image.ashx?id=2996677&use=l&cat=p&typeid=i","cat":284257},{"id":137769,"n":"Soupe liquide brique Liebig  Poireaux Pomme de Terre 2x30cl","p":1.86,"u":"3,10 €/L","img":"https://fd5-photos.leclercdrive.fr/image.ashx?id=2864327&use=l&cat=p&typeid=i","cat":284462},{"id":137794,"n":"Liqueur Amaretto Giffard 25% vol - 50cl","p":9.5,"u":"19,00 €/L","img":"https://fd5-photos.leclercdrive.fr/image.ashx?id=1987083&use=l&cat=p&typeid=i","cat":286032},{"id":137814,"n":"Arrangé HSE Ananas Thé Vert 32%vol - 70cl","p":22.55,"u":"32,21 €/L","img":"https://fd5-photos.leclercdrive.fr/image.ashx?id=1987077&use=l&cat=p&typeid=i","cat":284551},{"id":137860,"n":"Riz long blanchi Eco+ 1kg","p":1.22,"u":"1,22 €/KG","img":"https://fd5-photos.leclercdrive.fr/image.ashx?id=2076622&use=l&cat=p&typeid=i","cat":284428},{"id":137862,"n":"Riz long étuvé Eco+ 1kg","p":1.35,"u":"1,35 €/KG","img":"https://fd5-photos.leclercdrive.fr/image.ashx?id=2076625&use=l&cat=p&typeid=i","cat":284428},{"id":137864,"n":"Riz long étuvé Eco+ 4x125g","p":0.87,"u":"1,74 €/KG","img":"https://fd5-photos.leclercdrive.fr/image.ashx?id=1991126&use=l&cat=p&typeid=i","cat":284428},{"id":137883,"n":"Rillettes thon Ronde des Mers 220g","p":2.64,"u":"12,00 €/KG","img":"https://fd5-photos.leclercdrive.fr/image.ashx?id=2436693&use=l&cat=p&typeid=i","cat":284451},{"id":137897,"n":"Bretzels bio Bio Village 150g","p":1.99,"u":"13,27 €/KG","img":"https://fd5-photos.leclercdrive.fr/image.ashx?id=2390663&use=l&cat=p&typeid=i","cat":297000},{"id":137904,"n":"Barre de céréales Grainea 126g","p":1.39,"u":"11,03 €/KG","img":"https://fd5-photos.leclercdrive.fr/image.ashx?id=2724598&use=l&cat=p&typeid=i","cat":285869},{"id":137957,"n":"Maïs ultra croquant D'Aucy 285g","p":1.0,"u":"3,51 €/KG","img":"https://fd5-photos.leclercdrive.fr/image.ashx?id=2380454&use=l&cat=p&typeid=i","cat":312611},{"id":137971,"n":"Carottes rapées à la Ciboulette Pierre Martinet - 510g","p":1.95,"u":"3,82 €/KG","img":"https://fd5-photos.leclercdrive.fr/image.ashx?id=2990532&use=l&cat=p&typeid=i","cat":333657},{"id":137980,"n":"Biscuits croquants Délichoc Chocolat blanc - 150g","p":1.72,"u":"11,47 €/KG","img":"https://fd5-photos.leclercdrive.fr/image.ashx?id=2939289&use=l&cat=p&typeid=i","cat":284488},{"id":137988,"n":"Préparation Tablier Blanc Frangipane - 200g","p":2.67,"u":"13,35 €/KG","img":"https://fd5-photos.leclercdrive.fr/image.ashx?id=2460628&use=l&cat=p&typeid=i","cat":284504},{"id":138050,"n":"Grandes coquillettes Lustucru Aux oeufs - 250g","p":0.95,"u":"3,80 €/KG","img":"https://fd5-photos.leclercdrive.fr/image.ashx?id=2033106&use=l&cat=p&typeid=i","cat":284427},{"id":138051,"n":"Lasagnes Lustucru Aux œufs - 250g","p":1.3,"u":"5,20 €/KG","img":"https://fd5-photos.leclercdrive.fr/image.ashx?id=2023182&use=l&cat=p&typeid=i","cat":284427},{"id":138054,"n":"Macaroni Lustucru Aux oeufs - 500g","p":1.72,"u":"3,44 €/KG","img":"https://fd5-photos.leclercdrive.fr/image.ashx?id=2033109&use=l&cat=p&typeid=i","cat":284427},{"id":138057,"n":"Collerettes Lustucru Aux œufs - 500g","p":1.8,"u":"3,60 €/KG","img":"https://fd5-photos.leclercdrive.fr/image.ashx?id=2505756&use=l&cat=p&typeid=i","cat":284427},{"id":138147,"n":"Absorbeur Rubson aero 360 Pure - 20m2 - x1","p":20.9,"img":"https://fd5-photos.leclercdrive.fr/image.ashx?id=2842648&use=l&cat=p&typeid=i","cat":300576},{"id":138193,"n":"Fromage blanc bébé Blédina 6m Vanille - 4x100g","p":3.2,"u":"8,00 €/KG","img":"https://fd5-photos.leclercdrive.fr/image.ashx?id=2636817&use=l&cat=p&typeid=i","cat":312392},{"id":138306,"n":"Gratin de choux fleurs jambon Fleury Michon - Lot 2+1 - 840g","p":5.47,"u":"6,51 €/KG","img":"https://fd5-photos.leclercdrive.fr/image.ashx?id=2047445&use=l&cat=p&typeid=i","cat":333665},{"id":138537,"n":"Coloration Casting Crème Gloss  400 Châtain Craquant","p":8.61,"img":"https://fd5-photos.leclercdrive.fr/image.ashx?id=2869080&use=l&cat=p&typeid=i","cat":288899},{"id":138669,"n":"Masque reconstructeur Elsève Dream Long Cheveu Abîmé - 310ml","p":5.22,"u":"16,84 €/L","img":"https://fd5-photos.leclercdrive.fr/image.ashx?id=2278139&use=l&cat=p&typeid=i","cat":284608},{"id":141669,"n":"Baume Atoderm Bioderma 500ml","p":16.96,"u":"33,92 €/L","img":"https://fd5-photos.leclercdrive.fr/image.ashx?id=2981115&use=l&cat=p&typeid=i","cat":290421},{"id":141709,"n":"Huile Grenade Weleda Régénératrice - 100ml","p":18.95,"u":"189,50 €/L","img":"https://fd5-photos.leclercdrive.fr/image.ashx?id=2505124&use=l&cat=p&typeid=i","cat":290422},{"id":141760,"n":"Hydrabio Bioderma Gel-crème - 40ml","p":14.59,"u":"364,75 €/L","img":"https://fd5-photos.leclercdrive.fr/image.ashx?id=2412711&use=l&cat=p&typeid=i","cat":291171},{"id":141805,"n":"Repas Felix Tasty Purina Saumon thon 12x80g","p":5.37,"u":"5,59 €/KG","img":"https://fd5-photos.leclercdrive.fr/image.ashx?id=2478417&use=l&cat=p&typeid=i","cat":285286},{"id":141810,"n":"Croquette Purina One Chat difficile  Cabillaud 1.5kg","p":7.75,"u":"5,17 €/KG","img":"https://fd5-photos.leclercdrive.fr/image.ashx?id=2477871&use=l&cat=p&typeid=i","cat":284680},{"id":141813,"n":"Croquettes Purina One Maxi Active Poulet - 7kg","p":21.87,"u":"3,12 €/KG","img":"https://fd5-photos.leclercdrive.fr/image.ashx?id=2461282&use=l&cat=p&typeid=i","cat":284672},{"id":142200,"n":"Planche à découper Homeside 1 pièce","p":4.0,"img":"https://fd5-photos.leclercdrive.fr/image.ashx?id=2017593&use=l&cat=p&typeid=i","cat":334135},{"id":142448,"n":"AOP Saumur rosé 1811 Ackerman Brut 75cl","p":5.9,"u":"7,87 €/L","img":"https://fd5-photos.leclercdrive.fr/image.ashx?id=2730229&use=l&cat=p&typeid=i","cat":289558},{"id":143023,"n":"Beef-Stick Vitakraft x4 - 48g","p":2.04,"u":"42,50 €/KG","img":"https://fd5-photos.leclercdrive.fr/image.ashx?id=2857686&use=l&cat=p&typeid=i","cat":294527},{"id":143132,"n":"Cordon bleu Maître coq Poulet - 200g","p":1.63,"u":"8,15 €/KG","img":"https://fd5-photos.leclercdrive.fr/image.ashx?id=2426932&use=l&cat=p&typeid=i","cat":333683},{"id":143180,"n":"Coquilles Saint-Jacques Tipiak à la Normande - 10x90g","p":13.29,"u":"14,77 €/KG","img":"https://fd5-photos.leclercdrive.fr/image.ashx?id=2614098&use=l&cat=p&typeid=i","cat":319775},{"id":143345,"n":"Biscottes Epi d'Or x108 - 900g","p":2.52,"u":"2,80 €/KG","img":"https://fd5-photos.leclercdrive.fr/image.ashx?id=2532847&use=l&cat=p&typeid=i","cat":284479},{"id":143379,"n":"Grain d'orge Brassin de Noël 12x25cl","p":8.49,"pp":6.37,"u":"2,12 €/L","img":"https://fd5-photos.leclercdrive.fr/image.ashx?id=2599239&use=l&cat=p&typeid=i","cat":334872},{"id":143491,"n":"Blanc de Blanc Opéra Brut - 4x75cl +2 offertes","p":10.95,"u":"2,43 €/L","img":"https://fd5-photos.leclercdrive.fr/image.ashx?id=2030282&use=l&cat=p&typeid=i","cat":284544},{"id":143496,"n":"Blanc de Blanc Opéra Demi sec - 4x75cl +2 offertes","p":18.06,"u":"4,01 €/L","img":"https://fd5-photos.leclercdrive.fr/image.ashx?id=2030285&use=l&cat=p&typeid=i","cat":284544},{"id":143504,"n":"Capsules L'Origine du Goût Guatemala Décaféiné - x10 - 52g","p":2.59,"u":"49,81 €/KG","img":"https://fd5-photos.leclercdrive.fr/image.ashx?id=2841762&use=l&cat=p&typeid=i","cat":284749},{"id":143807,"n":"Foie gras canard Larnaudie Origine france entier - 220g","p":29.97,"u":"136,23 €/KG","img":"https://fd5-photos.leclercdrive.fr/image.ashx?id=2916779&use=l&cat=p&typeid=i","cat":316008},{"id":143812,"n":"Tomates farcies Marie Riz à la tomate - 360g","p":3.59,"u":"9,97 €/KG","img":"https://fd5-photos.leclercdrive.fr/image.ashx?id=2317483&use=l&cat=p&typeid=i","cat":333665},{"id":144422,"n":"Lot toast ronds Jacquet Nature - 2x250g","p":2.62,"u":"5,24 €/KG","img":"https://fd5-photos.leclercdrive.fr/image.ashx?id=2741343&use=l&cat=p&typeid=i","cat":285454},{"id":144423,"n":"Lot toast ronds Jacquet Foie gras - 500g","p":2.62,"u":"5,24 €/KG","img":"https://fd5-photos.leclercdrive.fr/image.ashx?id=2741346&use=l&cat=p&typeid=i","cat":285454},{"id":144439,"n":"Saucisse droite Le Galibier Nature - 200g","p":4.48,"u":"22,40 €/KG","img":"https://fd5-photos.leclercdrive.fr/image.ashx?id=3000129&use=l&cat=p&typeid=i","cat":316006},{"id":144475,"n":"Compote Charles & Alice Pommes - 8x100g","p":2.67,"u":"3,34 €/KG","img":"https://fd5-photos.leclercdrive.fr/image.ashx?id=2757689&use=l&cat=p&typeid=i","cat":284416},{"id":144636,"n":"Boisson énergisante Monster Energy Pacific Punch - 50CL","p":1.53,"u":"3,06 €/L","img":"https://fd5-photos.leclercdrive.fr/image.ashx?id=2148407&use=l&cat=p&typeid=i","cat":284533},{"id":144659,"n":"Rillettes thon MSC Cap Océan Piment d'espelette - 140g","p":1.88,"u":"13,43 €/KG","img":"https://fd5-photos.leclercdrive.fr/image.ashx?id=2938770&use=l&cat=p&typeid=i","cat":285191},{"id":144773,"n":"Yaourt ferments lactiques Alsa 4 sachets - 8g","p":2.66,"u":"332,50 €/KG","img":"https://fd5-photos.leclercdrive.fr/image.ashx?id=2813875&use=l&cat=p&typeid=i","cat":284505},{"id":144846,"n":"Dessert gourmand Mamie Nova Tiramisu cappuccino - 2x85g","p":2.13,"u":"12,53 €/KG","img":"https://fd5-photos.leclercdrive.fr/image.ashx?id=2921316&use=l&cat=p&typeid=i","cat":284419},{"id":144920,"n":"AOC Bordeaux rouge Roumaguet - 75cl","p":4.29,"u":"5,72 €/L","img":"https://fd5-photos.leclercdrive.fr/image.ashx?id=2370104&use=l&cat=p&typeid=i","cat":289556},{"id":144923,"n":"AOP Bordeaux blanc Roumaguet - 75cl","p":4.5,"u":"6,00 €/L","img":"https://fd5-photos.leclercdrive.fr/image.ashx?id=2370107&use=l&cat=p&typeid=i","cat":289557},{"id":145109,"n":"Rasoir 3 lames Gillette Fusion 5 - 1 pièce","p":19.33,"img":"https://fd5-photos.leclercdrive.fr/image.ashx?id=2542621&use=l&cat=p&typeid=i","cat":284616},{"id":145117,"n":"Coupe-ongles Mercurochrome 1 pièce","p":4.15,"img":"https://fd5-photos.leclercdrive.fr/image.ashx?id=2665616&use=l&cat=p&typeid=i","cat":325354},{"id":145120,"n":"Préservatifs Classic Lubrifiés - x14","p":4.64,"img":"https://fd5-photos.leclercdrive.fr/image.ashx?id=2848704&use=l&cat=p&typeid=i","cat":284631},{"id":145121,"n":"Préservatifs Classic Intimy Lubrifiés - x28","p":8.53,"u":"0,30 €/P","img":"https://fd5-photos.leclercdrive.fr/image.ashx?id=2927324&use=l&cat=p&typeid=i","cat":284631},{"id":145130,"n":"Rasoir Gillette Skinguard Sensitive aloé vera - 1 pièce","p":15.95,"img":"https://fd5-photos.leclercdrive.fr/image.ashx?id=2569914&use=l&cat=p&typeid=i","cat":284616},{"id":145132,"n":"Lames de rasoir Gillette Skinguard Sensitive - x6","p":22.38,"u":"3,73 €/P","img":"https://fd5-photos.leclercdrive.fr/image.ashx?id=2570622&use=l&cat=p&typeid=i","cat":284616},{"id":145245,"n":"Pansements Mercurochrome Cors-portection - x12","p":4.42,"u":"0,37 €/P","img":"https://fd5-photos.leclercdrive.fr/image.ashx?id=2785829&use=l&cat=p&typeid=i","cat":284630},{"id":145255,"n":"Ciseaux à ongles Mercurochrome 1 pièce","p":3.8,"img":"https://fd5-photos.leclercdrive.fr/image.ashx?id=2788493&use=l&cat=p&typeid=i","cat":325354},{"id":145355,"n":"Purée Douceur du Verger Pomme fraise - x4 - 400g","p":1.3,"u":"3,25 €/KG","img":"https://fd5-photos.leclercdrive.fr/image.ashx?id=2036806&use=l&cat=p&typeid=i","cat":284416},{"id":145398,"n":"AOP Bordeaux Vin blanc mouton cadet - 1,5L","p":13.59,"u":"9,06 €/L","img":"https://fd5-photos.leclercdrive.fr/image.ashx?id=2645519&use=l&cat=p&typeid=i","cat":289557},{"id":145410,"n":"Amandes grillées Couleurs Vives Décortiquées - non salé - 250g","p":3.47,"u":"13,88 €/KG","img":"https://fd5-photos.leclercdrive.fr/image.ashx?id=2542929&use=l&cat=p&typeid=i","cat":284357},{"id":145491,"n":"Peau chamoisée multiusage Tech9 Taille S - 30x45cm - 1 pièce","p":5.45,"img":"https://fd5-photos.leclercdrive.fr/image.ashx?id=2068417&use=l&cat=p&typeid=i","cat":298252},{"id":145500,"n":"Chips extra croquante Vico 150g","p":0.97,"u":"6,47 €/KG","img":"https://fd5-photos.leclercdrive.fr/image.ashx?id=2917822&use=l&cat=p&typeid=i","cat":284447},{"id":145556,"n":"Crêpes Whaou Chocolat cracky - x15 - 480g","p":3.79,"u":"7,90 €/KG","img":"https://fd5-photos.leclercdrive.fr/image.ashx?id=2971032&use=l&cat=p&typeid=i","cat":284494},{"id":145598,"n":"Gourde bébé bio Bio Village Pomme Banane Myrtille - 4x90g","p":2.79,"u":"7,75 €/KG","img":"https://fd5-photos.leclercdrive.fr/image.ashx?id=2878759&use=l&cat=p&typeid=i","cat":312393},{"id":145755,"n":"Sauce champignons crème Knorr 30cl","p":1.91,"u":"6,37 €/L","img":"https://fd5-photos.leclercdrive.fr/image.ashx?id=2420030&use=l&cat=p&typeid=i","cat":288381},{"id":145884,"n":"Mogette cuite au naturel NRT De Vendée - 265g","p":1.69,"u":"6,38 €/KG","img":"https://fd5-photos.leclercdrive.fr/image.ashx?id=2771426&use=l&cat=p&typeid=i","cat":312606},{"id":145901,"n":"Film fraîcheur Albal Découpe Facile - 20m","p":2.14,"img":"https://fd5-photos.leclercdrive.fr/image.ashx?id=2551456&use=l&cat=p&typeid=i","cat":334134},{"id":146060,"n":"Gazpacho L'Original Alvalle 1L","p":3.52,"u":"3,52 €/L","img":"https://fd5-photos.leclercdrive.fr/image.ashx?id=2672047&use=l&cat=p&typeid=i","cat":284355},{"id":146739,"n":"Maïs Bonduelle Sans Résidu Pesticides - 3x140g","p":2.25,"u":"5,36 €/KG","img":"https://fd5-photos.leclercdrive.fr/image.ashx?id=2913133&use=l&cat=p&typeid=i","cat":312611},{"id":146916,"n":"Préparation alsa Crème Pâtissière - 390g","p":2.88,"u":"7,38 €/KG","img":"https://fd5-photos.leclercdrive.fr/image.ashx?id=3007990&use=l&cat=p&typeid=i","cat":284505},{"id":146929,"n":"Piles rechargeables Duracell 750mAH AAA/LR03 - x4","p":13.99,"u":"3,50 €/P","img":"https://fd5-photos.leclercdrive.fr/image.ashx?id=2429488&use=l&cat=p&typeid=i","cat":300572},{"id":146955,"n":"Fuet nature Del Pais 160g","p":2.5,"u":"15,63 €/KG","img":"https://fd5-photos.leclercdrive.fr/image.ashx?id=2047789&use=l&cat=p&typeid=i","cat":316006},{"id":147002,"n":"Feuilleté de Mousse La Laitière Chocolat - 4x57g","p":1.59,"u":"6,97 €/KG","img":"https://fd5-photos.leclercdrive.fr/image.ashx?id=2858594&use=l&cat=p&typeid=i","cat":284417},{"id":147009,"n":"Chewing-gum Mentos Pure Fresh  Fraise sans sucres - 100g","p":4.25,"u":"42,50 €/KG","img":"https://fd5-photos.leclercdrive.fr/image.ashx?id=2659804&use=l&cat=p&typeid=i","cat":304251},{"id":147119,"n":"Lave glace Tech 9 -20°C - 5L","p":5.99,"u":"1,20 €/L","img":"https://fd5-photos.leclercdrive.fr/image.ashx?id=2054896&use=l&cat=p&typeid=i","cat":298252},{"id":147127,"n":"Spray dégraissant Clair Savon noir - 750ml","p":2.05,"u":"2,73 €/L","img":"https://fd5-photos.leclercdrive.fr/image.ashx?id=2840389&use=l&cat=p&typeid=i","cat":325357},{"id":147128,"n":"Coton carré Bio Bionaïa x80","p":2.99,"u":"0,04 €/P","img":"https://fd5-photos.leclercdrive.fr/image.ashx?id=2558832&use=l&cat=p&typeid=i","cat":285593},{"id":147185,"n":"Cuisse de poulet Maitre Coq Jaune nourri maïs - 1kg","p":5.65,"u":"5,65 €/KG","img":"https://fd5-photos.leclercdrive.fr/image.ashx?id=2855160&use=l&cat=p&typeid=i","cat":284336},{"id":147190,"n":"Filet de poulet Maitre Coq Blanc - 720g","p":9.59,"u":"13,32 €/KG","img":"https://fd5-photos.leclercdrive.fr/image.ashx?id=2855139&use=l&cat=p&typeid=i","cat":284336},{"id":147193,"n":"Filet de poulet Maitre Coq Blanc - Nourri au blé - 480g","p":6.9,"u":"14,38 €/KG","img":"https://fd5-photos.leclercdrive.fr/image.ashx?id=2855145&use=l&cat=p&typeid=i","cat":284336},{"id":147194,"n":"Haut de cuisse Maitre Coq Poulet blanc nourri au blé 750g","p":5.36,"u":"7,15 €/KG","img":"https://fd5-photos.leclercdrive.fr/image.ashx?id=2855882&use=l&cat=p&typeid=i","cat":284336},{"id":147196,"n":"Pilon de poulet Maitre Coq Blanc - Nourri au blé - 750g","p":5.3,"u":"7,07 €/KG","img":"https://fd5-photos.leclercdrive.fr/image.ashx?id=2855522&use=l&cat=p&typeid=i","cat":284336},{"id":147200,"n":"Escargot de Bourgogne surgelé L'origine du goût x24 - 220g","p":11.99,"u":"54,50 €/KG","img":"https://fd5-photos.leclercdrive.fr/image.ashx?id=2046481&use=l&cat=p&typeid=i","cat":319775},{"id":147237,"n":"Compote Douceur du Verger    Bocal pomme morceaux - 730g","p":1.74,"u":"2,38 €/KG","img":"https://fd5-photos.leclercdrive.fr/image.ashx?id=2663563&use=l&cat=p&typeid=i","cat":284508},{"id":147248,"n":"Muesli  Grainea chocolat Noisette 350g","p":2.84,"u":"8,11 €/KG","img":"https://fd5-photos.leclercdrive.fr/image.ashx?id=2077358&use=l&cat=p&typeid=i","cat":309512},{"id":147250,"n":"Préparation Flan Entremets alsa Vanille - 192g","p":1.42,"u":"7,40 €/KG","img":"https://fd5-photos.leclercdrive.fr/image.ashx?id=2805117&use=l&cat=p&typeid=i","cat":284504},{"id":147262,"n":"Edulcorant Purevia Spécial Pâtisserie - 380g","p":4.39,"u":"11,55 €/KG","img":"https://fd5-photos.leclercdrive.fr/image.ashx?id=2417306&use=l&cat=p&typeid=i","cat":324846},{"id":147295,"n":"Croquette chat Plénima Saumon - Stérilisé 600g","p":2.45,"u":"4,08 €/KG","img":"https://fd5-photos.leclercdrive.fr/image.ashx?id=2047120&use=l&cat=p&typeid=i","cat":284680},{"id":147296,"n":"Gourde Bio Village - 6 mois Bio - 6x90g","p":4.39,"u":"8,13 €/KG","img":"https://fd5-photos.leclercdrive.fr/image.ashx?id=2704879&use=l&cat=p&typeid=i","cat":312393},{"id":147431,"n":"Yaourt à la grecque YAOS Nature lit de framboises 4x125g","p":2.57,"u":"5,14 €/KG","img":"https://fd5-photos.leclercdrive.fr/image.ashx?id=2654575&use=l&cat=p&typeid=i","cat":314999},{"id":147439,"n":"Tablette chocolat Mmmax Milka Chocolat - 300g","p":4.79,"u":"15,97 €/KG","img":"https://fd5-photos.leclercdrive.fr/image.ashx?id=2938364&use=l&cat=p&typeid=i","cat":284497},{"id":147454,"n":"Granola Grainea 350g","p":2.64,"u":"7,54 €/KG","img":"https://fd5-photos.leclercdrive.fr/image.ashx?id=2568340&use=l&cat=p&typeid=i","cat":309512},{"id":147472,"n":"Eponge maxi 1 pièce","p":2.29,"img":"https://fd5-photos.leclercdrive.fr/image.ashx?id=2068381&use=l&cat=p&typeid=i","cat":298252},{"id":147474,"n":"Coupe ongles Primoplast 1 pièce","p":2.0,"img":"https://fd5-photos.leclercdrive.fr/image.ashx?id=2833008&use=l&cat=p&typeid=i","cat":325354},{"id":147517,"n":"Merlu & riz D'Aucy Sauce beurre blanc - 300g","p":2.81,"u":"9,37 €/KG","img":"https://fd5-photos.leclercdrive.fr/image.ashx?id=2103184&use=l&cat=p&typeid=i","cat":284953},{"id":147519,"n":"Moulin poivre Ducros 35g","p":2.97,"u":"84,86 €/KG","img":"https://fd5-photos.leclercdrive.fr/image.ashx?id=2498678&use=l&cat=p&typeid=i","cat":284457},{"id":147525,"n":"Huile bio Bio naïa Jojoba - 50ml","p":4.57,"u":"91,40 €/L","img":"https://fd5-photos.leclercdrive.fr/image.ashx?id=2436711&use=l&cat=p&typeid=i","cat":325349},{"id":147526,"n":"Huile bio Bio naïa Argan - 50ml","p":4.75,"u":"95,00 €/L","img":"https://fd5-photos.leclercdrive.fr/image.ashx?id=2436714&use=l&cat=p&typeid=i","cat":325349},{"id":147527,"n":"Huile bio Bio naïa Ricin - 50ml","p":3.99,"u":"79,80 €/L","img":"https://fd5-photos.leclercdrive.fr/image.ashx?id=2929885&use=l&cat=p&typeid=i","cat":325349},{"id":147528,"n":"Huile bio Bio naïa Amande douce - 50ml","p":3.79,"u":"75,80 €/L","img":"https://fd5-photos.leclercdrive.fr/image.ashx?id=2436720&use=l&cat=p&typeid=i","cat":325349},{"id":147529,"n":"Blocs WC Eco + Parfum pin - 3x40g","p":1.17,"u":"9,75 €/KG","img":"https://fd5-photos.leclercdrive.fr/image.ashx?id=2849560&use=l&cat=p&typeid=i","cat":284662},{"id":147533,"n":"Dentifrice arôme menthe Eco + 125ml","p":0.73,"u":"5,84 €/L","img":"https://fd5-photos.leclercdrive.fr/image.ashx?id=2776277&use=l&cat=p&typeid=i","cat":284612},{"id":147536,"n":"Liquide vaisselle Eco + Concentré citron - 500ml","p":0.42,"u":"0,84 €/L","img":"https://fd5-photos.leclercdrive.fr/image.ashx?id=2861407&use=l&cat=p&typeid=i","cat":284655},{"id":147537,"n":"Nettoyant ménager Eco + Citron - 2L","p":1.11,"u":"0,56 €/L","img":"https://fd5-photos.leclercdrive.fr/image.ashx?id=2946148&use=l&cat=p&typeid=i","cat":284907},{"id":147550,"n":"Nettoyant vitres Eco + 1L","p":0.76,"u":"0,76 €/L","img":"https://fd5-photos.leclercdrive.fr/image.ashx?id=2834993&use=l&cat=p&typeid=i","cat":325363},{"id":147627,"n":"Couches Lotus Baby Douceur Naturelle Taille 4+ - x35","p":13.48,"u":"0,39 €/P","img":"https://fd5-photos.leclercdrive.fr/image.ashx?id=2912617&use=l&cat=p&typeid=i","cat":284737},{"id":147636,"n":"Couches Pampers Premium Protection Taille 3 - x96","p":35.58,"u":"0,37 €/P","img":"https://fd5-photos.leclercdrive.fr/image.ashx?id=2250858&use=l&cat=p&typeid=i","cat":284737},{"id":147671,"n":"Olives farcies Tokapi Amandes - 150g","p":2.49,"u":"16,60 €/KG","img":"https://fd5-photos.leclercdrive.fr/image.ashx?id=3010431&use=l&cat=p&typeid=i","cat":284458},{"id":147678,"n":"Rillettes de saumon Ronde des Mers - 125g","p":1.58,"u":"12,64 €/KG","img":"https://fd5-photos.leclercdrive.fr/image.ashx?id=2436708&use=l&cat=p&typeid=i","cat":305147},{"id":147692,"n":"Fond pour rôtis Maggi 110g","p":2.34,"u":"21,27 €/KG","img":"https://fd5-photos.leclercdrive.fr/image.ashx?id=2917543&use=l&cat=p&typeid=i","cat":288379},{"id":147942,"n":"Eau micellaire Inell Biphase - 500ml","p":3.85,"u":"7,70 €/L","img":"https://fd5-photos.leclercdrive.fr/image.ashx?id=2051768&use=l&cat=p&typeid=i","cat":284603},{"id":148008,"n":"Genoise P'tit Déli Poire - 150g","p":1.15,"u":"7,67 €/KG","img":"https://fd5-photos.leclercdrive.fr/image.ashx?id=2482508&use=l&cat=p&typeid=i","cat":284489},{"id":148013,"n":"Bocal d'artichauts Notre jardin Grillés - 115g","p":1.99,"u":"17,30 €/KG","img":"https://fd5-photos.leclercdrive.fr/image.ashx?id=2578641&use=l&cat=p&typeid=i","cat":312611},{"id":148070,"n":"Thermomètre Primoplast Electronique - 1 pièce","p":3.89,"img":"https://fd5-photos.leclercdrive.fr/image.ashx?id=2856597&use=l&cat=p&typeid=i","cat":284630},{"id":148079,"n":"Saucisson d'Auvergne IGP NRT L'Atelier Charcuterie LR - 100g","p":2.3,"u":"23,00 €/KG","img":"https://fd5-photos.leclercdrive.fr/image.ashx?id=2994149&use=l&cat=p&typeid=i","cat":316007},{"id":148095,"n":"Coppa di parma IGP L'Atelier Charcuterie - 100g","p":3.45,"u":"34,50 €/KG","img":"https://fd5-photos.leclercdrive.fr/image.ashx?id=2068735&use=l&cat=p&typeid=i","cat":316007},{"id":148103,"n":"Soin hydratant bio So Bio Etic Hydra Aloe Vera - 50ml","p":6.71,"u":"134,20 €/L","img":"https://fd5-photos.leclercdrive.fr/image.ashx?id=2640572&use=l&cat=p&typeid=i","cat":325345},{"id":148105,"n":"Viande des grisons IGP L'Atelier Charcuterie - 80g","p":5.49,"u":"68,63 €/KG","img":"https://fd5-photos.leclercdrive.fr/image.ashx?id=2856648&use=l&cat=p&typeid=i","cat":316007},{"id":148112,"n":"Démaquillant yeux waterproof Le petit olivier - 125ml","p":3.19,"u":"25,52 €/L","img":"https://fd5-photos.leclercdrive.fr/image.ashx?id=2865848&use=l&cat=p&typeid=i","cat":284603},{"id":148120,"n":"Jambon serrano IGP L'Atelier Charcuterie - 120g","p":4.0,"u":"33,33 €/KG","img":"https://fd5-photos.leclercdrive.fr/image.ashx?id=2867931&use=l&cat=p&typeid=i","cat":316007},{"id":148124,"n":"Datte ravier Favorite Deglet nour - 500g","p":1.87,"u":"3,74 €/KG","img":"https://fd5-photos.leclercdrive.fr/image.ashx?id=2730610&use=l&cat=p&typeid=i","cat":284357},{"id":148240,"n":"Café dosettes Tassimo L'Or Café Long Doux x16","p":4.88,"u":"54,83 €/KG","img":"https://fd5-photos.leclercdrive.fr/image.ashx?id=2100386&use=l&cat=p&typeid=i","cat":293240},{"id":148246,"n":"Tajine de légumes Notre Jardin 530g","p":3.15,"u":"5,94 €/KG","img":"https://fd5-photos.leclercdrive.fr/image.ashx?id=2526315&use=l&cat=p&typeid=i","cat":312612},{"id":148291,"n":"Bière Aromatisée Grimbergen Rouge 5,5° - 6x25cl","p":5.22,"u":"3,48 €/L","img":"https://fd5-photos.leclercdrive.fr/image.ashx?id=2873327&use=l&cat=p&typeid=i","cat":334878},{"id":148339,"n":"Embouts jetables Prorhinel Souples - x10","p":5.79,"img":"https://fd5-photos.leclercdrive.fr/image.ashx?id=2148182&use=l&cat=p&typeid=i","cat":284630},{"id":148341,"n":"Spray hygiène du nez Prorhinel à l'aloe vera - enfant - 100ml","p":5.79,"u":"57,90 €/L","img":"https://fd5-photos.leclercdrive.fr/image.ashx?id=2917858&use=l&cat=p&typeid=i","cat":284630},{"id":148355,"n":"Déodorant Monsavon lait Fleur de coton - 200ml","p":1.87,"u":"9,35 €/L","img":"https://fd5-photos.leclercdrive.fr/image.ashx?id=2644930&use=l&cat=p&typeid=i","cat":284595},{"id":148406,"n":"Gel intime Intimy Classic - 150ml","p":7.43,"u":"49,53 €/L","img":"https://fd5-photos.leclercdrive.fr/image.ashx?id=2537980&use=l&cat=p&typeid=i","cat":285160},{"id":148411,"n":"Lames Gillette Mach 3 - x12","p":39.93,"u":"3,33 €/P","img":"https://fd5-photos.leclercdrive.fr/image.ashx?id=2073158&use=l&cat=p&typeid=i","cat":284616},{"id":148471,"n":"Pizza Crust Sodebo Farmer  Poulet Sauce Barbecue - 600g","p":5.41,"u":"9,02 €/KG","img":"https://fd5-photos.leclercdrive.fr/image.ashx?id=2912101&use=l&cat=p&typeid=i","cat":333679},{"id":148485,"n":"Lames Hydro 5 Wilkinson Skin protect Sensitive - x4","p":12.13,"u":"3,03 €/P","img":"https://fd5-photos.leclercdrive.fr/image.ashx?id=2736343&use=l&cat=p&typeid=i","cat":284616},{"id":148502,"n":"Camembert au lait de bufflonne 250g","p":4.5,"u":"18,00 €/KG","img":"https://fd5-photos.leclercdrive.fr/image.ashx?id=2902397&use=l&cat=p&typeid=i","cat":314033},{"id":148662,"n":"AOP Bordeaux supérieur rouge Château Manoubrey - 75cl","p":3.2,"u":"4,27 €/L","img":"https://fd5-photos.leclercdrive.fr/image.ashx?id=2059582&use=l&cat=p&typeid=i","cat":289556},{"id":148748,"n":"Démaquillant yeux Bionaïa Biphase Water bio - 150ml","p":2.6,"u":"17,33 €/L","img":"https://fd5-photos.leclercdrive.fr/image.ashx?id=2474963&use=l&cat=p&typeid=i","cat":284603},{"id":148749,"n":"Coloration Eugène Color & Eclat n°78 Marron Praliné - 1 pièce","p":3.87,"img":"https://fd5-photos.leclercdrive.fr/image.ashx?id=2476449&use=l&cat=p&typeid=i","cat":288899},{"id":148770,"n":"Préservatifs Intimy Classic lubrifiés - x7","p":2.68,"u":"0,38 €/P","img":"https://fd5-photos.leclercdrive.fr/image.ashx?id=2537962&use=l&cat=p&typeid=i","cat":284631},{"id":148779,"n":"Pince à ongles Mercurochrome 1 pièce","p":8.89,"img":"https://fd5-photos.leclercdrive.fr/image.ashx?id=2788496&use=l&cat=p&typeid=i","cat":325354},{"id":148998,"n":"Papier cuisson Elembal Feuilles - x30","p":0.99,"u":"0,03 €/P","img":"https://fd5-photos.leclercdrive.fr/image.ashx?id=2059971&use=l&cat=p&typeid=i","cat":334134},{"id":149326,"n":"Tissus microfibre multi usage x1","p":2.49,"img":"https://fd5-photos.leclercdrive.fr/image.ashx?id=2068348&use=l&cat=p&typeid=i","cat":298252},{"id":149356,"n":"Viande hachée pur boeuf 5%mg La Nouvelle Agriculture - 300g","p":5.19,"u":"17,30 €/KG","img":"https://fd5-photos.leclercdrive.fr/image.ashx?id=2066575&use=l&cat=p&typeid=i","cat":284332},{"id":149388,"n":"Shampooing sec Batiste Nude aérosol - 200ml","p":3.41,"u":"17,05 €/L","img":"https://fd5-photos.leclercdrive.fr/image.ashx?id=2558334&use=l&cat=p&typeid=i","cat":289143},{"id":149390,"n":"Croc'Odor Frigo XL  140g","p":2.71,"u":"19,36 €/KG","img":"https://fd5-photos.leclercdrive.fr/image.ashx?id=2952646&use=l&cat=p&typeid=i","cat":311628},{"id":149465,"n":"Brosse à Dents Signal Soin Gencives Souple x4","p":2.62,"u":"0,66 €/P","img":"https://fd5-photos.leclercdrive.fr/image.ashx?id=2964234&use=l&cat=p&typeid=i","cat":284614},{"id":149782,"n":"Soin léger nuit So Bio Etic Anti-âge bio - 50ml","p":8.76,"u":"175,20 €/L","img":"https://fd5-photos.leclercdrive.fr/image.ashx?id=2792699&use=l&cat=p&typeid=i","cat":325345},{"id":149800,"n":"Crème de jour bio N.A.E. Mature - Pot 50ml","p":13.15,"u":"263,00 €/L","img":"https://fd5-photos.leclercdrive.fr/image.ashx?id=2450730&use=l&cat=p&typeid=i","cat":325345},{"id":149817,"n":"Rouleau Râpe Velvet Smooth Ultra Exfoliant Pieds - x2","p":13.99,"u":"7,00 €/P","img":"https://fd5-photos.leclercdrive.fr/image.ashx?id=2628404&use=l&cat=p&typeid=i","cat":325354},{"id":149854,"n":"Dentifrice Elmex enfant 0-6ans Anti-caries - 75ml","p":3.32,"u":"44,27 €/L","img":"https://fd5-photos.leclercdrive.fr/image.ashx?id=2745289&use=l&cat=p&typeid=i","cat":288898},{"id":149920,"n":"Mini gougères Tipiak Coeur fondant - x10 - 110g","p":2.77,"u":"25,18 €/KG","img":"https://fd5-photos.leclercdrive.fr/image.ashx?id=2672185&use=l&cat=p&typeid=i","cat":319774},{"id":149922,"n":"Foie gras d'Oie du Périgord L'Origine du Goût Entier - 125g","p":17.95,"u":"143,60 €/KG","img":"https://fd5-photos.leclercdrive.fr/image.ashx?id=2791434&use=l&cat=p&typeid=i","cat":316008},{"id":149935,"n":"Sérum Effaclar La Roche Posay Visage - 30ml","p":25.9,"u":"863,33 €/L","img":"https://fd5-photos.leclercdrive.fr/image.ashx?id=2128884&use=l&cat=p&typeid=i","cat":291166},{"id":149958,"n":"Brosse à Dents Signal Soin Classique Souple x1","p":1.89,"img":"https://fd5-photos.leclercdrive.fr/image.ashx?id=2950894&use=l&cat=p&typeid=i","cat":284614},{"id":149962,"n":"Bâtonnets Bocoton Bio Sécurité - x60","p":1.6,"u":"0,03 €/P","img":"https://fd5-photos.leclercdrive.fr/image.ashx?id=2063542&use=l&cat=p&typeid=i","cat":284739},{"id":150008,"n":"Soin Sécheresse Hyralin 400ml","p":11.49,"u":"28,73 €/L","img":"https://fd5-photos.leclercdrive.fr/image.ashx?id=2905432&use=l&cat=p&typeid=i","cat":301348},{"id":150014,"n":"Soin intime Hydralin Gyn Irritation - 400ml","p":10.79,"u":"26,98 €/L","img":"https://fd5-photos.leclercdrive.fr/image.ashx?id=2929900&use=l&cat=p&typeid=i","cat":301348},{"id":150238,"n":"Escalope Cordon Bleu Père Dodu  Double Cheese x2 - 200g","p":2.21,"u":"11,05 €/KG","img":"https://fd5-photos.leclercdrive.fr/image.ashx?id=2957185&use=l&cat=p&typeid=i","cat":333683},{"id":150307,"n":"Liquide refroidissement TECH9 -25°C - 5L","p":9.99,"u":"2,00 €/L","img":"https://fd5-photos.leclercdrive.fr/image.ashx?id=2162711&use=l&cat=p&typeid=i","cat":298253},{"id":150485,"n":"Chocolat Pâtissier Lindt Noir - 70% cacao - 200g","p":3.26,"u":"16,30 €/KG","img":"https://fd5-photos.leclercdrive.fr/image.ashx?id=2730223&use=l&cat=p&typeid=i","cat":285562},{"id":150486,"n":"Chocolat Pâtissier Lindt Noir - 51% cacao - 200g","p":3.17,"u":"15,85 €/KG","img":"https://fd5-photos.leclercdrive.fr/image.ashx?id=2088726&use=l&cat=p&typeid=i","cat":285562},{"id":150549,"n":"Brossette Oral B precision clean - lotx2","p":20.0,"u":"10,00 €/P","img":"https://fd5-photos.leclercdrive.fr/image.ashx?id=2294216&use=l&cat=p&typeid=i","cat":297133},{"id":150576,"n":"Barre protéine noisette ISOSTAR  énergétique -3x35 - 105g","p":3.96,"u":"37,71 €/KG","img":"https://fd5-photos.leclercdrive.fr/image.ashx?id=2663425&use=l&cat=p&typeid=i","cat":318652},{"id":150588,"n":"Goûter crème cacao Schar Sans gluten - 250g","p":3.78,"u":"15,12 €/KG","img":"https://fd5-photos.leclercdrive.fr/image.ashx?id=2439944&use=l&cat=p&typeid=i","cat":284488},{"id":150711,"n":"Chips de sarrasin Bret's Au sel de Guérande - 120g","p":3.49,"u":"29,08 €/KG","img":"https://fd5-photos.leclercdrive.fr/image.ashx?id=2068591&use=l&cat=p&typeid=i","cat":284447},{"id":150763,"n":"Imperméabilisant protecteur Cuir Daim Nubuck 250ml","p":2.68,"u":"10,72 €/L","img":"https://fd5-photos.leclercdrive.fr/image.ashx?id=2835208&use=l&cat=p&typeid=i","cat":285201},{"id":150788,"n":"HERTA Tendre Croc Jambon Fromage sans nitrite 200g x2","p":1.79,"u":"8,95 €/KG","img":"https://fd5-photos.leclercdrive.fr/image.ashx?id=2752885&use=l&cat=p&typeid=i","cat":333671},{"id":150793,"n":"HERTA Tendre Croc Jambon Fromage sans nitrite 400g x4","p":3.16,"u":"7,90 €/KG","img":"https://fd5-photos.leclercdrive.fr/image.ashx?id=2070144&use=l&cat=p&typeid=i","cat":333671},{"id":150797,"n":"Cire dépilatoire Roll On Nair au sucre lait et miel - 100ml","p":5.23,"u":"52,30 €/L","img":"https://fd5-photos.leclercdrive.fr/image.ashx?id=2903242&use=l&cat=p&typeid=i","cat":325351},{"id":150798,"n":"HERTA Tendre Croc Comté Jambon sans nitrite 200g x2","p":1.83,"u":"9,15 €/KG","img":"https://fd5-photos.leclercdrive.fr/image.ashx?id=2070147&use=l&cat=p&typeid=i","cat":333671},{"id":150799,"n":"HERTA Tendre Croc Jambon Fromg ss croûte ss nitrite 200g","p":1.94,"u":"9,70 €/KG","img":"https://fd5-photos.leclercdrive.fr/image.ashx?id=2070153&use=l&cat=p&typeid=i","cat":333671},{"id":150804,"n":"Shampoing hydratant Fructis Hair food Aloe Vera - 350ml","p":3.93,"u":"11,23 €/L","img":"https://fd5-photos.leclercdrive.fr/image.ashx?id=2830594&use=l&cat=p&typeid=i","cat":284606},{"id":150848,"n":"Churros de pomme de terre 420g - Maison Tino","p":3.9,"u":"9,29 €/KG","img":"https://fd5-photos.leclercdrive.fr/image.ashx?id=2144566&use=l&cat=p&typeid=i","cat":333666},{"id":151074,"n":"Papier toilette Renova  Magic 4D - x12","p":3.47,"u":"0,29 €/P","img":"https://fd5-photos.leclercdrive.fr/image.ashx?id=2736814&use=l&cat=p&typeid=i","cat":284634},{"id":151075,"n":"Essuie-tout Renova  Design - x4","p":1.91,"u":"0,48 €/P","img":"https://fd5-photos.leclercdrive.fr/image.ashx?id=2072790&use=l&cat=p&typeid=i","cat":284635},{"id":151131,"n":"Charbon de bois Beaux Jours 40L","p":11.99,"u":"0,30 €/L","img":"https://fd5-photos.leclercdrive.fr/image.ashx?id=2078371&use=l&cat=p&typeid=i","cat":335917},{"id":151160,"n":"Crème gourmande Mamie Nova Chocolat banane - 2x150g","p":1.45,"u":"4,83 €/KG","img":"https://fd5-photos.leclercdrive.fr/image.ashx?id=2909041&use=l&cat=p&typeid=i","cat":285041},{"id":151169,"n":"Liégeois lait d'amande chocolat Andros - 4x90g","p":3.08,"u":"8,56 €/KG","img":"https://fd5-photos.leclercdrive.fr/image.ashx?id=2871985&use=l&cat=p&typeid=i","cat":316071},{"id":151170,"n":"Riz au lait Andros Coco vanille - 4x100g","p":3.03,"u":"7,58 €/KG","img":"https://fd5-photos.leclercdrive.fr/image.ashx?id=2872024&use=l&cat=p&typeid=i","cat":316071},{"id":151235,"n":"HERTA Blanc de poulet nature sans nitrite - 140g 4T","p":1.97,"u":"14,07 €/KG","img":"https://fd5-photos.leclercdrive.fr/image.ashx?id=2731348&use=l&cat=p&typeid=i","cat":316010},{"id":151290,"n":"Herta Blanc de poulet -25% de sel sans nitrite 140g 4T","p":2.36,"u":"16,86 €/KG","img":"https://fd5-photos.leclercdrive.fr/image.ashx?id=2307733&use=l&cat=p&typeid=i","cat":316010},{"id":151460,"n":"Desserts Lactés P'TIT ONCTUEUX BIO NAT Sucre Canne 6M+ - 4x90g","p":2.43,"u":"6,75 €/KG","img":"https://fd5-photos.leclercdrive.fr/image.ashx?id=2235821&use=l&cat=p&typeid=i","cat":312392},{"id":151472,"n":"Fromage blanc Calin Extra Nature - 850g","p":2.21,"u":"2,60 €/KG","img":"https://fd5-photos.leclercdrive.fr/image.ashx?id=2973739&use=l&cat=p&typeid=i","cat":284409},{"id":151508,"n":"Colin MSC haché Yooji 6 mois - 120g","p":3.84,"u":"32,00 €/KG","img":"https://fd5-photos.leclercdrive.fr/image.ashx?id=2529072&use=l&cat=p&typeid=i","cat":290631},{"id":151959,"n":"Mascara Allongeant L'OréalParis Telescopic Carbone Noir","p":13.21,"img":"https://fd5-photos.leclercdrive.fr/image.ashx?id=2886178&use=l&cat=p&typeid=i","cat":287029},{"id":151961,"n":"Fond de Teint L'Oréal Paris Accord Parfait 3.5.N Pêche","p":11.54,"img":"https://fd5-photos.leclercdrive.fr/image.ashx?id=2108273&use=l&cat=p&typeid=i","cat":287029},{"id":151962,"n":"Fond de Teint L'Oréal Paris Accord Parfait 1.R Ivoire Rosé","p":11.54,"u":"384,67 €/L","img":"https://fd5-photos.leclercdrive.fr/image.ashx?id=2395550&use=l&cat=p&typeid=i","cat":287029},{"id":151964,"n":"BB Crème Teintée L'Oréal Paris Nuance 04 médium - 30ml","p":10.79,"u":"359,67 €/L","img":"https://fd5-photos.leclercdrive.fr/image.ashx?id=3014551&use=l&cat=p&typeid=i","cat":287029},{"id":151965,"n":"CC Crème L'Oréal Paris Anti-Rougeurs","p":13.88,"img":"https://fd5-photos.leclercdrive.fr/image.ashx?id=3014557&use=l&cat=p&typeid=i","cat":287029},{"id":151966,"n":"Eyeliner Feutre L'Oréal Paris  Waterproof 01 Noir intense","p":9.85,"img":"https://fd5-photos.leclercdrive.fr/image.ashx?id=2370380&use=l&cat=p&typeid=i","cat":287029},{"id":151970,"n":"Vernis à ongles gel Maybelline Superstay 06 Rouge Profond","p":7.12,"img":"https://fd5-photos.leclercdrive.fr/image.ashx?id=2344978&use=l&cat=p&typeid=i","cat":325347},{"id":151971,"n":"Encre à lèvres mat Maybelline Superstay Matte Ink 20 Pioneer","p":12.6,"img":"https://fd5-photos.leclercdrive.fr/image.ashx?id=2423181&use=l&cat=p&typeid=i","cat":287029},{"id":151972,"n":"Correcteur anticerne Maybelline Instant Anti-Age 00 Ivoire","p":8.79,"img":"https://fd5-photos.leclercdrive.fr/image.ashx?id=2770545&use=l&cat=p&typeid=i","cat":287029},{"id":151996,"n":"Fromage enfant Kiri crème 24 portions à tartiner - 432g","p":4.96,"u":"0,21 €/P","img":"https://fd5-photos.leclercdrive.fr/image.ashx?id=2973568&use=l&cat=p&typeid=i","cat":314030},{"id":152001,"n":"Gnocchi à poêler Roll Lustucru  300g","p":1.53,"u":"5,10 €/KG","img":"https://fd5-photos.leclercdrive.fr/image.ashx?id=2792408&use=l&cat=p&typeid=i","cat":333682},{"id":152002,"n":"Gouter fourré P'tit Déli Vanille - 295g","p":1.22,"u":"4,14 €/KG","img":"https://fd5-photos.leclercdrive.fr/image.ashx?id=2399138&use=l&cat=p&typeid=i","cat":284489},{"id":152017,"n":"Piles alcaline AA Varta Long life max power - x6","p":13.18,"u":"2,20 €/P","img":"https://fd5-photos.leclercdrive.fr/image.ashx?id=2298787&use=l&cat=p&typeid=i","cat":300572},{"id":152042,"n":"Déodorant bille bio BionaÏa A la rose/aloe vera - 50ml","p":1.35,"u":"27,00 €/L","img":"https://fd5-photos.leclercdrive.fr/image.ashx?id=2481240&use=l&cat=p&typeid=i","cat":284595},{"id":152043,"n":"Déodorant bio BionaÏa 100ml","p":1.8,"u":"18,00 €/L","img":"https://fd5-photos.leclercdrive.fr/image.ashx?id=2075272&use=l&cat=p&typeid=i","cat":284595},{"id":152054,"n":"Adoucissant Hyperdou Vanille x30 - 750ml","p":1.99,"u":"2,65 €/L","img":"https://fd5-photos.leclercdrive.fr/image.ashx?id=2614521&use=l&cat=p&typeid=i","cat":284650},{"id":152297,"n":"Couches Love & Green Ecologiques T1 - x44","p":13.41,"u":"0,30 €/P","img":"https://fd5-photos.leclercdrive.fr/image.ashx?id=2830645&use=l&cat=p&typeid=i","cat":284737},{"id":152298,"n":"Couches Love & Green Ecologiques T2 - x44","p":13.34,"u":"0,30 €/P","img":"https://fd5-photos.leclercdrive.fr/image.ashx?id=2862578&use=l&cat=p&typeid=i","cat":284737},{"id":152300,"n":"Liniment Love & Green Bio - 500ml","p":6.65,"u":"13,30 €/L","img":"https://fd5-photos.leclercdrive.fr/image.ashx?id=2735716&use=l&cat=p&typeid=i","cat":284741},{"id":152349,"n":"Sérum nuit anti-âge L'Oréal Revitalift Rétinol Pur - 30ml","p":14.82,"u":"494,00 €/L","img":"https://fd5-photos.leclercdrive.fr/image.ashx?id=2867530&use=l&cat=p&typeid=i","cat":325345},{"id":152350,"n":"Desserts lactés P'tit Onctueux Bio Banane 6M+ 4x90g","p":2.47,"u":"6,86 €/KG","img":"https://fd5-photos.leclercdrive.fr/image.ashx?id=2234153&use=l&cat=p&typeid=i","cat":312392},{"id":152365,"n":"Crème éclat La Provençale Bio Jouvence Anti-Âge - 50ml","p":10.41,"u":"208,20 €/L","img":"https://fd5-photos.leclercdrive.fr/image.ashx?id=2948147&use=l&cat=p&typeid=i","cat":325345},{"id":152414,"n":"Crème hydratante Scholl Adoucissante - 75ml","p":4.28,"u":"57,07 €/L","img":"https://fd5-photos.leclercdrive.fr/image.ashx?id=2980884&use=l&cat=p&typeid=i","cat":325354},{"id":152420,"n":"Cryothérapie Mercurochrome Verrues pieds mains - 35ml","p":14.14,"u":"404,00 €/L","img":"https://fd5-photos.leclercdrive.fr/image.ashx?id=2693545&use=l&cat=p&typeid=i","cat":284630},{"id":152505,"n":"Boisson végétale Bio Bjorg 1L","p":1.83,"u":"1,83 €/L","img":"https://fd5-photos.leclercdrive.fr/image.ashx?id=2972994&use=l&cat=p&typeid=i","cat":316067},{"id":152593,"n":"Desserts Lactés P'TIT ONCTUEUX BIO Mangue  6M+ - 4x90g","p":2.47,"u":"6,86 €/KG","img":"https://fd5-photos.leclercdrive.fr/image.ashx?id=2234156&use=l&cat=p&typeid=i","cat":312392},{"id":152596,"n":"Câpres Maille Surfines - 85g","p":2.95,"u":"34,71 €/KG","img":"https://fd5-photos.leclercdrive.fr/image.ashx?id=2539674&use=l&cat=p&typeid=i","cat":284458},{"id":152610,"n":"Pasta Box Sodebo Fusilli à la Bolognaise - 330g","p":2.49,"u":"7,55 €/KG","img":"https://fd5-photos.leclercdrive.fr/image.ashx?id=2991996&use=l&cat=p&typeid=i","cat":334983},{"id":152612,"n":"Pasta Box Sodebo Fusilli à la Carbonara - 330g","p":2.45,"u":"7,42 €/KG","img":"https://fd5-photos.leclercdrive.fr/image.ashx?id=2919781&use=l&cat=p&typeid=i","cat":334983},{"id":152615,"n":"Pasta Box Sodebo Fusilli Fromages Italiens -330g","p":2.61,"u":"7,91 €/KG","img":"https://fd5-photos.leclercdrive.fr/image.ashx?id=2919784&use=l&cat=p&typeid=i","cat":334983},{"id":152617,"n":"Happy Cherry Haribo Sachet bonbons - 220g","p":2.27,"u":"10,32 €/KG","img":"https://fd5-photos.leclercdrive.fr/image.ashx?id=2984901&use=l&cat=p&typeid=i","cat":304250},{"id":152651,"n":"Pansements Mercurochrome Coricide - x12","p":5.33,"u":"0,44 €/P","img":"https://fd5-photos.leclercdrive.fr/image.ashx?id=2663968&use=l&cat=p&typeid=i","cat":284630},{"id":152663,"n":"Préservatifs Manix Skyn sans latex - x20","p":16.15,"u":"0,81 €/P","img":"https://fd5-photos.leclercdrive.fr/image.ashx?id=2861063&use=l&cat=p&typeid=i","cat":284631},{"id":152940,"n":"Soin Mercurochrome ongles âbimés - 1 pièce","p":10.15,"img":"https://fd5-photos.leclercdrive.fr/image.ashx?id=2663995&use=l&cat=p&typeid=i","cat":284630},{"id":153015,"n":"Cassonade pure canne Daddy 750g","p":2.24,"u":"2,99 €/KG","img":"https://fd5-photos.leclercdrive.fr/image.ashx?id=2944702&use=l&cat=p&typeid=i","cat":284502},{"id":153069,"n":"Cônes glacés Trium Rhum raisins - x6 - 414g","p":2.43,"u":"5,87 €/KG","img":"https://fd5-photos.leclercdrive.fr/image.ashx?id=2931814&use=l&cat=p&typeid=i","cat":284264},{"id":153074,"n":"Cônes glacés Trium Citron framboise x6 - 456g","p":2.67,"u":"5,86 €/KG","img":"https://fd5-photos.leclercdrive.fr/image.ashx?id=2931811&use=l&cat=p&typeid=i","cat":284264},{"id":153075,"n":"Cônes glacés Trium Chocolat pistaches - x6 - 402g","p":1.99,"u":"4,95 €/KG","img":"https://fd5-photos.leclercdrive.fr/image.ashx?id=2909909&use=l&cat=p&typeid=i","cat":284264},{"id":153108,"n":"Rhum blanc Clement 50° - 1L","p":21.36,"u":"21,36 €/L","img":"https://fd5-photos.leclercdrive.fr/image.ashx?id=2093244&use=l&cat=p&typeid=i","cat":284550},{"id":153151,"n":"Jambon Supérieur Fleury Michon sans nitrite x4 - 140g","p":2.14,"u":"15,29 €/KG","img":"https://fd5-photos.leclercdrive.fr/image.ashx?id=2889475&use=l&cat=p&typeid=i","cat":316009},{"id":153155,"n":"Jambon Supérieur Fleury Michon -25% sel sans nitrite x4 - 140g","p":2.91,"u":"20,79 €/KG","img":"https://fd5-photos.leclercdrive.fr/image.ashx?id=2905399&use=l&cat=p&typeid=i","cat":316009},{"id":153158,"n":"Jambon Simplement Bon Fleury  Michon -25% de sel - x6 - 210g","p":2.89,"u":"13,76 €/KG","img":"https://fd5-photos.leclercdrive.fr/image.ashx?id=2842696&use=l&cat=p&typeid=i","cat":316009},{"id":153159,"n":"Jambon Simplement Bon Fleury  Michon -25% de sel x4 - 140g","p":2.31,"u":"16,50 €/KG","img":"https://fd5-photos.leclercdrive.fr/image.ashx?id=2843385&use=l&cat=p&typeid=i","cat":316009},{"id":153164,"n":"Jambon  Simplement Bon Fleury  Michon x4 - 160g","p":1.99,"u":"12,44 €/KG","img":"https://fd5-photos.leclercdrive.fr/image.ashx?id=2843147&use=l&cat=p&typeid=i","cat":316009},{"id":153167,"n":"Jambon Simplement Bon  Fleury Michon - x8 - 320g","p":3.77,"u":"11,78 €/KG","img":"https://fd5-photos.leclercdrive.fr/image.ashx?id=3008383&use=l&cat=p&typeid=i","cat":316009},{"id":153192,"n":"Canettes Coca-cola Zéro Soda sans sucre - 12x33cl","p":6.68,"u":"1,69 €/L","img":"https://fd5-photos.leclercdrive.fr/image.ashx?id=2209194&use=l&cat=p&typeid=i","cat":284530},{"id":153241,"n":"Blanc de poulet Fleury Michon doré au four - x8 - 240g","p":2.27,"u":"9,46 €/KG","img":"https://fd5-photos.leclercdrive.fr/image.ashx?id=2962845&use=l&cat=p&typeid=i","cat":316010},{"id":153313,"n":"Gateau Savane Brossard Pocket chocolat - x7  210g","p":2.11,"u":"10,05 €/KG","img":"https://fd5-photos.leclercdrive.fr/image.ashx?id=2870722&use=l&cat=p&typeid=i","cat":284495},{"id":153393,"n":"Eau Aromatisée Vittel Aro Fraise - 1L","p":1.15,"u":"1,15 €/L","img":"https://fd5-photos.leclercdrive.fr/image.ashx?id=2788874&use=l&cat=p&typeid=i","cat":284537},{"id":153447,"n":"Lait Céréales bio Bio Village Vanille 6 mois - 2x25cl","p":2.13,"u":"4,26 €/L","img":"https://fd5-photos.leclercdrive.fr/image.ashx?id=2833026&use=l&cat=p&typeid=i","cat":312226},{"id":153494,"n":"Desserts Lactés P'TIT BRASSE Abricot BIO 6M+ - 4x90g","p":2.11,"u":"5,86 €/KG","img":"https://fd5-photos.leclercdrive.fr/image.ashx?id=2672581&use=l&cat=p&typeid=i","cat":312392},{"id":153734,"n":"Pâte de curry doux Patak's 165g","p":2.57,"u":"15,58 €/KG","img":"https://fd5-photos.leclercdrive.fr/image.ashx?id=2879802&use=l&cat=p&typeid=i","cat":289012},{"id":153745,"n":"Creola pâtisserie noix de coco Poppies - 300g","p":1.53,"u":"5,10 €/KG","img":"https://fd5-photos.leclercdrive.fr/image.ashx?id=2089598&use=l&cat=p&typeid=i","cat":284495},{"id":153879,"n":"Bloc 8 prises avec interrupteur Foxter x1","p":11.9,"u":"Dont 0,02 € d'éco-part.","img":"https://fd5-photos.leclercdrive.fr/image.ashx?id=2085167&use=l&cat=p&typeid=i","cat":300575},{"id":153928,"n":"Petits chèvre frais ronds L'Atelier Fromagerie - 100g","p":2.15,"u":"21,50 €/KG","img":"https://fd5-photos.leclercdrive.fr/image.ashx?id=2999643&use=l&cat=p&typeid=i","cat":314036},{"id":153929,"n":"Bûche de chèvre frais cendrée L'Atelier Fromagerie - 200g","p":3.19,"u":"15,95 €/KG","img":"https://fd5-photos.leclercdrive.fr/image.ashx?id=2999646&use=l&cat=p&typeid=i","cat":314036},{"id":153967,"n":"Changes bébé Lotus Baby T2 Douceur naturelle 3/6kg - x45","p":13.47,"u":"0,30 €/P","img":"https://fd5-photos.leclercdrive.fr/image.ashx?id=2909206&use=l&cat=p&typeid=i","cat":284737},{"id":154188,"n":"Pâte à modeler Play Doh  Dentiste - Age : 3+","p":16.5,"u":"Dont 0,02 € d'éco-part.","img":"https://fd5-photos.leclercdrive.fr/image.ashx?id=2088339&use=l&cat=p&typeid=i","cat":334381},{"id":154631,"n":"Boisson multifruits Jafun Format poche - 10x20Cl","p":3.2,"u":"1,60 €/L","img":"https://fd5-photos.leclercdrive.fr/image.ashx?id=2992561&use=l&cat=p&typeid=i","cat":284524},{"id":154650,"n":"Baume apaisant Avène Tolerance Control - 40ml","p":16.9,"u":"422,50 €/L","img":"https://fd5-photos.leclercdrive.fr/image.ashx?id=2373471&use=l&cat=p&typeid=i","cat":290421},{"id":154651,"n":"Gel moussant émollient A-Derma Exomega Control - 500ml","p":11.52,"u":"23,04 €/L","img":"https://fd5-photos.leclercdrive.fr/image.ashx?id=2377151&use=l&cat=p&typeid=i","cat":301591},{"id":154682,"n":"Créaline H2O Bioderma Sans parfum - 250ml","p":8.49,"u":"33,96 €/L","img":"https://fd5-photos.leclercdrive.fr/image.ashx?id=2979842&use=l&cat=p&typeid=i","cat":301587},{"id":154714,"n":"Crème lavante La Roche Posay Lipikar - surgras - 400ml","p":11.89,"u":"29,73 €/L","img":"https://fd5-photos.leclercdrive.fr/image.ashx?id=2153963&use=l&cat=p&typeid=i","cat":301591},{"id":154760,"n":"Eau micellaire La Roche Posay Effaclar - 400ml","p":11.89,"u":"29,73 €/L","img":"https://fd5-photos.leclercdrive.fr/image.ashx?id=2850560&use=l&cat=p&typeid=i","cat":301587},{"id":154827,"n":"Gel lavant bébé bio Jonzac 1L","p":10.98,"u":"10,98 €/L","img":"https://fd5-photos.leclercdrive.fr/image.ashx?id=2912269&use=l&cat=p&typeid=i","cat":290425},{"id":154863,"n":"Crème mains La Roche Posay Cicaplast - 50ml","p":6.49,"u":"129,80 €/L","img":"https://fd5-photos.leclercdrive.fr/image.ashx?id=2093993&use=l&cat=p&typeid=i","cat":290424},{"id":154904,"n":"Crème Apaisante Saforelle Tube - 100ml","p":9.99,"u":"99,90 €/L","img":"https://fd5-photos.leclercdrive.fr/image.ashx?id=2583617&use=l&cat=p&typeid=i","cat":328622},{"id":154912,"n":"Crème pieds Xerial 30 SVR 50ml","p":6.44,"u":"128,80 €/L","img":"https://fd5-photos.leclercdrive.fr/image.ashx?id=2971619&use=l&cat=p&typeid=i","cat":290424},{"id":154928,"n":"Eau nettoyante 3 en 1 Dodie  500ml","p":5.99,"img":"https://fd5-photos.leclercdrive.fr/image.ashx?id=2845494&use=l&cat=p&typeid=i","cat":290425},{"id":155123,"n":"Biscuits fourrés  BN Fraises - 285g","p":1.29,"u":"4,53 €/KG","img":"https://fd5-photos.leclercdrive.fr/image.ashx?id=2878804&use=l&cat=p&typeid=i","cat":284489},{"id":155134,"n":"Knacki original Herta x4 - 140g","p":1.21,"u":"8,64 €/KG","img":"https://fd5-photos.leclercdrive.fr/image.ashx?id=2289840&use=l&cat=p&typeid=i","cat":316012},{"id":155244,"n":"Mini cônes Extrême  Vanille  - 8x39g","p":4.38,"u":"14,04 €/KG","img":"https://fd5-photos.leclercdrive.fr/image.ashx?id=2737741&use=l&cat=p&typeid=i","cat":284264},{"id":155293,"n":"Prépa Gâteau alsa Cœur Coulants Chocolat - 275g","p":2.98,"u":"10,84 €/KG","img":"https://fd5-photos.leclercdrive.fr/image.ashx?id=2996443&use=l&cat=p&typeid=i","cat":284505},{"id":155295,"n":"Préparation Cookies alsa Pépites de Chocolat - 240g","p":2.19,"u":"9,13 €/KG","img":"https://fd5-photos.leclercdrive.fr/image.ashx?id=2996446&use=l&cat=p&typeid=i","cat":284505},{"id":155300,"n":"Capsules Starbucks by Nespresso  Italian Style Int 11 - x10","p":3.69,"u":"65,89 €/KG","img":"https://fd5-photos.leclercdrive.fr/image.ashx?id=2654068&use=l&cat=p&typeid=i","cat":284749},{"id":155301,"n":"Biscuit BN chocolat 285g","p":1.29,"u":"4,53 €/KG","img":"https://fd5-photos.leclercdrive.fr/image.ashx?id=2810705&use=l&cat=p&typeid=i","cat":284488},{"id":155302,"n":"Biscuits BN casse croute 400g","p":1.32,"u":"3,30 €/KG","img":"https://fd5-photos.leclercdrive.fr/image.ashx?id=2503900&use=l&cat=p&typeid=i","cat":284491},{"id":155303,"n":"Briochettes Pasquier x12 - 480g","p":2.14,"u":"4,46 €/KG","img":"https://fd5-photos.leclercdrive.fr/image.ashx?id=2417857&use=l&cat=p&typeid=i","cat":284478},{"id":155393,"n":"Thon naturel MSC Petit Navire 2x112g","p":4.62,"u":"20,63 €/KG","img":"https://fd5-photos.leclercdrive.fr/image.ashx?id=2226265&use=l&cat=p&typeid=i","cat":303867},{"id":155511,"n":"Nettoyant Lave-Linge Destop  Désinfectant - x2","p":4.78,"u":"9,56 €/L","img":"https://fd5-photos.leclercdrive.fr/image.ashx?id=2831735&use=l&cat=p&typeid=i","cat":284653},{"id":155795,"n":"Soda Coca-Cola - SANS SUCRES Canette - 6x33cl","p":3.35,"u":"1,69 €/L","img":"https://fd5-photos.leclercdrive.fr/image.ashx?id=2736805&use=l&cat=p&typeid=i","cat":284530},{"id":155816,"n":"Compote avec morceaux Andros Framboise - 4x100g","p":2.49,"u":"6,23 €/KG","img":"https://fd5-photos.leclercdrive.fr/image.ashx?id=2908201&use=l&cat=p&typeid=i","cat":284416},{"id":155820,"n":"Salade Batavia verte 1p","p":1.29,"img":"https://fd5-photos.leclercdrive.fr/image.ashx?id=1633577&use=l&cat=p&typeid=i","cat":284352},{"id":155828,"n":"Chou rouge 1p","p":1.99,"img":"https://fd5-photos.leclercdrive.fr/image.ashx?id=560850&use=l&cat=p&typeid=i","cat":284352},{"id":155892,"n":"Blanc de Poulet Le Gaulois Sans nitrites x4 - 160g","p":1.91,"u":"11,94 €/KG","img":"https://fd5-photos.leclercdrive.fr/image.ashx?id=2962620&use=l&cat=p&typeid=i","cat":316010},{"id":155900,"n":"Boisson aux Fruits Jafun Tropical - 10x20cl","p":3.2,"u":"1,60 €/L","img":"https://fd5-photos.leclercdrive.fr/image.ashx?id=2992567&use=l&cat=p&typeid=i","cat":295018},{"id":155908,"n":"Passoire sur pied x1","p":4.5,"img":"https://fd5-photos.leclercdrive.fr/image.ashx?id=2118105&use=l&cat=p&typeid=i","cat":334135},{"id":155914,"n":"Spatule trendy x1","p":3.9,"img":"https://fd5-photos.leclercdrive.fr/image.ashx?id=2118102&use=l&cat=p&typeid=i","cat":334135},{"id":156016,"n":"Gaufrettes apéritives Boursin Ail et fines herbes - 60g","p":2.2,"u":"36,67 €/KG","img":"https://fd5-photos.leclercdrive.fr/image.ashx?id=2113265&use=l&cat=p&typeid=i","cat":297000},{"id":156020,"n":"Soda Sprite Canette - 6x33cl","p":3.41,"u":"1,72 €/L","img":"https://fd5-photos.leclercdrive.fr/image.ashx?id=2973994&use=l&cat=p&typeid=i","cat":284531},{"id":156022,"n":"Soda Coca Cola Cherry Canette 6x33cl","p":4.36,"u":"2,20 €/L","img":"https://fd5-photos.leclercdrive.fr/image.ashx?id=2997226&use=l&cat=p&typeid=i","cat":284530},{"id":156058,"n":"Thon blanc germon Connétable A l'Huile d'Olive - 160g","p":3.53,"u":"22,06 €/KG","img":"https://fd5-photos.leclercdrive.fr/image.ashx?id=2792450&use=l&cat=p&typeid=i","cat":303867},{"id":156067,"n":"Soda Coca-Cola Canette - 6x33cl","p":4.21,"u":"2,13 €/L","img":"https://fd5-photos.leclercdrive.fr/image.ashx?id=2997229&use=l&cat=p&typeid=i","cat":284530},{"id":156074,"n":"Déodorant spray Monsavon Compressé - Vanille - 2x100ml","p":4.76,"u":"23,80 €/L","img":"https://fd5-photos.leclercdrive.fr/image.ashx?id=2655226&use=l&cat=p&typeid=i","cat":284595},{"id":156091,"n":"Culottes Pampers Baby Dry Taille 3 6/11kg - x94","p":29.9,"u":"0,32 €/P","img":"https://fd5-photos.leclercdrive.fr/image.ashx?id=2113859&use=l&cat=p&typeid=i","cat":290633},{"id":156137,"n":"Soda Coca-Cola Light canettes - 6x33cl","p":3.73,"u":"1,88 €/L","img":"https://fd5-photos.leclercdrive.fr/image.ashx?id=2194427&use=l&cat=p&typeid=i","cat":284530},{"id":156144,"n":"Boisson énergisante Monster Ultra Paradise - 50cl","p":1.67,"u":"3,34 €/L","img":"https://fd5-photos.leclercdrive.fr/image.ashx?id=2681457&use=l&cat=p&typeid=i","cat":284533},{"id":156156,"n":"Fromage enfant Kiri crème 8 portions à tartiner - 144g","p":1.95,"u":"0,24 €/P","img":"https://fd5-photos.leclercdrive.fr/image.ashx?id=2973562&use=l&cat=p&typeid=i","cat":314030},{"id":156165,"n":"Sauce bolognaise Bolo Balls 400g","p":2.51,"u":"6,28 €/KG","img":"https://fd5-photos.leclercdrive.fr/image.ashx?id=2918571&use=l&cat=p&typeid=i","cat":287599},{"id":156171,"n":"Sablés Michel et Augustin Parmigiano reggiano - 100g","p":2.76,"u":"27,60 €/KG","img":"https://fd5-photos.leclercdrive.fr/image.ashx?id=2114218&use=l&cat=p&typeid=i","cat":297000},{"id":156174,"n":"Biscuits fourrés BN Framboise - 285g","p":1.53,"u":"5,37 €/KG","img":"https://fd5-photos.leclercdrive.fr/image.ashx?id=2474999&use=l&cat=p&typeid=i","cat":284489},{"id":156175,"n":"Doomino St Michel Chocolat - x6","p":1.91,"u":"10,61 €/KG","img":"https://fd5-photos.leclercdrive.fr/image.ashx?id=2949979&use=l&cat=p&typeid=i","cat":284495},{"id":156188,"n":"Préparation Flan Pâtissier alsa Vanille - 740g","p":2.9,"u":"3,92 €/KG","img":"https://fd5-photos.leclercdrive.fr/image.ashx?id=2790591&use=l&cat=p&typeid=i","cat":284505},{"id":156193,"n":"Farine blé T45 Francine 750g","p":1.28,"u":"1,71 €/KG","img":"https://fd5-photos.leclercdrive.fr/image.ashx?id=2989141&use=l&cat=p&typeid=i","cat":284503},{"id":156198,"n":"Bière blonde Tripel Karmeliet 8,4% - 6x33cl","p":12.97,"u":"6,55 €/L","img":"https://fd5-photos.leclercdrive.fr/image.ashx?id=2675586&use=l&cat=p&typeid=i","cat":334872},{"id":156199,"n":"Bière ambrée Kwak 8,4° - 6x33cl","p":12.8,"u":"6,46 €/L","img":"https://fd5-photos.leclercdrive.fr/image.ashx?id=2677504&use=l&cat=p&typeid=i","cat":334872},{"id":156200,"n":"Wraps Old El Paso de blé nature format familial x10 - 580g","p":3.77,"u":"6,50 €/KG","img":"https://fd5-photos.leclercdrive.fr/image.ashx?id=2745352&use=l&cat=p&typeid=i","cat":288993},{"id":156223,"n":"Croquette Truite One Sterilcat Indoor formula","p":14.22,"u":"4,74 €/KG","img":"https://fd5-photos.leclercdrive.fr/image.ashx?id=2488076&use=l&cat=p&typeid=i","cat":284680},{"id":156343,"n":"Abondance AOP NRT L'Atelier Fromagerie - 150g","p":3.2,"u":"21,33 €/KG","img":"https://fd5-photos.leclercdrive.fr/image.ashx?id=2123907&use=l&cat=p&typeid=i","cat":314036},{"id":156344,"n":"Fromage Beaufort AOP L'Atelier Fromagerie - 150g","p":4.49,"u":"29,93 €/KG","img":"https://fd5-photos.leclercdrive.fr/image.ashx?id=2120472&use=l&cat=p&typeid=i","cat":327294},{"id":156345,"n":"Fromage Bleu de Laqueuille L'Atelier Fromagerie - 150g","p":2.4,"u":"16,00 €/KG","img":"https://fd5-photos.leclercdrive.fr/image.ashx?id=2130002&use=l&cat=p&typeid=i","cat":327294},{"id":156346,"n":"Pointe Brie de Meaux AOP L'Atelier Fromagerie - 200g","p":3.19,"u":"15,95 €/KG","img":"https://fd5-photos.leclercdrive.fr/image.ashx?id=2123910&use=l&cat=p&typeid=i","cat":314036},{"id":156347,"n":"Pointe de Melun AOP L'Atelier Fromagerie - 185g","p":4.25,"u":"22,97 €/KG","img":"https://fd5-photos.leclercdrive.fr/image.ashx?id=2124128&use=l&cat=p&typeid=i","cat":314036},{"id":156348,"n":"Cantal Entre deux AOP NRT L'Atelier Fromagerie - 200g","p":3.5,"u":"17,50 €/KG","img":"https://fd5-photos.leclercdrive.fr/image.ashx?id=2398788&use=l&cat=p&typeid=i","cat":327294},{"id":156350,"n":"Comté 18 mois AOP L'Atelier Fromagerie - 200g","p":5.3,"u":"26,50 €/KG","img":"https://fd5-photos.leclercdrive.fr/image.ashx?id=2130005&use=l&cat=p&typeid=i","cat":327294},{"id":156351,"n":"Coulommiers 3/4 affiné L'Atelier Fromagerie - 250g","p":3.95,"u":"15,80 €/KG","img":"https://fd5-photos.leclercdrive.fr/image.ashx?id=2546156&use=l&cat=p&typeid=i","cat":314036},{"id":156355,"n":"Grana padano 20 mois AOP L'Atelier Fromagerie - 180g","p":3.99,"u":"22,17 €/KG","img":"https://fd5-photos.leclercdrive.fr/image.ashx?id=2817178&use=l&cat=p&typeid=i","cat":314036},{"id":156359,"n":"Crottin de chèvre Rians 3+1 offert - 240g","p":3.93,"u":"16,38 €/KG","img":"https://fd5-photos.leclercdrive.fr/image.ashx?id=2557951&use=l&cat=p&typeid=i","cat":314031},{"id":156369,"n":"Parfum de linge Lenor Songe - 224g","p":8.15,"u":"36,38 €/KG","img":"https://fd5-photos.leclercdrive.fr/image.ashx?id=2424845&use=l&cat=p&typeid=i","cat":325302},{"id":156397,"n":"Glaces Ferrero Rocher x4 chocolat lait noisettes - 200g","p":3.36,"img":"https://fd5-photos.leclercdrive.fr/image.ashx?id=2759065&use=l&cat=p&typeid=i","cat":284265},{"id":156415,"n":"Bâtonnet Raffaello  Noix de coco amandes x4 - 188g","p":3.49,"u":"18,56 €/KG","img":"https://fd5-photos.leclercdrive.fr/image.ashx?id=2863890&use=l&cat=p&typeid=i","cat":284265},{"id":156465,"n":"AOC Muscadet blanc Plessis Duval - 3L","p":16.33,"u":"5,44 €/L","img":"https://fd5-photos.leclercdrive.fr/image.ashx?id=2941023&use=l&cat=p&typeid=i","cat":289557},{"id":156476,"n":"Fromage Feta Grecque Islos AOP - 150g","p":2.57,"u":"17,13 €/KG","img":"https://fd5-photos.leclercdrive.fr/image.ashx?id=2892625&use=l&cat=p&typeid=i","cat":314026},{"id":156493,"n":"Petit pot bébé Blédina 6 mois  Légumes bœuf - 2x200g","p":1.95,"u":"4,88 €/KG","img":"https://fd5-photos.leclercdrive.fr/image.ashx?id=2968091&use=l&cat=p&typeid=i","cat":312236},{"id":156495,"n":"Petit pot bébé Blédina 6 mois Légumes lieu - 2x200g","p":1.8,"u":"4,50 €/KG","img":"https://fd5-photos.leclercdrive.fr/image.ashx?id=2935771&use=l&cat=p&typeid=i","cat":312236},{"id":156496,"n":"Petit pot bébé Blédina 6 mois Potimarron jambon - 2x200g","p":1.99,"u":"4,98 €/KG","img":"https://fd5-photos.leclercdrive.fr/image.ashx?id=2935768&use=l&cat=p&typeid=i","cat":312236},{"id":156497,"n":"Petit pot bébé Blédina 8 mois Riz ratatouille poisson -2x200g","p":2.12,"u":"5,30 €/KG","img":"https://fd5-photos.leclercdrive.fr/image.ashx?id=2911208&use=l&cat=p&typeid=i","cat":312236},{"id":156501,"n":"Petit pot bébé Blédina 6 mois Légumes jambon - 2x200g","p":1.96,"u":"4,90 €/KG","img":"https://fd5-photos.leclercdrive.fr/image.ashx?id=2948767&use=l&cat=p&typeid=i","cat":312236},{"id":156527,"n":"Capsules Starbucks by Nespresso  Blonde Espresso Int 6 - x18","p":6.05,"u":"64,36 €/KG","img":"https://fd5-photos.leclercdrive.fr/image.ashx?id=2668177&use=l&cat=p&typeid=i","cat":284749},{"id":156528,"n":"Petit pot bébé Blédina 4-6 mois Carotte - 2x130g","p":1.16,"u":"4,46 €/KG","img":"https://fd5-photos.leclercdrive.fr/image.ashx?id=2911870&use=l&cat=p&typeid=i","cat":312234},{"id":156540,"n":"Petit pot bébé Blédina 6 mois Patate douce carotte-2x200g","p":1.92,"u":"4,80 €/KG","img":"https://fd5-photos.leclercdrive.fr/image.ashx?id=2951617&use=l&cat=p&typeid=i","cat":312235},{"id":156563,"n":"Petit pot bébé Blédina 6 mois Purée carotte jambon - 2x200g","p":1.95,"u":"4,88 €/KG","img":"https://fd5-photos.leclercdrive.fr/image.ashx?id=2935762&use=l&cat=p&typeid=i","cat":312236},{"id":157161,"n":"Roller effaçable Bic Vert - +6 recharges","p":5.5,"img":"https://fd5-photos.leclercdrive.fr/image.ashx?id=2146465&use=l&cat=p&typeid=i","cat":284696},{"id":157162,"n":"Roller effaçable Bic Noir - +6 recharges","p":6.56,"img":"https://fd5-photos.leclercdrive.fr/image.ashx?id=2147864&use=l&cat=p&typeid=i","cat":284696},{"id":157590,"n":"Bière Jenlain triple 8.5° - 75cl","p":3.52,"u":"4,69 €/L","img":"https://fd5-photos.leclercdrive.fr/image.ashx?id=2732854&use=l&cat=p&typeid=i","cat":334872},{"id":157609,"n":"Bière Corbeau rouge 75cl","p":4.58,"u":"6,11 €/L","img":"https://fd5-photos.leclercdrive.fr/image.ashx?id=2137433&use=l&cat=p&typeid=i","cat":334872},{"id":157610,"n":"Bière Triple Ducasse 75cl","p":4.63,"u":"6,17 €/L","img":"https://fd5-photos.leclercdrive.fr/image.ashx?id=2123758&use=l&cat=p&typeid=i","cat":334872},{"id":157613,"n":"Eau infusée Volvic bio thé vert menthe - 75cl","p":1.4,"u":"1,87 €/L","img":"https://fd5-photos.leclercdrive.fr/image.ashx?id=2479063&use=l&cat=p&typeid=i","cat":284537},{"id":157628,"n":"Crème corps Mixa  Peaux Sèches, Sensibles - 400ml","p":4.6,"u":"11,50 €/L","img":"https://fd5-photos.leclercdrive.fr/image.ashx?id=2338432&use=l&cat=p&typeid=i","cat":325350},{"id":157638,"n":"Mon plateau apéro Gourmets charcutiers - 240g","p":5.22,"u":"21,75 €/KG","img":"https://fd5-photos.leclercdrive.fr/image.ashx?id=2123782&use=l&cat=p&typeid=i","cat":316007},{"id":157639,"n":"Mon assiette apéro Gourmets charcutiers - 200g","p":5.17,"u":"25,85 €/KG","img":"https://fd5-photos.leclercdrive.fr/image.ashx?id=2123785&use=l&cat=p&typeid=i","cat":316007},{"id":157666,"n":"Crusty nuggets de poulet Maître coq - 380g","p":4.9,"u":"12,89 €/KG","img":"https://fd5-photos.leclercdrive.fr/image.ashx?id=2373408&use=l&cat=p&typeid=i","cat":319780},{"id":157737,"n":"Lingettes Démaquillantes Nivea Peaux Sèches - x20","p":2.28,"u":"0,11 €/P","img":"https://fd5-photos.leclercdrive.fr/image.ashx?id=3005227&use=l&cat=p&typeid=i","cat":284603},{"id":157973,"n":"Capsules café Plantation Lungo Forte n°8 - x10 - 52g","p":2.24,"u":"43,08 €/KG","img":"https://fd5-photos.leclercdrive.fr/image.ashx?id=2867266&use=l&cat=p&typeid=i","cat":284749},{"id":158180,"n":"Crème de change Bio Jonzac 75ml","p":7.0,"u":"93,33 €/L","img":"https://fd5-photos.leclercdrive.fr/image.ashx?id=2751180&use=l&cat=p&typeid=i","cat":290387},{"id":158181,"n":"Gel Douche Le Petit Marseillais  Bio peche & nectarine-250ml","p":2.41,"u":"9,64 €/L","img":"https://fd5-photos.leclercdrive.fr/image.ashx?id=2685141&use=l&cat=p&typeid=i","cat":284594},{"id":158220,"n":"Rhum Havana Club 3 ans 37,5% vol - 70cl","p":15.2,"u":"21,71 €/L","img":"https://fd5-photos.leclercdrive.fr/image.ashx?id=2874096&use=l&cat=p&typeid=i","cat":284550},{"id":158316,"n":"Stick lèvres Dermophil Réparateur Protecteur- 2 pièces","p":6.64,"u":"415,00 €/KG","img":"https://fd5-photos.leclercdrive.fr/image.ashx?id=2939772&use=l&cat=p&typeid=i","cat":285485},{"id":158363,"n":"Crème Douche Surgras Bio Cadum Karité - 500ml","p":2.14,"u":"4,28 €/L","img":"https://fd5-photos.leclercdrive.fr/image.ashx?id=2575630&use=l&cat=p&typeid=i","cat":284594},{"id":158364,"n":"Whisky Ballantine's 7 ans Blended Scotch 40% vol - 70cl","p":18.95,"pp":15.16,"u":"21,66 €/L","img":"https://fd5-photos.leclercdrive.fr/image.ashx?id=3000366&use=l&cat=p&typeid=i","cat":284547},{"id":158390,"n":"Aiguillettes végétales HappyVore - 150g","p":3.3,"u":"22,00 €/KG","img":"https://fd5-photos.leclercdrive.fr/image.ashx?id=2787530&use=l&cat=p&typeid=i","cat":316036},{"id":158391,"n":"Nuggets végétaux HappyVore - 210g","p":3.32,"u":"15,81 €/KG","img":"https://fd5-photos.leclercdrive.fr/image.ashx?id=2965241&use=l&cat=p&typeid=i","cat":316036},{"id":158393,"n":"Chipolatas végétales HappyVore - 200g","p":3.37,"u":"16,85 €/KG","img":"https://fd5-photos.leclercdrive.fr/image.ashx?id=2736199&use=l&cat=p&typeid=i","cat":316036},{"id":158394,"n":"Merguez végétales HappyVore - 200g","p":3.38,"u":"16,90 €/KG","img":"https://fd5-photos.leclercdrive.fr/image.ashx?id=2736196&use=l&cat=p&typeid=i","cat":316036},{"id":158565,"n":"Whisky blender Monkey Shoulder 40%vol - 1L","p":35.57,"u":"35,57 €/L","img":"https://fd5-photos.leclercdrive.fr/image.ashx?id=2963874&use=l&cat=p&typeid=i","cat":284547},{"id":158569,"n":"Blanc de poulet Tradilège Sans nitrite - 4 Tranches 120g","p":1.45,"u":"12,08 €/KG","img":"https://fd5-photos.leclercdrive.fr/image.ashx?id=2970480&use=l&cat=p&typeid=i","cat":316010},{"id":158575,"n":"Single malt Scotch Glenfiddich Tripple Oak 40%vol - 70cl 12ans","p":32.53,"u":"46,47 €/L","img":"https://fd5-photos.leclercdrive.fr/image.ashx?id=2131596&use=l&cat=p&typeid=i","cat":284547},{"id":158588,"n":"Vin de France rouge Merlot Cabernet Sauvign.Cambras BIB 5L","p":13.87,"u":"2,77 €/L","img":"https://fd5-photos.leclercdrive.fr/image.ashx?id=2694587&use=l&cat=p&typeid=i","cat":289556},{"id":158715,"n":"Doomino St Michel Choco Noisette x6 - 180g","p":1.97,"u":"10,94 €/KG","img":"https://fd5-photos.leclercdrive.fr/image.ashx?id=2953495&use=l&cat=p&typeid=i","cat":284495},{"id":158732,"n":"Pâte à Tartiner Façon Rocher Sans Huile De Palme - 550g","p":6.29,"u":"11,44 €/KG","img":"https://fd5-photos.leclercdrive.fr/image.ashx?id=3010242&use=l&cat=p&typeid=i","cat":284481},{"id":158791,"n":"Poivre noir grain Ducros 200g - n°6","p":8.27,"u":"41,35 €/KG","img":"https://fd5-photos.leclercdrive.fr/image.ashx?id=2486599&use=l&cat=p&typeid=i","cat":284457},{"id":158805,"n":"Quinoa gourmand Tipiak Aux épices douces 240g","p":2.35,"u":"9,79 €/KG","img":"https://fd5-photos.leclercdrive.fr/image.ashx?id=2947054&use=l&cat=p&typeid=i","cat":284429},{"id":158806,"n":"Lait en poudre Blédilait Bébé 18 mois - 3 ans - 900g","p":11.35,"u":"12,61 €/KG","img":"https://fd5-photos.leclercdrive.fr/image.ashx?id=2458244&use=l&cat=p&typeid=i","cat":290219},{"id":158812,"n":"Nappage framboise Vahiné 155g","p":2.51,"u":"16,19 €/KG","img":"https://fd5-photos.leclercdrive.fr/image.ashx?id=2805267&use=l&cat=p&typeid=i","cat":284504},{"id":158815,"n":"Biscuits à thé Delacre Tea Time Boîte Assortiment - 500g","p":6.23,"u":"12,46 €/KG","img":"https://fd5-photos.leclercdrive.fr/image.ashx?id=2133524&use=l&cat=p&typeid=i","cat":284490},{"id":158834,"n":"Céréales Fitness Nature 475g","p":2.94,"u":"6,19 €/KG","img":"https://fd5-photos.leclercdrive.fr/image.ashx?id=2874084&use=l&cat=p&typeid=i","cat":309512},{"id":158891,"n":"Boisson aux fruits Jafun Tropical - 1L","p":1.19,"u":"1,19 €/L","img":"https://fd5-photos.leclercdrive.fr/image.ashx?id=2913763&use=l&cat=p&typeid=i","cat":295018},{"id":158917,"n":"Pâté de canard Jean Brunet A l'Armagnac - 180g","p":2.22,"u":"12,33 €/KG","img":"https://fd5-photos.leclercdrive.fr/image.ashx?id=2504647&use=l&cat=p&typeid=i","cat":305149},{"id":158937,"n":"Sauce Tikka Masala Patak's 450g","p":2.75,"u":"6,11 €/KG","img":"https://fd5-photos.leclercdrive.fr/image.ashx?id=2593698&use=l&cat=p&typeid=i","cat":289012},{"id":158970,"n":"Sauce Tomacouli Panzani - 200G","p":0.84,"u":"4,20 €/KG","img":"https://fd5-photos.leclercdrive.fr/image.ashx?id=2872853&use=l&cat=p&typeid=i","cat":288384},{"id":158977,"n":"Tripe Paul et Louise 400g","p":2.23,"u":"5,58 €/KG","img":"https://fd5-photos.leclercdrive.fr/image.ashx?id=2367565&use=l&cat=p&typeid=i","cat":284441},{"id":159067,"n":"Bière blonde Victoria 8,5% - 75cl","p":3.43,"u":"4,57 €/L","img":"https://fd5-photos.leclercdrive.fr/image.ashx?id=2157400&use=l&cat=p&typeid=i","cat":334872},{"id":159081,"n":"Rhum Havana Club Especial 37,5% vol - 70cl","p":16.6,"u":"23,71 €/L","img":"https://fd5-photos.leclercdrive.fr/image.ashx?id=2961311&use=l&cat=p&typeid=i","cat":284550},{"id":159209,"n":"Lasagne Lustucru Selection  250g","p":2.27,"u":"9,08 €/KG","img":"https://fd5-photos.leclercdrive.fr/image.ashx?id=2792396&use=l&cat=p&typeid=i","cat":333682},{"id":159317,"n":"Pastis de Marseille Duval 45d - 2L","p":35.26,"u":"17,63 €/L","img":"https://fd5-photos.leclercdrive.fr/image.ashx?id=2873372&use=l&cat=p&typeid=i","cat":284548},{"id":159343,"n":"Whisky Aerstone Land Cask 40d - 70cl","p":22.6,"pp":18.6,"u":"26,57 €/L","img":"https://fd5-photos.leclercdrive.fr/image.ashx?id=2834728&use=l&cat=p&typeid=i","cat":284547},{"id":159355,"n":"Whisky aerstone Sea Cask 40° - 70cl","p":22.6,"pp":18.6,"u":"26,57 €/L","img":"https://fd5-photos.leclercdrive.fr/image.ashx?id=2834725&use=l&cat=p&typeid=i","cat":284547},{"id":159394,"n":"Amandes émondées Vahiné 125g","p":4.02,"u":"32,16 €/KG","img":"https://fd5-photos.leclercdrive.fr/image.ashx?id=2606250&use=l&cat=p&typeid=i","cat":284357},{"id":159409,"n":"Amande éffilée grillée Vahiné 100g","p":4.22,"u":"42,20 €/KG","img":"https://fd5-photos.leclercdrive.fr/image.ashx?id=2387597&use=l&cat=p&typeid=i","cat":284357},{"id":159416,"n":"Thym Ducros Grand flacon - 85g","p":3.72,"u":"43,76 €/KG","img":"https://fd5-photos.leclercdrive.fr/image.ashx?id=2486557&use=l&cat=p&typeid=i","cat":298297},{"id":159505,"n":"Saké Miyako Nihonshu 72cl","p":16.63,"u":"23,10 €/L","img":"https://fd5-photos.leclercdrive.fr/image.ashx?id=2148675&use=l&cat=p&typeid=i","cat":284913},{"id":159522,"n":"Cremio Box Sodebo Jambon Emmental 280g","p":2.8,"u":"10,00 €/KG","img":"https://fd5-photos.leclercdrive.fr/image.ashx?id=2860196&use=l&cat=p&typeid=i","cat":334983},{"id":159537,"n":"Essuie-tout Abso Foxy Blanc 3 plis - 2 rouleaux","p":2.13,"u":"1,07 €/P","img":"https://fd5-photos.leclercdrive.fr/image.ashx?id=2793647&use=l&cat=p&typeid=i","cat":284635},{"id":159548,"n":"Veau haché BioYooji 6 mois - 80g","p":4.9,"u":"61,25 €/KG","img":"https://fd5-photos.leclercdrive.fr/image.ashx?id=2832260&use=l&cat=p&typeid=i","cat":290631},{"id":159627,"n":"Fromage Fol Epi  Originale 8 Tranches - 150g","p":2.1,"u":"14,00 €/KG","img":"https://fd5-photos.leclercdrive.fr/image.ashx?id=2456801&use=l&cat=p&typeid=i","cat":314028},{"id":159702,"n":"Piles alcalines Duracell Plus 9V 6LR61 MN1604 - x1","p":4.91,"img":"https://fd5-photos.leclercdrive.fr/image.ashx?id=2929113&use=l&cat=p&typeid=i","cat":300572},{"id":159708,"n":"Piles alcalines Duracell Plus 4,5V 3LR12 - x1","p":5.23,"img":"https://fd5-photos.leclercdrive.fr/image.ashx?id=2749850&use=l&cat=p&typeid=i","cat":300572},{"id":159720,"n":"Concentré coco bio  So Bio Etic Visage et corps - 125ml","p":10.89,"u":"87,12 €/L","img":"https://fd5-photos.leclercdrive.fr/image.ashx?id=2144803&use=l&cat=p&typeid=i","cat":325350},{"id":159721,"n":"Masque cheveux So Bio etic Karité & Cire Jojoba bio- 200ml","p":7.61,"u":"38,05 €/L","img":"https://fd5-photos.leclercdrive.fr/image.ashx?id=2144806&use=l&cat=p&typeid=i","cat":284608},{"id":159725,"n":"Déodorant spray bio I Love Bio Grenade - 100ml","p":6.29,"u":"62,90 €/L","img":"https://fd5-photos.leclercdrive.fr/image.ashx?id=2165440&use=l&cat=p&typeid=i","cat":284595},{"id":159731,"n":"Pomme Gala Bio Good Goût Gourde - 4x85g","p":3.62,"u":"10,65 €/KG","img":"https://fd5-photos.leclercdrive.fr/image.ashx?id=2736118&use=l&cat=p&typeid=i","cat":312387},{"id":159735,"n":"Pomme Framboise Bio Good Goût - Gourde - 120g","p":1.51,"u":"12,58 €/KG","img":"https://fd5-photos.leclercdrive.fr/image.ashx?id=2736103&use=l&cat=p&typeid=i","cat":312387},{"id":159736,"n":"Biscuits Animaux Good Goût Bio Huile essentielles Citron 80g","p":3.13,"u":"39,13 €/KG","img":"https://fd5-photos.leclercdrive.fr/image.ashx?id=2697216&use=l&cat=p&typeid=i","cat":312227},{"id":159737,"n":"Biscuits Bio - Good Goût  10 mois  - 80g","p":3.12,"u":"39,00 €/KG","img":"https://fd5-photos.leclercdrive.fr/image.ashx?id=2697219&use=l&cat=p&typeid=i","cat":312227},{"id":159738,"n":"Mini Baguettes Bio Good Goût Fromage Romarin - 10 mois - 70g","p":2.77,"u":"39,57 €/KG","img":"https://fd5-photos.leclercdrive.fr/image.ashx?id=2306192&use=l&cat=p&typeid=i","cat":312394},{"id":159875,"n":"Bières Florida Sunrise - Desperados - 3x33cL","p":5.02,"u":"15,21 €/L","img":"https://fd5-photos.leclercdrive.fr/image.ashx?id=2977972&use=l&cat=p&typeid=i","cat":334878},{"id":159892,"n":"Petits pots bébé P'TITE RECETTE Risotto 8M+ - 2x200g","p":2.07,"u":"5,18 €/KG","img":"https://fd5-photos.leclercdrive.fr/image.ashx?id=2737132&use=l&cat=p&typeid=i","cat":312236},{"id":159897,"n":"Fromage Enfant Kiri Crème 12 portions à tartiner - 216g","p":2.76,"u":"12,78 €/KG","img":"https://fd5-photos.leclercdrive.fr/image.ashx?id=2973565&use=l&cat=p&typeid=i","cat":314030},{"id":159921,"n":"Céréales Jordans Country Crisp Framboises - 500g","p":3.38,"u":"6,76 €/KG","img":"https://fd5-photos.leclercdrive.fr/image.ashx?id=2966773&use=l&cat=p&typeid=i","cat":309512},{"id":159950,"n":"Desserts Lactés P'TIT GOURMAND  BIO Cacao  6M+ - 4x90g","p":2.13,"u":"23,67 €/KG","img":"https://fd5-photos.leclercdrive.fr/image.ashx?id=2481691&use=l&cat=p&typeid=i","cat":312392},{"id":159952,"n":"Chocolat noir Côte d'Or Noix de pécan & Noisettes 180g","p":3.65,"u":"20,28 €/KG","img":"https://fd5-photos.leclercdrive.fr/image.ashx?id=2145346&use=l&cat=p&typeid=i","cat":284956},{"id":159953,"n":"Lait croissance GUIGOZ OPTIPRO  12M+ - 2x600g","p":13.08,"u":"10,90 €/KG","img":"https://fd5-photos.leclercdrive.fr/image.ashx?id=2811650&use=l&cat=p&typeid=i","cat":290219},{"id":159965,"n":"Capsules Starbucks by Nespresso  Colombia Int 7 - x18","p":6.05,"u":"59,90 €/KG","img":"https://fd5-photos.leclercdrive.fr/image.ashx?id=2668174&use=l&cat=p&typeid=i","cat":284749},{"id":159976,"n":"Repas Enfant Poulet Et Légumes  P'tite Recette - 2x200g","p":2.2,"u":"11,00 €/KG","img":"https://fd5-photos.leclercdrive.fr/image.ashx?id=2525723&use=l&cat=p&typeid=i","cat":312236},{"id":159985,"n":"Huile moteur Tech 9 10W40 Essence - 5L","p":18.4,"u":"3,68 €/L","img":"https://fd5-photos.leclercdrive.fr/image.ashx?id=2148770&use=l&cat=p&typeid=i","cat":298253},{"id":159987,"n":"Huile moteur Tech 9 15W40 Essence - 2L","p":7.98,"u":"3,99 €/L","img":"https://fd5-photos.leclercdrive.fr/image.ashx?id=2162669&use=l&cat=p&typeid=i","cat":298253},{"id":159989,"n":"Huile moteur Tech 9 15W49 Diesel - 5L","p":15.75,"u":"3,15 €/L","img":"https://fd5-photos.leclercdrive.fr/image.ashx?id=2162672&use=l&cat=p&typeid=i","cat":298253},{"id":160059,"n":"Slip coton stretch Dim Noir T7/XXXL - x3","p":22.97,"u":"7,66 €/P","img":"https://fd5-photos.leclercdrive.fr/image.ashx?id=2303450&use=l&cat=p&typeid=i","cat":291524},{"id":160101,"n":"Yaourt brassé Perle de Lait Panaché - 8x125g","p":3.3,"u":"3,30 €/KG","img":"https://fd5-photos.leclercdrive.fr/image.ashx?id=2989222&use=l&cat=p&typeid=i","cat":286006},{"id":160238,"n":"Nappage Fruits rouges Vahiné 155g","p":2.77,"u":"17,87 €/KG","img":"https://fd5-photos.leclercdrive.fr/image.ashx?id=2805270&use=l&cat=p&typeid=i","cat":284504},{"id":160264,"n":"Billes chocolatées Lindt Crispy Céréale grillée - 140g","p":2.87,"u":"20,50 €/KG","img":"https://fd5-photos.leclercdrive.fr/image.ashx?id=2208942&use=l&cat=p&typeid=i","cat":304238},{"id":160401,"n":"Cuisse de poulet Maitre Coq Jaune nourri mais - 2kg","p":7.99,"u":"4,00 €/KG","img":"https://fd5-photos.leclercdrive.fr/image.ashx?id=2855879&use=l&cat=p&typeid=i","cat":284336},{"id":160430,"n":"Lessive liquide sensitive Epsil 40 lavages - 2L","p":5.99,"u":"3,00 €/L","img":"https://fd5-photos.leclercdrive.fr/image.ashx?id=2838951&use=l&cat=p&typeid=i","cat":284640},{"id":160624,"n":"Kebab volaille veau Alsalor 800g","p":11.2,"u":"14,00 €/KG","img":"https://fd5-photos.leclercdrive.fr/image.ashx?id=2159421&use=l&cat=p&typeid=i","cat":null},{"id":160725,"n":"Asperges blanches Géant Vert grosses - 205g","p":3.55,"u":"17,32 €/KG","img":"https://fd5-photos.leclercdrive.fr/image.ashx?id=2840551&use=l&cat=p&typeid=i","cat":312611},{"id":161006,"n":"Mayonnaise Bénédicta Nature - 585g","p":2.85,"u":"4,87 €/KG","img":"https://fd5-photos.leclercdrive.fr/image.ashx?id=2889664&use=l&cat=p&typeid=i","cat":298295},{"id":161007,"n":"Mayonnaise Bénédicta Nature - 400g","p":2.5,"u":"6,25 €/KG","img":"https://fd5-photos.leclercdrive.fr/image.ashx?id=2548237&use=l&cat=p&typeid=i","cat":298295},{"id":161093,"n":"Nettoyant ménager La Croix  spray cuisine sans javel- 500ml","p":2.25,"u":"4,50 €/L","img":"https://fd5-photos.leclercdrive.fr/image.ashx?id=2676918&use=l&cat=p&typeid=i","cat":325357},{"id":161098,"n":"Shampooing solide Bionaîa Cheveux normaux bio - 85g","p":2.99,"u":"35,18 €/KG","img":"https://fd5-photos.leclercdrive.fr/image.ashx?id=2835214&use=l&cat=p&typeid=i","cat":284606},{"id":161105,"n":"Morceaux de thon Petit Navire 2x112g","p":3.72,"u":"16,61 €/KG","img":"https://fd5-photos.leclercdrive.fr/image.ashx?id=2785130&use=l&cat=p&typeid=i","cat":303867},{"id":161121,"n":"Boisson aromatisée Vin rosé Pamplemousse 7.5% vol - BIB 3L","p":7.98,"u":"2,66 €/L","img":"https://fd5-photos.leclercdrive.fr/image.ashx?id=2958528&use=l&cat=p&typeid=i","cat":304569},{"id":161123,"n":"Boisson aux fruits Jafun Fraise Framboise - 2L","p":2.12,"u":"1,06 €/L","img":"https://fd5-photos.leclercdrive.fr/image.ashx?id=2865287&use=l&cat=p&typeid=i","cat":295018},{"id":161126,"n":"Boisson aux fruits Jafun Multifruits - 2L","p":1.99,"u":"1,00 €/L","img":"https://fd5-photos.leclercdrive.fr/image.ashx?id=2897832&use=l&cat=p&typeid=i","cat":295018},{"id":161131,"n":"Boisson à base de fruits Jafun Pomme Kiwi - 2L","p":2.6,"u":"1,30 €/L","img":"https://fd5-photos.leclercdrive.fr/image.ashx?id=2865299&use=l&cat=p&typeid=i","cat":295018},{"id":161167,"n":"Beef-Stick Vitakraft Gibier - 48g","p":2.04,"u":"42,50 €/KG","img":"https://fd5-photos.leclercdrive.fr/image.ashx?id=2859755&use=l&cat=p&typeid=i","cat":294527},{"id":161168,"n":"Beef-Stick Vitakraft Dinde - 48g","p":2.0,"u":"41,67 €/KG","img":"https://fd5-photos.leclercdrive.fr/image.ashx?id=2184323&use=l&cat=p&typeid=i","cat":294527},{"id":161432,"n":"Lessive liquide Briochin Peaux sensibles - 2,27L","p":7.88,"u":"3,47 €/L","img":"https://fd5-photos.leclercdrive.fr/image.ashx?id=3000770&use=l&cat=p&typeid=i","cat":284640},{"id":161433,"n":"Dragibus Doypack Haribo Sachet bonbons - 220g","p":1.68,"u":"7,64 €/KG","img":"https://fd5-photos.leclercdrive.fr/image.ashx?id=2984940&use=l&cat=p&typeid=i","cat":304250},{"id":161434,"n":"Lessive détachante savon noir  50 lavages - 2,27L","p":7.92,"u":"3,49 €/L","img":"https://fd5-photos.leclercdrive.fr/image.ashx?id=3000767&use=l&cat=p&typeid=i","cat":284640},{"id":161437,"n":"Happy Cola Pik Haribo Sachet bonbons acidulés - 200g","p":1.9,"u":"9,50 €/KG","img":"https://fd5-photos.leclercdrive.fr/image.ashx?id=2984928&use=l&cat=p&typeid=i","cat":304250},{"id":161444,"n":"Déodorant Anti-Traces Grenade - Monsavon - x1","p":1.86,"img":"https://fd5-photos.leclercdrive.fr/image.ashx?id=2630847&use=l&cat=p&typeid=i","cat":284595},{"id":161619,"n":"IGP pâtes Grand-Mère Coquillettes - 500g","p":1.93,"u":"3,86 €/KG","img":"https://fd5-photos.leclercdrive.fr/image.ashx?id=2191993&use=l&cat=p&typeid=i","cat":284427},{"id":161709,"n":"Déodorant bille Men Expert Thermic Resist - 50ml","p":2.59,"u":"51,80 €/L","img":"https://fd5-photos.leclercdrive.fr/image.ashx?id=2300518&use=l&cat=p&typeid=i","cat":284618},{"id":161734,"n":"Anneaux de calamars Costa A la romaine - 400g","p":4.85,"u":"12,13 €/KG","img":"https://fd5-photos.leclercdrive.fr/image.ashx?id=2160920&use=l&cat=p&typeid=i","cat":319788},{"id":161809,"n":"Lait Solaire Soleil des Iles au monoï Spray IP50 - 150ml","p":10.4,"u":"69,33 €/L","img":"https://fd5-photos.leclercdrive.fr/image.ashx?id=2161675&use=l&cat=p&typeid=i","cat":325355},{"id":161862,"n":"Tartelettes sablées  3 Toques x9 - 216g","p":3.21,"u":"14,86 €/KG","img":"https://fd5-photos.leclercdrive.fr/image.ashx?id=2164330&use=l&cat=p&typeid=i","cat":284487},{"id":161865,"n":"Bière \"La Mont Noire\" Blonde - 7%vol. - 75cl","p":3.27,"u":"4,36 €/L","img":"https://fd5-photos.leclercdrive.fr/image.ashx?id=2164984&use=l&cat=p&typeid=i","cat":334872},{"id":161891,"n":"Pain burger Beau & Bon Harry's Brioché x4 - 300g","p":1.95,"u":"6,50 €/KG","img":"https://fd5-photos.leclercdrive.fr/image.ashx?id=2526830&use=l&cat=p&typeid=i","cat":325067},{"id":161911,"n":"AOP Vin Rouge Bordeaux Château Tertre de Leyle75cl","p":4.5,"u":"6,00 €/L","img":"https://fd5-photos.leclercdrive.fr/image.ashx?id=2191677&use=l&cat=p&typeid=i","cat":289556},{"id":161913,"n":"Rhum vieux Saint-James AOC - 42%vol - 70cl","p":23.14,"u":"33,06 €/L","img":"https://fd5-photos.leclercdrive.fr/image.ashx?id=2164288&use=l&cat=p&typeid=i","cat":284550},{"id":161915,"n":"Boisson tropical brick Jafun 6x20cl","p":2.19,"u":"1,83 €/L","img":"https://fd5-photos.leclercdrive.fr/image.ashx?id=2529617&use=l&cat=p&typeid=i","cat":295018},{"id":162161,"n":"Compotes Pom'Potes Gourdes  5 Fruits Rouges&Jaunes -12x90g","p":5.86,"u":"5,43 €/KG","img":"https://fd5-photos.leclercdrive.fr/image.ashx?id=3010945&use=l&cat=p&typeid=i","cat":284508},{"id":162162,"n":"Compotes Pom'Potes Gourdes  5 Fruits Jaunes&Exotiq - 20x90g","p":8.15,"u":"4,53 €/KG","img":"https://fd5-photos.leclercdrive.fr/image.ashx?id=2883411&use=l&cat=p&typeid=i","cat":284508},{"id":162163,"n":"Compotes Pom'Potes Gourdes  Pomme, Pomme Fraise - 12x90g","p":6.31,"u":"5,84 €/KG","img":"https://fd5-photos.leclercdrive.fr/image.ashx?id=3007927&use=l&cat=p&typeid=i","cat":284508},{"id":162164,"n":"Compotes Pom'Potes Gourdes 5 Fruits Exotiques&Vert -12x90g","p":5.94,"u":"5,50 €/KG","img":"https://fd5-photos.leclercdrive.fr/image.ashx?id=3010948&use=l&cat=p&typeid=i","cat":284508},{"id":162165,"n":"Compotes Materne Coupelles   MultiFruits Exotique - 12x100g","p":4.85,"u":"4,04 €/KG","img":"https://fd5-photos.leclercdrive.fr/image.ashx?id=3010873&use=l&cat=p&typeid=i","cat":284508},{"id":162175,"n":"Pancakes chocolat Whaou! x7 - 259g","p":2.28,"u":"8,80 €/KG","img":"https://fd5-photos.leclercdrive.fr/image.ashx?id=2740652&use=l&cat=p&typeid=i","cat":284495},{"id":162250,"n":"AOP Alsace Gewurztraminer Vendanges tardives - 50cl","p":14.5,"u":"29,00 €/L","img":"https://fd5-photos.leclercdrive.fr/image.ashx?id=2167386&use=l&cat=p&typeid=i","cat":289557},{"id":162257,"n":"Boisson pétillante Kidibul Pomme tropical - 75cl","p":2.89,"pp":1.91,"u":"2,55 €/L","img":"https://fd5-photos.leclercdrive.fr/image.ashx?id=2766063&use=l&cat=p&typeid=i","cat":289460},{"id":162271,"n":"Tablette de chocolat noir Lindt Intense 70% - 2x200g","p":6.46,"pp":4.26,"u":"10,65 €/KG","img":"https://fd5-photos.leclercdrive.fr/image.ashx?id=2208936&use=l&cat=p&typeid=i","cat":285562},{"id":162274,"n":"Sauce Crudités Benedicta  Nature légère - 295g","p":1.86,"u":"6,31 €/KG","img":"https://fd5-photos.leclercdrive.fr/image.ashx?id=2755206&use=l&cat=p&typeid=i","cat":284456},{"id":162407,"n":"Lasagnes à la bolognaise L'Atelier Traiteur - 900g","p":7.29,"u":"8,10 €/KG","img":"https://fd5-photos.leclercdrive.fr/image.ashx?id=2572493&use=l&cat=p&typeid=i","cat":333666},{"id":162497,"n":"Changes Pampers Hybrid Starter Kit - x1 couche + 15 inserts","p":23.11,"u":"1,16 €/P","img":"https://fd5-photos.leclercdrive.fr/image.ashx?id=2355995&use=l&cat=p&typeid=i","cat":284737},{"id":162504,"n":"Blocs sel pour adoucisseur Axal 7.5kg","p":5.72,"u":"0,76 €/KG","img":"https://fd5-photos.leclercdrive.fr/image.ashx?id=2192017&use=l&cat=p&typeid=i","cat":335918},{"id":162571,"n":"Sauce apéritif Doritos Goût fromage -280g","p":2.27,"u":"8,11 €/KG","img":"https://fd5-photos.leclercdrive.fr/image.ashx?id=2170208&use=l&cat=p&typeid=i","cat":284451},{"id":162583,"n":"Thon entier MSC Saupiquet Nature - 93g","p":1.87,"u":"20,11 €/KG","img":"https://fd5-photos.leclercdrive.fr/image.ashx?id=2731546&use=l&cat=p&typeid=i","cat":303867},{"id":162588,"n":"Thon entier MSC Saupiquet Nature - 2x93g","p":4.04,"u":"21,72 €/KG","img":"https://fd5-photos.leclercdrive.fr/image.ashx?id=2860886&use=l&cat=p&typeid=i","cat":303867},{"id":162596,"n":"Boisson aux fruits Jafun Orange - 2L","p":1.49,"u":"0,75 €/L","img":"https://fd5-photos.leclercdrive.fr/image.ashx?id=2897829&use=l&cat=p&typeid=i","cat":295018},{"id":162597,"n":"Lait concentré Régilait Sucré demi-écrémé - 300g","p":1.69,"u":"5,63 €/KG","img":"https://fd5-photos.leclercdrive.fr/image.ashx?id=2169956&use=l&cat=p&typeid=i","cat":293236},{"id":162611,"n":"Parmentier de canard L'Atelier Traiteur - 750g","p":7.79,"u":"10,39 €/KG","img":"https://fd5-photos.leclercdrive.fr/image.ashx?id=2895807&use=l&cat=p&typeid=i","cat":333666},{"id":162720,"n":"Dentifrice Sensodyne Extra fresh - 2x 75ml","p":7.25,"u":"48,33 €/L","img":"https://fd5-photos.leclercdrive.fr/image.ashx?id=2829913&use=l&cat=p&typeid=i","cat":284612},{"id":163021,"n":"Biscuits Knoppers Lait / Noisettes - 6x25g","p":2.01,"u":"13,40 €/KG","img":"https://fd5-photos.leclercdrive.fr/image.ashx?id=2659151&use=l&cat=p&typeid=i","cat":284488},{"id":163033,"n":"Tablette chocolat Villars Lait - 100g","p":2.64,"u":"26,40 €/KG","img":"https://fd5-photos.leclercdrive.fr/image.ashx?id=2464318&use=l&cat=p&typeid=i","cat":284497},{"id":163115,"n":"Piles alcalines Duracell MX1500 Optimum Type AA/LR06 1,5V - x4","p":7.16,"u":"1,79 €/P","img":"https://fd5-photos.leclercdrive.fr/image.ashx?id=2941823&use=l&cat=p&typeid=i","cat":300572},{"id":163133,"n":"Bière ambrée Kwak 8.4% - 75cl","p":4.6,"u":"6,13 €/L","img":"https://fd5-photos.leclercdrive.fr/image.ashx?id=2948423&use=l&cat=p&typeid=i","cat":334872},{"id":163143,"n":"Dragibus Soft Haribo Sachet bonbons - 300g","p":1.24,"u":"4,13 €/KG","img":"https://fd5-photos.leclercdrive.fr/image.ashx?id=2806123&use=l&cat=p&typeid=i","cat":304250},{"id":163144,"n":"Piles alcalines Duracell MN2400 Optimum AAA/LR03 1,5V - x4","p":7.12,"u":"1,78 €/P","img":"https://fd5-photos.leclercdrive.fr/image.ashx?id=2929095&use=l&cat=p&typeid=i","cat":300572},{"id":163145,"n":"Dragibus Original Haribo Multipack bonbons - 250g","p":1.7,"u":"6,80 €/KG","img":"https://fd5-photos.leclercdrive.fr/image.ashx?id=2984943&use=l&cat=p&typeid=i","cat":304250},{"id":163147,"n":"Bonbons Haribo Dragolo - 750g","p":4.3,"u":"5,73 €/KG","img":"https://fd5-photos.leclercdrive.fr/image.ashx?id=2803586&use=l&cat=p&typeid=i","cat":304250},{"id":163179,"n":"Piles alcalines Duracell Plus C/LR14 1.5V MN1400 - x4","p":9.19,"u":"2,30 €/P","img":"https://fd5-photos.leclercdrive.fr/image.ashx?id=2929104&use=l&cat=p&typeid=i","cat":300572},{"id":163180,"n":"Piles alcalines Duracell Plus D/LR20 1.5V MN1300 - x4","p":9.25,"u":"2,31 €/P","img":"https://fd5-photos.leclercdrive.fr/image.ashx?id=2929110&use=l&cat=p&typeid=i","cat":300572},{"id":163236,"n":"Rasoir Gillette Proglide 5 lames - 1 pièce","p":17.84,"img":"https://fd5-photos.leclercdrive.fr/image.ashx?id=2463137&use=l&cat=p&typeid=i","cat":284616},{"id":163239,"n":"Dentifrice Sensodyne Rapide action extra fresh 75ml","p":5.13,"u":"68,40 €/L","img":"https://fd5-photos.leclercdrive.fr/image.ashx?id=2237349&use=l&cat=p&typeid=i","cat":284612},{"id":163324,"n":"Assiettes plates Homeside 23 cm grise sans film PE - x20","p":1.96,"u":"0,10 €/P","img":"https://fd5-photos.leclercdrive.fr/image.ashx?id=2177391&use=l&cat=p&typeid=i","cat":334134},{"id":163370,"n":"Thon entier Petit Navire MSC Nature - 3x112g","p":8.36,"u":"24,88 €/KG","img":"https://fd5-photos.leclercdrive.fr/image.ashx?id=2521921&use=l&cat=p&typeid=i","cat":303867},{"id":163413,"n":"Brossettes Efiseptyl Clean Expert 0.7mm - 1 pièce","p":3.84,"img":"https://fd5-photos.leclercdrive.fr/image.ashx?id=2928402&use=l&cat=p&typeid=i","cat":285159},{"id":163414,"n":"Brossettes Efiseptyl Clean Expert 0.9mm - 1 pièce","p":4.09,"img":"https://fd5-photos.leclercdrive.fr/image.ashx?id=2928405&use=l&cat=p&typeid=i","cat":285159},{"id":163420,"n":"Smarties Mini Bonbons Chocolats 21 boites - 315g","p":3.8,"u":"12,06 €/KG","img":"https://fd5-photos.leclercdrive.fr/image.ashx?id=2740862&use=l&cat=p&typeid=i","cat":304238},{"id":163613,"n":"Mozzarella fromage râpé  Les Croisés - 150g","p":1.39,"u":"9,27 €/KG","img":"https://fd5-photos.leclercdrive.fr/image.ashx?id=2178848&use=l&cat=p&typeid=i","cat":314035},{"id":163706,"n":"Poisson Pané Cabillaud MSC Façon Fish & Chips x4 - 400g","p":6.74,"u":"16,85 €/KG","img":"https://fd5-photos.leclercdrive.fr/image.ashx?id=2985351&use=l&cat=p&typeid=i","cat":319788},{"id":163749,"n":"Mousseline Purina Gourmet Boeuf nappé de sauce - 4x57g","p":2.96,"u":"12,98 €/KG","img":"https://fd5-photos.leclercdrive.fr/image.ashx?id=2861773&use=l&cat=p&typeid=i","cat":285286},{"id":163750,"n":"Mousseline Purina Gourmet Poulet nappé de sauce - 4x57g","p":3.0,"u":"13,16 €/KG","img":"https://fd5-photos.leclercdrive.fr/image.ashx?id=2864197&use=l&cat=p&typeid=i","cat":285286},{"id":163931,"n":"Chiffonnade de chorizo L'Atelier Charcuterie - 80g","p":2.09,"u":"26,13 €/KG","img":"https://fd5-photos.leclercdrive.fr/image.ashx?id=2846577&use=l&cat=p&typeid=i","cat":316007},{"id":164235,"n":"Bière Triple Lefort 75cl","p":4.95,"u":"6,60 €/L","img":"https://fd5-photos.leclercdrive.fr/image.ashx?id=2398682&use=l&cat=p&typeid=i","cat":334872},{"id":164367,"n":"Pizza Turini 4 fromages - 200g","p":1.31,"u":"6,55 €/KG","img":"https://fd5-photos.leclercdrive.fr/image.ashx?id=2839941&use=l&cat=p&typeid=i","cat":333679},{"id":164394,"n":"Compotes Pom'Potes Gourdes  Pomme Poire Banane - 32x90g","p":12.83,"u":"4,45 €/KG","img":"https://fd5-photos.leclercdrive.fr/image.ashx?id=3010936&use=l&cat=p&typeid=i","cat":284508},{"id":164448,"n":"Yaourt à la Grecque Yaos Coco - 4x125g + 2 offert","p":2.07,"u":"4,14 €/KG","img":"https://fd5-photos.leclercdrive.fr/image.ashx?id=2817314&use=l&cat=p&typeid=i","cat":314999},{"id":164449,"n":"Yaourt à la Grecque Yaos Citron - 4x125g + 2 offerts","p":2.07,"u":"2,76 €/KG","img":"https://fd5-photos.leclercdrive.fr/image.ashx?id=2561631&use=l&cat=p&typeid=i","cat":314999},{"id":164567,"n":"Eau nettoyante Cadum Bébé  Douceur - 750ml","p":3.3,"u":"4,40 €/L","img":"https://fd5-photos.leclercdrive.fr/image.ashx?id=2278451&use=l&cat=p&typeid=i","cat":284741},{"id":164569,"n":"Gel nettoyant Cadum Bébé  Corps et Cheveux - 750ml","p":3.3,"u":"4,40 €/L","img":"https://fd5-photos.leclercdrive.fr/image.ashx?id=2377799&use=l&cat=p&typeid=i","cat":284740},{"id":164581,"n":"Démaquillant Maybelline  Lotion fraîcheur yeux - 150ml","p":2.35,"u":"15,67 €/L","img":"https://fd5-photos.leclercdrive.fr/image.ashx?id=2505657&use=l&cat=p&typeid=i","cat":284603},{"id":164583,"n":"Gel Lavant enfant Cadum Corps & cheveux - 750ml","p":4.13,"u":"5,51 €/L","img":"https://fd5-photos.leclercdrive.fr/image.ashx?id=2839496&use=l&cat=p&typeid=i","cat":284594},{"id":164584,"n":"Crème Douche surgras Cadum Beurre de Karité - 750ml","p":3.29,"u":"4,39 €/L","img":"https://fd5-photos.leclercdrive.fr/image.ashx?id=2395020&use=l&cat=p&typeid=i","cat":284594},{"id":164598,"n":"40 sacs congélation Alfapac avec lien Moyen modèle","p":1.95,"u":"0,05 €/P","img":"https://fd5-photos.leclercdrive.fr/image.ashx?id=2918700&use=l&cat=p&typeid=i","cat":334134},{"id":164605,"n":"Blended whisky ECO+ 40% - 1L","p":15.44,"u":"15,44 €/L","img":"https://fd5-photos.leclercdrive.fr/image.ashx?id=2907147&use=l&cat=p&typeid=i","cat":284547},{"id":164606,"n":"Rhum blanc DOM 40° - 70cl","p":9.11,"u":"13,01 €/L","img":"https://fd5-photos.leclercdrive.fr/image.ashx?id=2188772&use=l&cat=p&typeid=i","cat":284550},{"id":164650,"n":"Soupe liquide brique Liebig  Chinoise - 2x30cl","p":2.25,"u":"3,75 €/L","img":"https://fd5-photos.leclercdrive.fr/image.ashx?id=2189727&use=l&cat=p&typeid=i","cat":284462},{"id":164843,"n":"Soupe cresson cerfeuil Ferme d'Anchin - 98.5cl","p":4.99,"u":"5,07 €/L","img":"https://fd5-photos.leclercdrive.fr/image.ashx?id=2937238&use=l&cat=p&typeid=i","cat":284355},{"id":164869,"n":"Raclette nature pasteurisée L'Atelier Fromagerie - 250g","p":3.39,"u":"13,56 €/KG","img":"https://fd5-photos.leclercdrive.fr/image.ashx?id=2856362&use=l&cat=p&typeid=i","cat":314036},{"id":164870,"n":"Raclette au poivre pasteurisée L'Atelier Fromagerie - 250g","p":3.75,"u":"15,00 €/KG","img":"https://fd5-photos.leclercdrive.fr/image.ashx?id=2856365&use=l&cat=p&typeid=i","cat":314036},{"id":164871,"n":"Raclette fumée pasteurisée L'Atelier Fromagerie - 250g","p":3.75,"u":"15,00 €/KG","img":"https://fd5-photos.leclercdrive.fr/image.ashx?id=2856368&use=l&cat=p&typeid=i","cat":314036},{"id":165040,"n":"Diffuseur Glade avec bâtonnets Orange & Néroli - 80ml","p":7.13,"u":"89,13 €/L","img":"https://fd5-photos.leclercdrive.fr/image.ashx?id=2867710&use=l&cat=p&typeid=i","cat":311627},{"id":165041,"n":"Diffuseur Glade avec bâtonnets Bergamote & Citronnelle - 80ml","p":6.81,"img":"https://fd5-photos.leclercdrive.fr/image.ashx?id=2867181&use=l&cat=p&typeid=i","cat":311627},{"id":165045,"n":"Dentifrice Sensodyne Multi-protection - 75ml","p":4.81,"u":"64,13 €/L","img":"https://fd5-photos.leclercdrive.fr/image.ashx?id=2922110&use=l&cat=p&typeid=i","cat":284612},{"id":165053,"n":"Lingettes nettoyantes Dettol 2 en 1 - x12","p":2.07,"u":"0,17 €/P","img":"https://fd5-photos.leclercdrive.fr/image.ashx?id=2599931&use=l&cat=p&typeid=i","cat":284630},{"id":165062,"n":"Gel Lubrifiant Intime Cherry Arome Cerise Durex 100ml","p":9.03,"u":"90,30 €/L","img":"https://fd5-photos.leclercdrive.fr/image.ashx?id=2960696&use=l&cat=p&typeid=i","cat":285160},{"id":165105,"n":"Percabonate de soude en sac Recharge - 2kg","p":16.89,"u":"8,45 €/KG","img":"https://fd5-photos.leclercdrive.fr/image.ashx?id=2193620&use=l&cat=p&typeid=i","cat":325365},{"id":165151,"n":"Bonbons Soda-Fizz Lutti - 180G","p":1.5,"u":"8,33 €/KG","img":"https://fd5-photos.leclercdrive.fr/image.ashx?id=2815025&use=l&cat=p&typeid=i","cat":304250},{"id":165656,"n":"Diffuseur Glade avec bâtonnets Lavandin & Santal - 80ml","p":6.94,"u":"86,75 €/L","img":"https://fd5-photos.leclercdrive.fr/image.ashx?id=2266083&use=l&cat=p&typeid=i","cat":311627},{"id":165666,"n":"Confitures Léonce Blanc 70% 4 agrumes - 320g","p":2.67,"u":"8,34 €/KG","img":"https://fd5-photos.leclercdrive.fr/image.ashx?id=2362591&use=l&cat=p&typeid=i","cat":284480},{"id":165670,"n":"Tête de recharge Dentamyl Brosse à dent médium - x3","p":1.0,"u":"0,33 €/P","img":"https://fd5-photos.leclercdrive.fr/image.ashx?id=2791018&use=l&cat=p&typeid=i","cat":284614},{"id":165671,"n":"Tête de recharge Dentamyl Brosse à dent dure - x3","p":1.0,"u":"0,33 €/P","img":"https://fd5-photos.leclercdrive.fr/image.ashx?id=2791021&use=l&cat=p&typeid=i","cat":284614},{"id":165678,"n":"Crème Whisky Baileys Caramel salé 17% vol - 70cl","p":12.98,"u":"18,54 €/L","img":"https://fd5-photos.leclercdrive.fr/image.ashx?id=2351475&use=l&cat=p&typeid=i","cat":286032},{"id":165690,"n":"Gel douche bio Ushuaïa Vanille - 250ml","p":3.12,"u":"12,48 €/L","img":"https://fd5-photos.leclercdrive.fr/image.ashx?id=2439326&use=l&cat=p&typeid=i","cat":284594},{"id":165801,"n":"Sauce bolognaise Eco+ 420g","p":1.13,"u":"2,69 €/KG","img":"https://fd5-photos.leclercdrive.fr/image.ashx?id=2634845&use=l&cat=p&typeid=i","cat":287599},{"id":166172,"n":"Piano touches magiques Dès 6 mois","p":19.5,"u":"Dont 0,10 € d'éco-part.","img":"https://fd5-photos.leclercdrive.fr/image.ashx?id=2222377&use=l&cat=p&typeid=i","cat":334379},{"id":166221,"n":"Acide citrique Biovie 350g","p":5.29,"u":"15,11 €/KG","img":"https://fd5-photos.leclercdrive.fr/image.ashx?id=2997007&use=l&cat=p&typeid=i","cat":325365},{"id":166377,"n":"Lessive eco-recharge Uni Vert Fleur x30 lavages - 1,05L","p":4.12,"u":"3,92 €/L","img":"https://fd5-photos.leclercdrive.fr/image.ashx?id=2838942&use=l&cat=p&typeid=i","cat":284640},{"id":166380,"n":"AOP Champagne Brut G.H. Martel Argent - 75cl","p":24.54,"u":"32,72 €/L","img":"https://fd5-photos.leclercdrive.fr/image.ashx?id=2204309&use=l&cat=p&typeid=i","cat":284542},{"id":166383,"n":"AOP Champagne rosé G.H. Martel Argent - 75cl","p":24.54,"u":"32,72 €/L","img":"https://fd5-photos.leclercdrive.fr/image.ashx?id=2204318&use=l&cat=p&typeid=i","cat":284542},{"id":166399,"n":"AOC Jurançon blanc Matayac Petit et Gros Manseng - 75cl","p":7.9,"u":"10,53 €/L","img":"https://fd5-photos.leclercdrive.fr/image.ashx?id=2792324&use=l&cat=p&typeid=i","cat":289557},{"id":166404,"n":"Lessive eco-recharge Uni Vert  Aloe Vera x42 lavages - 1.5L","p":5.91,"u":"3,94 €/L","img":"https://fd5-photos.leclercdrive.fr/image.ashx?id=2838954&use=l&cat=p&typeid=i","cat":284640},{"id":166419,"n":"Signature Patato Pops McCain Pommes de terre - 650g","p":2.45,"u":"3,77 €/KG","img":"https://fd5-photos.leclercdrive.fr/image.ashx?id=2752233&use=l&cat=p&typeid=i","cat":319792},{"id":166460,"n":"Shampoing solide Ultra Doux Cheveux fragiles à secs - 60g","p":4.25,"u":"70,83 €/KG","img":"https://fd5-photos.leclercdrive.fr/image.ashx?id=2647095&use=l&cat=p&typeid=i","cat":284606},{"id":166478,"n":"Démaquillant Maybelline  Waterproof biphase 2en1 - 150ml","p":2.54,"u":"16,93 €/L","img":"https://fd5-photos.leclercdrive.fr/image.ashx?id=2278169&use=l&cat=p&typeid=i","cat":284603},{"id":166486,"n":"Nectar Fruits du Verger Jafaden Sans sucre ajouté - 1L","p":1.59,"u":"1,59 €/L","img":"https://fd5-photos.leclercdrive.fr/image.ashx?id=2919658&use=l&cat=p&typeid=i","cat":284521},{"id":166654,"n":"1ère Crème lavante bébé Uriage Flacon pompe - 500ml","p":9.05,"u":"18,10 €/L","img":"https://fd5-photos.leclercdrive.fr/image.ashx?id=2735455&use=l&cat=p&typeid=i","cat":290425},{"id":166655,"n":"1ère Crème lavante bébé Uriage Flacon pompe - 1L","p":10.0,"u":"10,00 €/L","img":"https://fd5-photos.leclercdrive.fr/image.ashx?id=2209531&use=l&cat=p&typeid=i","cat":290425},{"id":166656,"n":"1ère eau nettoyante bébé Uriage Flacon pompe - 500ml","p":7.66,"u":"15,32 €/L","img":"https://fd5-photos.leclercdrive.fr/image.ashx?id=2689970&use=l&cat=p&typeid=i","cat":290425},{"id":166657,"n":"1ère eau nettoyante bébé Uriage Flacon pompe - 1L","p":9.9,"u":"9,90 €/L","img":"https://fd5-photos.leclercdrive.fr/image.ashx?id=2209537&use=l&cat=p&typeid=i","cat":290425},{"id":166665,"n":"Correcteur intensif SVR Sebiaclear Active Gel - 40ml","p":8.47,"u":"211,75 €/L","img":"https://fd5-photos.leclercdrive.fr/image.ashx?id=2965139&use=l&cat=p&typeid=i","cat":291166},{"id":166675,"n":"Confiture Douceur du Verger Abricot - 370g","p":1.27,"u":"3,43 €/KG","img":"https://fd5-photos.leclercdrive.fr/image.ashx?id=2965569&use=l&cat=p&typeid=i","cat":284480},{"id":166687,"n":"Yaourt protéiné Hipro 0%mg  Banane beurre cacahuète -2x160g","p":2.01,"u":"6,28 €/KG","img":"https://fd5-photos.leclercdrive.fr/image.ashx?id=2807426&use=l&cat=p&typeid=i","cat":315000},{"id":166714,"n":"Jambon avec couenne Le Foué  4 tranches - 260g","p":4.77,"u":"18,35 €/KG","img":"https://fd5-photos.leclercdrive.fr/image.ashx?id=2526785&use=l&cat=p&typeid=i","cat":316009},{"id":166723,"n":"Palermo Bianco Apéritif sans alcool - 1L","p":3.11,"u":"3,11 €/L","img":"https://fd5-photos.leclercdrive.fr/image.ashx?id=2210419&use=l&cat=p&typeid=i","cat":284549},{"id":166750,"n":"Lessive concentrée Epsil Printemps x28 - 980ml","p":3.29,"u":"3,36 €/L","img":"https://fd5-photos.leclercdrive.fr/image.ashx?id=2450155&use=l&cat=p&typeid=i","cat":284640},{"id":166753,"n":"Apéritif Apérol Spritz 12.5% vol - 1L","p":14.43,"u":"14,43 €/L","img":"https://fd5-photos.leclercdrive.fr/image.ashx?id=2957287&use=l&cat=p&typeid=i","cat":286032},{"id":166754,"n":"Spéculoos pocket P'tit Déli 168g","p":0.85,"u":"5,06 €/KG","img":"https://fd5-photos.leclercdrive.fr/image.ashx?id=2245598&use=l&cat=p&typeid=i","cat":284487},{"id":166757,"n":"Filet de poulet rôti Fleury Michon sans nitrite x6 - 160g","p":2.6,"u":"16,25 €/KG","img":"https://fd5-photos.leclercdrive.fr/image.ashx?id=2954830&use=l&cat=p&typeid=i","cat":316010},{"id":166759,"n":"Filet poulet rôti Fleury Michon  sans nitrite x4 - 116g","p":1.98,"u":"17,07 €/KG","img":"https://fd5-photos.leclercdrive.fr/image.ashx?id=2955173&use=l&cat=p&typeid=i","cat":316010},{"id":166819,"n":"Sucre en poudre Tablier Blanc 1kg","p":1.53,"u":"1,53 €/KG","img":"https://fd5-photos.leclercdrive.fr/image.ashx?id=3010434&use=l&cat=p&typeid=i","cat":284502},{"id":166839,"n":"Fruits de mer Hamlet Chocolat praliné - 250g","p":6.89,"pp":4.55,"u":"18,20 €/KG","img":"https://fd5-photos.leclercdrive.fr/image.ashx?id=2753247&use=l&cat=p&typeid=i","cat":327595},{"id":166891,"n":"Cookies crunchy melts Cadbury Oreo 156g","p":2.2,"u":"14,10 €/KG","img":"https://fd5-photos.leclercdrive.fr/image.ashx?id=2328286&use=l&cat=p&typeid=i","cat":325066},{"id":166893,"n":"Bonbons Trolli Pop eye 75g","p":1.85,"u":"24,67 €/KG","img":"https://fd5-photos.leclercdrive.fr/image.ashx?id=2854015&use=l&cat=p&typeid=i","cat":304250},{"id":166994,"n":"AOC Bordeaux rosé Beaux Parleurs - 75 cl","p":4.97,"u":"6,63 €/L","img":"https://fd5-photos.leclercdrive.fr/image.ashx?id=2213103&use=l&cat=p&typeid=i","cat":289558},{"id":167001,"n":"Dentifrice Oral-B Gum Purify Intense Clean - 75ml","p":5.25,"u":"70,00 €/L","img":"https://fd5-photos.leclercdrive.fr/image.ashx?id=2433795&use=l&cat=p&typeid=i","cat":284612},{"id":167011,"n":"Pur jus de clémentine Jafaden 90cl","p":2.15,"u":"2,39 €/L","img":"https://fd5-photos.leclercdrive.fr/image.ashx?id=2723162&use=l&cat=p&typeid=i","cat":285435},{"id":167177,"n":"Praliné crème The belgian 200g","p":7.49,"pp":4.94,"u":"24,70 €/KG","img":"https://fd5-photos.leclercdrive.fr/image.ashx?id=2214141&use=l&cat=p&typeid=i","cat":327595},{"id":167178,"n":"Praliné tiramisu The belgian 200g","p":7.49,"pp":4.94,"u":"24,70 €/KG","img":"https://fd5-photos.leclercdrive.fr/image.ashx?id=2214144&use=l&cat=p&typeid=i","cat":327595},{"id":167305,"n":"Champagne Brut Canard Duchêne Edition limitée Reforest - 75cl","p":26.2,"u":"34,93 €/L","img":"https://fd5-photos.leclercdrive.fr/image.ashx?id=2710996&use=l&cat=p&typeid=i","cat":284542},{"id":167306,"n":"Soupe Déshydratée Oignon KNORR 4 portions - 94g","p":1.02,"u":"10,85 €/KG","img":"https://fd5-photos.leclercdrive.fr/image.ashx?id=2780088&use=l&cat=p&typeid=i","cat":284463},{"id":167331,"n":"Cookies Mini Granola Pépites de chocolat - 110g","p":2.16,"u":"19,64 €/KG","img":"https://fd5-photos.leclercdrive.fr/image.ashx?id=2983489&use=l&cat=p&typeid=i","cat":325066},{"id":167389,"n":"Pur jus d'orange Jafaden Sans pulpe - 90cl","p":2.15,"u":"2,39 €/L","img":"https://fd5-photos.leclercdrive.fr/image.ashx?id=2723159&use=l&cat=p&typeid=i","cat":285435},{"id":167397,"n":"Pur jus d'orange Jafaden Avec pulpe - 90cl","p":2.21,"u":"2,46 €/L","img":"https://fd5-photos.leclercdrive.fr/image.ashx?id=2723156&use=l&cat=p&typeid=i","cat":285435},{"id":167420,"n":"Compote bébé Blédina 6 mois  Pomme mangue - 4x130g","p":2.5,"u":"4,81 €/KG","img":"https://fd5-photos.leclercdrive.fr/image.ashx?id=2901656&use=l&cat=p&typeid=i","cat":312387},{"id":167422,"n":"Petit pot bébé Blédina 6 mois Légume viande poisson - 4x200g","p":4.25,"u":"5,31 €/KG","img":"https://fd5-photos.leclercdrive.fr/image.ashx?id=2908888&use=l&cat=p&typeid=i","cat":312236},{"id":167529,"n":"Lait bébé en poudre Gallia Calisma 1er âge 0-6 mois 830g","p":16.01,"u":"19,29 €/KG","img":"https://fd5-photos.leclercdrive.fr/image.ashx?id=2456201&use=l&cat=p&typeid=i","cat":284726},{"id":167530,"n":"Lait bébé en poudre Gallia Calisma 2e âge 6-12 mois 830g","p":15.34,"u":"18,48 €/KG","img":"https://fd5-photos.leclercdrive.fr/image.ashx?id=2479730&use=l&cat=p&typeid=i","cat":284727},{"id":167531,"n":"Lait bébé poudre Gallia Relais Calisma  1er âge 0-6 mois 830g","p":19.54,"u":"23,54 €/KG","img":"https://fd5-photos.leclercdrive.fr/image.ashx?id=2462460&use=l&cat=p&typeid=i","cat":284726},{"id":167532,"n":"Lait bébé poudre Gallia Relais Calisma 2e âge 6-12 mois 830g","p":18.97,"u":"22,86 €/KG","img":"https://fd5-photos.leclercdrive.fr/image.ashx?id=2911217&use=l&cat=p&typeid=i","cat":284727},{"id":167533,"n":"Tagliatelle Lustucru Selection  360g","p":1.3,"u":"3,61 €/KG","img":"https://fd5-photos.leclercdrive.fr/image.ashx?id=2885351&use=l&cat=p&typeid=i","cat":333682},{"id":167535,"n":"Fettucini Lustucru Selection  350g","p":1.84,"u":"5,26 €/KG","img":"https://fd5-photos.leclercdrive.fr/image.ashx?id=2792402&use=l&cat=p&typeid=i","cat":333682},{"id":167556,"n":"Galette des rois Pasquier Pommes - 400g","p":4.18,"u":"10,45 €/KG","img":"https://fd5-photos.leclercdrive.fr/image.ashx?id=2895831&use=l&cat=p&typeid=i","cat":293600},{"id":167561,"n":"Brique pur jus Jafaden Multifruits - 1,5L","p":2.82,"u":"1,88 €/L","img":"https://fd5-photos.leclercdrive.fr/image.ashx?id=2916722&use=l&cat=p&typeid=i","cat":285435},{"id":167567,"n":"Galette des rois Pasquier Frangipane - 400g","p":4.18,"u":"10,45 €/KG","img":"https://fd5-photos.leclercdrive.fr/image.ashx?id=2895837&use=l&cat=p&typeid=i","cat":293600},{"id":167597,"n":"Bûche matière grasse végétale Parfum chocolat - 6/8 parts","p":2.95,"u":"7,38 €/KG","img":"https://fd5-photos.leclercdrive.fr/image.ashx?id=2235356&use=l&cat=p&typeid=i","cat":284360},{"id":167612,"n":"Lessive Epsil Perfect Tri Doses Pure fraîcheur x20 - 490ml","p":4.99,"u":"10,18 €/L","img":"https://fd5-photos.leclercdrive.fr/image.ashx?id=2450122&use=l&cat=p&typeid=i","cat":284641},{"id":167646,"n":"Rhum Havana Club Cuban Spiced 35% vol - 70cl","p":19.75,"u":"28,21 €/L","img":"https://fd5-photos.leclercdrive.fr/image.ashx?id=2839415&use=l&cat=p&typeid=i","cat":284550},{"id":167954,"n":"Beurre doux Le Campagnou Moulé - 500g","p":4.49,"u":"8,98 €/KG","img":"https://fd5-photos.leclercdrive.fr/image.ashx?id=2223466&use=l&cat=p&typeid=i","cat":284379},{"id":168029,"n":"Pot Lait Concentré Non Sucré Régilait - Demi Ecremé - 200g","p":1.1,"u":"5,50 €/KG","img":"https://fd5-photos.leclercdrive.fr/image.ashx?id=2222781&use=l&cat=p&typeid=i","cat":299162},{"id":168043,"n":"Liqueur de menthe Get Essentiel 17,9° - 70cl","p":12.85,"u":"18,36 €/L","img":"https://fd5-photos.leclercdrive.fr/image.ashx?id=2858267&use=l&cat=p&typeid=i","cat":286032},{"id":168093,"n":"Bière aromatisée GrimbergenRoug Rouge 5,5° - 12x25cl","p":8.76,"u":"2,92 €/L","img":"https://fd5-photos.leclercdrive.fr/image.ashx?id=2873324&use=l&cat=p&typeid=i","cat":334878},{"id":168151,"n":"Biscuit bébé Blédina 15 mois  Céréales pépites chocolat -168g","p":2.74,"u":"16,31 €/KG","img":"https://fd5-photos.leclercdrive.fr/image.ashx?id=2892421&use=l&cat=p&typeid=i","cat":312227},{"id":168154,"n":"Repas bébé Blédichef 12 mois Pdt céleri saumon -230g","p":2.25,"u":"9,78 €/KG","img":"https://fd5-photos.leclercdrive.fr/image.ashx?id=2223238&use=l&cat=p&typeid=i","cat":312237},{"id":168168,"n":"Huile d'olive Cauvin Vierge Extra - 75cl","p":9.48,"u":"12,64 €/L","img":"https://fd5-photos.leclercdrive.fr/image.ashx?id=2498353&use=l&cat=p&typeid=i","cat":284453},{"id":168203,"n":"Gressins torinese Florelli 125g","p":1.47,"u":"11,76 €/KG","img":"https://fd5-photos.leclercdrive.fr/image.ashx?id=2806372&use=l&cat=p&typeid=i","cat":289010},{"id":168207,"n":"Foie gras de canard Jean Larnaudie - 170g","p":32.86,"u":"193,29 €/KG","img":"https://fd5-photos.leclercdrive.fr/image.ashx?id=2228594&use=l&cat=p&typeid=i","cat":316008},{"id":168248,"n":"Mini Gaufrettes Knoppers Lait Noisettes - 200g","p":2.35,"u":"11,75 €/KG","img":"https://fd5-photos.leclercdrive.fr/image.ashx?id=2457425&use=l&cat=p&typeid=i","cat":284488},{"id":168259,"n":"Délice d'olives vertes Lucien Georgelin - 100g","p":2.1,"u":"21,00 €/KG","img":"https://fd5-photos.leclercdrive.fr/image.ashx?id=2237022&use=l&cat=p&typeid=i","cat":284441},{"id":168266,"n":"Rôti de Porc Clermont Façon Orloff - 800g","p":8.99,"u":"11,24 €/KG","img":"https://fd5-photos.leclercdrive.fr/image.ashx?id=2265996&use=l&cat=p&typeid=i","cat":284331},{"id":168301,"n":"Skyr Yoplait  Nature 0%Mg - 850g","p":3.07,"u":"3,61 €/KG","img":"https://fd5-photos.leclercdrive.fr/image.ashx?id=2884444&use=l&cat=p&typeid=i","cat":315000},{"id":168327,"n":"Mini Boulettes Charal Happy Family x50 - 750g","p":7.78,"u":"10,37 €/KG","img":"https://fd5-photos.leclercdrive.fr/image.ashx?id=2956457&use=l&cat=p&typeid=i","cat":319779},{"id":168354,"n":"Mascara Maybelline Sensational  - 1 pièce","p":9.43,"img":"https://fd5-photos.leclercdrive.fr/image.ashx?id=3010792&use=l&cat=p&typeid=i","cat":287029},{"id":168656,"n":"Schoko-bons white Kinder Chocolat - 300g","p":6.77,"u":"22,57 €/KG","img":"https://fd5-photos.leclercdrive.fr/image.ashx?id=2918071&use=l&cat=p&typeid=i","cat":327592},{"id":168677,"n":"Compotes Pom'Potes Gourdes BIO Pomme Nature - 20x90g","p":8.45,"u":"4,69 €/KG","img":"https://fd5-photos.leclercdrive.fr/image.ashx?id=2919742&use=l&cat=p&typeid=i","cat":284508},{"id":168868,"n":"Essuie-tout Uni Vert 2 = 4 rouleaux","p":2.72,"u":"1,36 €/P","img":"https://fd5-photos.leclercdrive.fr/image.ashx?id=2333715&use=l&cat=p&typeid=i","cat":284635},{"id":168869,"n":"Papier toilette Uni Vert 2 plis 4=12 - x4","p":3.38,"u":"0,85 €/P","img":"https://fd5-photos.leclercdrive.fr/image.ashx?id=2333718&use=l&cat=p&typeid=i","cat":284634},{"id":168871,"n":"Mouchoirs Boîte 3 plis Univert Mouchoir papier non blanchi x80","p":1.26,"u":"0,02 €/P","img":"https://fd5-photos.leclercdrive.fr/image.ashx?id=2571941&use=l&cat=p&typeid=i","cat":284638},{"id":168992,"n":"Nuggets de volaille Eco+ 500g","p":2.18,"u":"4,36 €/KG","img":"https://fd5-photos.leclercdrive.fr/image.ashx?id=2965795&use=l&cat=p&typeid=i","cat":319780},{"id":168994,"n":"Yaourt Enfant Petits Filous Tubs Aromatisés - x15","p":2.77,"u":"4,99 €/KG","img":"https://fd5-photos.leclercdrive.fr/image.ashx?id=2811038&use=l&cat=p&typeid=i","cat":284415},{"id":168995,"n":"Yaourt brassé Perle de Lait Vanille - 4x125g","p":1.87,"u":"3,74 €/KG","img":"https://fd5-photos.leclercdrive.fr/image.ashx?id=2939715&use=l&cat=p&typeid=i","cat":314999},{"id":169045,"n":"Falafels de pois chiches Bio Hari&Co Cumin Menthe - 170g","p":3.81,"u":"22,41 €/KG","img":"https://fd5-photos.leclercdrive.fr/image.ashx?id=2903602&use=l&cat=p&typeid=i","cat":316036},{"id":169130,"n":"Monster Munch Goût Cheddar - 85g","p":1.02,"u":"12,00 €/KG","img":"https://fd5-photos.leclercdrive.fr/image.ashx?id=2971610&use=l&cat=p&typeid=i","cat":284449},{"id":169190,"n":"Dessert Materne Gourdes  Végétal Chocolat - 4x85g","p":2.34,"u":"6,88 €/KG","img":"https://fd5-photos.leclercdrive.fr/image.ashx?id=2563232&use=l&cat=p&typeid=i","cat":284506},{"id":169342,"n":"Lardons fumés Herta 200g","p":2.02,"u":"10,10 €/KG","img":"https://fd5-photos.leclercdrive.fr/image.ashx?id=2939307&use=l&cat=p&typeid=i","cat":316011},{"id":169344,"n":"Lardons fumés Herta Sans nitrite - 2x75g","p":1.8,"u":"12,00 €/KG","img":"https://fd5-photos.leclercdrive.fr/image.ashx?id=2731369&use=l&cat=p&typeid=i","cat":316011},{"id":169345,"n":"Lardons nature Herta 200g","p":1.97,"u":"9,85 €/KG","img":"https://fd5-photos.leclercdrive.fr/image.ashx?id=2731357&use=l&cat=p&typeid=i","cat":316011},{"id":169346,"n":"Allumettes fumées Herta Sans nitrite - 2x75g","p":1.77,"u":"11,80 €/KG","img":"https://fd5-photos.leclercdrive.fr/image.ashx?id=2868903&use=l&cat=p&typeid=i","cat":316011},{"id":169347,"n":"Allumettes nature Herta Sans nitrite - 2x75g","p":1.84,"u":"12,27 €/KG","img":"https://fd5-photos.leclercdrive.fr/image.ashx?id=2868906&use=l&cat=p&typeid=i","cat":316011},{"id":169351,"n":"Allumettes fumées Herta 200g","p":1.85,"u":"9,25 €/KG","img":"https://fd5-photos.leclercdrive.fr/image.ashx?id=2817458&use=l&cat=p&typeid=i","cat":316011},{"id":169353,"n":"Pâte feuilletée Herta Tarte en Or - 230g","p":0.8,"u":"3,48 €/KG","img":"https://fd5-photos.leclercdrive.fr/image.ashx?id=2918658&use=l&cat=p&typeid=i","cat":333681},{"id":169354,"n":"Pâte brisée Herta Tarte en Or - 230g","p":0.94,"u":"4,09 €/KG","img":"https://fd5-photos.leclercdrive.fr/image.ashx?id=2739189&use=l&cat=p&typeid=i","cat":333681},{"id":169365,"n":"Pâte feuilletée rectangulaire  Herta Tarte en Or - 230g","p":1.18,"u":"5,13 €/KG","img":"https://fd5-photos.leclercdrive.fr/image.ashx?id=2721697&use=l&cat=p&typeid=i","cat":333681},{"id":169367,"n":"Pâte feuilletée Herta Tarte en Or -30%MG - 230g","p":1.73,"u":"7,52 €/KG","img":"https://fd5-photos.leclercdrive.fr/image.ashx?id=2814524&use=l&cat=p&typeid=i","cat":333681},{"id":169429,"n":"Tendres Effilés en Gelée Felix Selection poissons 12x85g","p":4.93,"u":"4,83 €/KG","img":"https://fd5-photos.leclercdrive.fr/image.ashx?id=2995439&use=l&cat=p&typeid=i","cat":285286},{"id":169440,"n":"Shampooing bio N.A.E. Eclat couleur - 500ml","p":8.53,"u":"17,06 €/L","img":"https://fd5-photos.leclercdrive.fr/image.ashx?id=2239486&use=l&cat=p&typeid=i","cat":284606},{"id":169454,"n":"FELIX Sensations En Gelée Felix Selection de la campagne 12x85g","p":5.42,"u":"5,31 €/KG","img":"https://fd5-photos.leclercdrive.fr/image.ashx?id=2986909&use=l&cat=p&typeid=i","cat":285286},{"id":169457,"n":"Sensation en gelée Felix Sélection mixte - 24x85g","p":9.85,"u":"4,83 €/KG","img":"https://fd5-photos.leclercdrive.fr/image.ashx?id=2378435&use=l&cat=p&typeid=i","cat":285286},{"id":170571,"n":"Barres KINDER BUENO White  Chocolat Blanc x3 - 117g","p":3.05,"u":"26,07 €/KG","img":"https://fd5-photos.leclercdrive.fr/image.ashx?id=2792981&use=l&cat=p&typeid=i","cat":284498},{"id":170828,"n":"Chips Tortilla Old El Paso Chili - 185g","p":2.19,"u":"11,84 €/KG","img":"https://fd5-photos.leclercdrive.fr/image.ashx?id=2444525&use=l&cat=p&typeid=i","cat":288993},{"id":170894,"n":"Coquille St Jacques Label Rouge Celtigel - x 4","p":12.44,"u":"34,56 €/KG","img":"https://fd5-photos.leclercdrive.fr/image.ashx?id=2265924&use=l&cat=p&typeid=i","cat":319787},{"id":170929,"n":"Gaufres fines pur beurre Vergeoise - Boîte - 600g","p":9.5,"u":"15,83 €/KG","img":"https://fd5-photos.leclercdrive.fr/image.ashx?id=2939553&use=l&cat=p&typeid=i","cat":294777},{"id":170935,"n":"Rhum Havana Club 3 ans 37,5% vol - 1L","p":21.99,"u":"21,99 €/L","img":"https://fd5-photos.leclercdrive.fr/image.ashx?id=2953992&use=l&cat=p&typeid=i","cat":284550},{"id":170936,"n":"Havana club Especial rhum ambré 37.5%vol - 1L","p":23.9,"u":"23,90 €/L","img":"https://fd5-photos.leclercdrive.fr/image.ashx?id=2945814&use=l&cat=p&typeid=i","cat":284550},{"id":170957,"n":"Confiture Douceur du Verger Abricot - 750g","p":2.31,"u":"3,08 €/KG","img":"https://fd5-photos.leclercdrive.fr/image.ashx?id=2965581&use=l&cat=p&typeid=i","cat":284480},{"id":171070,"n":"Gel douche So Bio Etic Abricot bio - 450ml","p":5.53,"u":"12,29 €/L","img":"https://fd5-photos.leclercdrive.fr/image.ashx?id=2793629&use=l&cat=p&typeid=i","cat":284594},{"id":171188,"n":"Glace Barre Glacée Snickers  Caramel & Cacahuètes x6 - 274g","p":3.47,"u":"12,66 €/KG","img":"https://fd5-photos.leclercdrive.fr/image.ashx?id=2295508&use=l&cat=p&typeid=i","cat":284264},{"id":171265,"n":"Bûchettes Smarties  Chocolat Vanille x4 - 228g","p":3.45,"u":"15,13 €/KG","img":"https://fd5-photos.leclercdrive.fr/image.ashx?id=2757325&use=l&cat=p&typeid=i","cat":284266},{"id":171409,"n":"Sac poubelle Elembal 50L - x40","p":5.99,"u":"0,15 €/P","img":"https://fd5-photos.leclercdrive.fr/image.ashx?id=2793311&use=l&cat=p&typeid=i","cat":285168},{"id":171544,"n":"Emulsion Keracny PP+ Ducray Traitante purifiante - 30ml","p":12.89,"u":"429,67 €/L","img":"https://fd5-photos.leclercdrive.fr/image.ashx?id=2968241&use=l&cat=p&typeid=i","cat":291166},{"id":171548,"n":"Gel moussant Keracnyl Ducray Nettoyant purifiant - 400ml","p":12.95,"u":"32,38 €/L","img":"https://fd5-photos.leclercdrive.fr/image.ashx?id=2733127&use=l&cat=p&typeid=i","cat":291166},{"id":171550,"n":"Emulsion Keracnyl Ducray Glycolic - 30ml","p":11.89,"u":"396,33 €/L","img":"https://fd5-photos.leclercdrive.fr/image.ashx?id=2968244&use=l&cat=p&typeid=i","cat":291166},{"id":171570,"n":"Crème riche A-Derma Biology Hydratante bio - 40ml","p":13.98,"u":"349,50 €/L","img":"https://fd5-photos.leclercdrive.fr/image.ashx?id=2377196&use=l&cat=p&typeid=i","cat":291171},{"id":171571,"n":"Crème légère A-Derma Biology hydratante bio - 40ml","p":13.98,"u":"349,50 €/L","img":"https://fd5-photos.leclercdrive.fr/image.ashx?id=2377199&use=l&cat=p&typeid=i","cat":291171},{"id":171575,"n":"Soin dermatologique A-Derma Biology Anti-rougeurs bio -40ml","p":14.35,"u":"358,75 €/L","img":"https://fd5-photos.leclercdrive.fr/image.ashx?id=2377205&use=l&cat=p&typeid=i","cat":291171},{"id":171680,"n":"Crème Densitium SVR 50ml","p":36.37,"u":"727,40 €/L","img":"https://fd5-photos.leclercdrive.fr/image.ashx?id=2971661&use=l&cat=p&typeid=i","cat":291171},{"id":171708,"n":"Tagliatelle Lustucru 2x600g","p":2.89,"u":"2,41 €/KG","img":"https://fd5-photos.leclercdrive.fr/image.ashx?id=2271168&use=l&cat=p&typeid=i","cat":333682},{"id":171830,"n":"Culottes Love & Green T4 - x20","p":13.04,"u":"0,65 €/P","img":"https://fd5-photos.leclercdrive.fr/image.ashx?id=2551390&use=l&cat=p&typeid=i","cat":290633},{"id":171836,"n":"Céréales Trésor Kellogg's Chocolat au lait - 620g","p":4.32,"u":"6,97 €/KG","img":"https://fd5-photos.leclercdrive.fr/image.ashx?id=2598334&use=l&cat=p&typeid=i","cat":309513},{"id":171839,"n":"Yaourts Light & Free Aux fruits rouges 0% - 8x125g","p":3.2,"u":"3,20 €/KG","img":"https://fd5-photos.leclercdrive.fr/image.ashx?id=3008014&use=l&cat=p&typeid=i","cat":315000},{"id":172649,"n":"Papier toilette Renova Progress - x40","p":9.97,"u":"0,25 €/P","img":"https://fd5-photos.leclercdrive.fr/image.ashx?id=2279894&use=l&cat=p&typeid=i","cat":284634},{"id":172651,"n":"Essuie-tout Renova Active Absorption - x16","p":9.9,"u":"0,62 €/P","img":"https://fd5-photos.leclercdrive.fr/image.ashx?id=2260120&use=l&cat=p&typeid=i","cat":284635},{"id":172723,"n":"Eau aromatisée San Pellegrino Aranciata rossa - 6x33cl","p":3.92,"u":"1,98 €/L","img":"https://fd5-photos.leclercdrive.fr/image.ashx?id=2866109&use=l&cat=p&typeid=i","cat":284536},{"id":172724,"n":"Eau aromatisée San Pellegrino Aranciata - 6x33cl","p":3.3,"u":"1,67 €/L","img":"https://fd5-photos.leclercdrive.fr/image.ashx?id=2802731&use=l&cat=p&typeid=i","cat":284536},{"id":172725,"n":"Eau aromatisée San Pellegrino Limonata - 6x33cl","p":3.83,"u":"1,93 €/L","img":"https://fd5-photos.leclercdrive.fr/image.ashx?id=2525816&use=l&cat=p&typeid=i","cat":284536},{"id":172726,"n":"Eau aromatisée San Pellegrino Limone e menta - 6x33cl","p":3.85,"u":"1,94 €/L","img":"https://fd5-photos.leclercdrive.fr/image.ashx?id=2997295&use=l&cat=p&typeid=i","cat":284536},{"id":172727,"n":"Eau aromatisée San Pellegrino Melograno e arancia - 6x33cl","p":4.52,"u":"2,28 €/L","img":"https://fd5-photos.leclercdrive.fr/image.ashx?id=2551555&use=l&cat=p&typeid=i","cat":284536},{"id":172731,"n":"Tablette chocolat Milka Chocolat au lait - 3x100g","p":4.2,"u":"14,00 €/KG","img":"https://fd5-photos.leclercdrive.fr/image.ashx?id=3009137&use=l&cat=p&typeid=i","cat":284497},{"id":172829,"n":"Yaourt à boire protéiné Hipro  Mangue 0%mg - 300g","p":2.07,"u":"6,90 €/KG","img":"https://fd5-photos.leclercdrive.fr/image.ashx?id=2807432&use=l&cat=p&typeid=i","cat":315000},{"id":173332,"n":"Soupe liquide Liebig poireaux Saint jacques - Brique 1L","p":4.18,"u":"4,18 €/L","img":"https://fd5-photos.leclercdrive.fr/image.ashx?id=2472195&use=l&cat=p&typeid=i","cat":284462},{"id":173989,"n":"Porc au caramel Paul et Louise Et son riz - 300g","p":2.93,"u":"9,77 €/KG","img":"https://fd5-photos.leclercdrive.fr/image.ashx?id=3008464&use=l&cat=p&typeid=i","cat":284953},{"id":173991,"n":"Poulet Korma Paul et Louise Et son riz - 300g","p":2.98,"u":"9,93 €/KG","img":"https://fd5-photos.leclercdrive.fr/image.ashx?id=3008467&use=l&cat=p&typeid=i","cat":284953},{"id":174145,"n":"Confiture Douceur du Verger Cerises - 370 g","p":1.27,"u":"3,43 €/KG","img":"https://fd5-photos.leclercdrive.fr/image.ashx?id=2965599&use=l&cat=p&typeid=i","cat":284480},{"id":174148,"n":"Confiture Douceur du Verger Pêches - 370 g","p":1.6,"u":"4,32 €/KG","img":"https://fd5-photos.leclercdrive.fr/image.ashx?id=2965602&use=l&cat=p&typeid=i","cat":284480},{"id":174151,"n":"Confiture Douceur du Verger 4 fruits rouges - 370 g","p":1.18,"u":"3,19 €/KG","img":"https://fd5-photos.leclercdrive.fr/image.ashx?id=2965548&use=l&cat=p&typeid=i","cat":284480},{"id":174152,"n":"Sauce Tomate Provençale Panzani - 210G","p":1.21,"u":"5,76 €/KG","img":"https://fd5-photos.leclercdrive.fr/image.ashx?id=2880691&use=l&cat=p&typeid=i","cat":299047},{"id":174153,"n":"Sauce tomates cuisinées Panzani 210g","p":1.16,"u":"5,52 €/KG","img":"https://fd5-photos.leclercdrive.fr/image.ashx?id=2880688&use=l&cat=p&typeid=i","cat":299047},{"id":174154,"n":"Sauce Tomate Basilic Panzani - 210G","p":1.14,"u":"5,43 €/KG","img":"https://fd5-photos.leclercdrive.fr/image.ashx?id=2881290&use=l&cat=p&typeid=i","cat":288384},{"id":174156,"n":"Sauce tomates cuisinées Panzani 425g","p":1.64,"u":"3,86 €/KG","img":"https://fd5-photos.leclercdrive.fr/image.ashx?id=2977276&use=l&cat=p&typeid=i","cat":288384},{"id":174157,"n":"Sauce Tomate Basilic Panzani - 400G","p":1.87,"u":"4,68 €/KG","img":"https://fd5-photos.leclercdrive.fr/image.ashx?id=2968088&use=l&cat=p&typeid=i","cat":288384},{"id":174158,"n":"Sauce Tomate Provençale Panzani - 650G","p":2.09,"u":"3,22 €/KG","img":"https://fd5-photos.leclercdrive.fr/image.ashx?id=2977942&use=l&cat=p&typeid=i","cat":299047},{"id":174159,"n":"Sauce Tomate Basilic Panzani - 650G","p":2.32,"u":"3,57 €/KG","img":"https://fd5-photos.leclercdrive.fr/image.ashx?id=2977945&use=l&cat=p&typeid=i","cat":288384},{"id":174160,"n":"Sauce tomates fraîches Panzani 3x190g","p":2.6,"u":"4,56 €/KG","img":"https://fd5-photos.leclercdrive.fr/image.ashx?id=2835274&use=l&cat=p&typeid=i","cat":288384},{"id":174192,"n":"Filet de saumon de Norvège ASC  L'Atelier Poissonnerie - 600g","p":12.94,"u":"21,57 €/KG","img":"https://fd5-photos.leclercdrive.fr/image.ashx?id=3004402&use=l&cat=p&typeid=i","cat":284342},{"id":174196,"n":"Viande hachée 15% MG Férial 1kg","p":14.49,"u":"14,49 €/KG","img":"https://fd5-photos.leclercdrive.fr/image.ashx?id=2630094&use=l&cat=p&typeid=i","cat":284332},{"id":174223,"n":"Pur jus de pomme Eco  1L","p":1.47,"u":"1,47 €/L","img":"https://fd5-photos.leclercdrive.fr/image.ashx?id=2779877&use=l&cat=p&typeid=i","cat":285435},{"id":174353,"n":"Choucroute garnie  Charles Christ - 790g","p":2.7,"u":"3,42 €/KG","img":"https://fd5-photos.leclercdrive.fr/image.ashx?id=2270970&use=l&cat=p&typeid=i","cat":284441},{"id":174373,"n":"Préparation à la fraise 80% de fruits Darbo - 250g","p":4.25,"u":"17,00 €/KG","img":"https://fd5-photos.leclercdrive.fr/image.ashx?id=2890529&use=l&cat=p&typeid=i","cat":284480},{"id":174374,"n":"Préparation à l'abricot 80% de fruits Darbo - 250g","p":4.25,"u":"17,00 €/KG","img":"https://fd5-photos.leclercdrive.fr/image.ashx?id=2890526&use=l&cat=p&typeid=i","cat":284480},{"id":174375,"n":"Préparation à la framboise  80% de fruits Darbo - 250g","p":4.25,"u":"17,00 €/KG","img":"https://fd5-photos.leclercdrive.fr/image.ashx?id=2890532&use=l&cat=p&typeid=i","cat":284480},{"id":174376,"n":"Préparation à la myrtille 80% de fruits - 250g","p":4.25,"u":"17,00 €/KG","img":"https://fd5-photos.leclercdrive.fr/image.ashx?id=2890535&use=l&cat=p&typeid=i","cat":284480},{"id":174568,"n":"Feutre de coloriage Pointe fine Bic Intensity  x24","p":8.35,"u":"0,35 €/P","img":"https://fd5-photos.leclercdrive.fr/image.ashx?id=2272262&use=l&cat=p&typeid=i","cat":284696},{"id":174574,"n":"Crayon de couleur  Bic Intensity x12","p":3.7,"u":"0,31 €/P","img":"https://fd5-photos.leclercdrive.fr/image.ashx?id=2272268&use=l&cat=p&typeid=i","cat":284696},{"id":174582,"n":"Feutre de coloriage Pointe  Incurvée Bic Intensity x12","p":5.33,"u":"0,44 €/P","img":"https://fd5-photos.leclercdrive.fr/image.ashx?id=2272274&use=l&cat=p&typeid=i","cat":284696},{"id":174583,"n":"Feutre de coloriage Pointe Incurvée Bic Intensity x24","p":13.3,"u":"0,55 €/P","img":"https://fd5-photos.leclercdrive.fr/image.ashx?id=2272277&use=l&cat=p&typeid=i","cat":284696},{"id":174593,"n":"Feutre de coloriage Pointe fine Bic Intensity x12","p":4.25,"u":"0,35 €/P","img":"https://fd5-photos.leclercdrive.fr/image.ashx?id=2272259&use=l&cat=p&typeid=i","cat":284696},{"id":174709,"n":"Confiture Douceur du Verger 4 fruits rouges - 750 g","p":2.39,"u":"3,19 €/KG","img":"https://fd5-photos.leclercdrive.fr/image.ashx?id=2965554&use=l&cat=p&typeid=i","cat":284480},{"id":174712,"n":"Confiture Douceur du Verger Figues - 370g","p":1.5,"u":"4,05 €/KG","img":"https://fd5-photos.leclercdrive.fr/image.ashx?id=2965587&use=l&cat=p&typeid=i","cat":284480},{"id":174815,"n":"Confiture Douceur du Verger Myrtilles - 370g","p":1.72,"u":"4,65 €/KG","img":"https://fd5-photos.leclercdrive.fr/image.ashx?id=2965590&use=l&cat=p&typeid=i","cat":284480},{"id":174816,"n":"Confiture Douceur du Verger Rhubarbe - 370g","p":1.69,"u":"4,57 €/KG","img":"https://fd5-photos.leclercdrive.fr/image.ashx?id=2965584&use=l&cat=p&typeid=i","cat":284480},{"id":174832,"n":"Saucisses de Toulouse x4 Soutenons Nos Agriculteurs 400g","p":3.99,"u":"9,98 €/KG","img":"https://fd5-photos.leclercdrive.fr/image.ashx?id=2835232&use=l&cat=p&typeid=i","cat":284334},{"id":174834,"n":"Chair à saucisse Soutenons Nos Agriculteurs 500g","p":5.11,"u":"10,22 €/KG","img":"https://fd5-photos.leclercdrive.fr/image.ashx?id=2831305&use=l&cat=p&typeid=i","cat":284332},{"id":174881,"n":"Carottes râpées Bonduelle Au Citron de Sicile - 320g","p":1.28,"u":"4,00 €/KG","img":"https://fd5-photos.leclercdrive.fr/image.ashx?id=2894194&use=l&cat=p&typeid=i","cat":333657},{"id":174884,"n":"Céleri remoulade Bonduelle Au Fromage blanc - 320g","p":1.36,"u":"4,25 €/KG","img":"https://fd5-photos.leclercdrive.fr/image.ashx?id=2904709&use=l&cat=p&typeid=i","cat":333657},{"id":175036,"n":"Motte Tendre Président Doux - 250g","p":3.42,"u":"13,68 €/KG","img":"https://fd5-photos.leclercdrive.fr/image.ashx?id=2903110&use=l&cat=p&typeid=i","cat":284379},{"id":175037,"n":"Protège-slips Tena Lady Ultra mini+ - x24","p":2.65,"u":"0,11 €/P","img":"https://fd5-photos.leclercdrive.fr/image.ashx?id=2285522&use=l&cat=p&typeid=i","cat":284628},{"id":175040,"n":"Soin hydratant Aloe Vera BIO  Le Petit Marseillais - 400ml","p":2.71,"u":"6,78 €/L","img":"https://fd5-photos.leclercdrive.fr/image.ashx?id=2280711&use=l&cat=p&typeid=i","cat":325350},{"id":175058,"n":"Pois chiches Bonduelle Cuits Dans Très Peu De Jus 265g","p":1.1,"u":"4,15 €/KG","img":"https://fd5-photos.leclercdrive.fr/image.ashx?id=2926272&use=l&cat=p&typeid=i","cat":312609},{"id":175122,"n":"Crème Douche Nourrissante Cadum Surgras Coco - 750ml","p":4.05,"u":"5,40 €/L","img":"https://fd5-photos.leclercdrive.fr/image.ashx?id=2393284&use=l&cat=p&typeid=i","cat":284594},{"id":175125,"n":"Sauce Deluxe AMORA 250ml","p":2.03,"u":"8,12 €/L","img":"https://fd5-photos.leclercdrive.fr/image.ashx?id=3009266&use=l&cat=p&typeid=i","cat":318431},{"id":175325,"n":"Choux pâtissiers au beurre 3 toques - x8 - 68g","p":3.0,"u":"44,12 €/KG","img":"https://fd5-photos.leclercdrive.fr/image.ashx?id=2283441&use=l&cat=p&typeid=i","cat":284504},{"id":175339,"n":"Poivrons bicolores Eco+ x2","p":0.99,"u":"0,50 €/P","img":"https://fd5-photos.leclercdrive.fr/image.ashx?id=2709716&use=l&cat=p&typeid=i","cat":284352},{"id":175423,"n":"Mandarines Panier du Primeur Filet 1.5kg","p":3.99,"u":"2,66 €/KG","img":"https://fd5-photos.leclercdrive.fr/image.ashx?id=2922433&use=l&cat=p&typeid=i","cat":284356},{"id":175557,"n":"Crème Visage Jour Nivea Matifiante Peaux Mixtes - 50ml","p":3.73,"u":"74,60 €/L","img":"https://fd5-photos.leclercdrive.fr/image.ashx?id=2659139&use=l&cat=p&typeid=i","cat":325345},{"id":175560,"n":"Sérum nutrition Vitanove 100ml","p":3.99,"u":"39,90 €/L","img":"https://fd5-photos.leclercdrive.fr/image.ashx?id=2691441&use=l&cat=p&typeid=i","cat":284608},{"id":175572,"n":"Thé noir Earl Grey Bio Village Bio - x20 - 36g","p":1.09,"u":"30,28 €/KG","img":"https://fd5-photos.leclercdrive.fr/image.ashx?id=2897913&use=l&cat=p&typeid=i","cat":293233},{"id":175574,"n":"Sauce bolognaise Panzani Extra riche - 400g","p":2.67,"u":"6,68 €/KG","img":"https://fd5-photos.leclercdrive.fr/image.ashx?id=2887527&use=l&cat=p&typeid=i","cat":299047},{"id":175576,"n":"Sachet fraicheur chat Sheba Filets au poulet et thon - 60g","p":1.01,"u":"16,83 €/KG","img":"https://fd5-photos.leclercdrive.fr/image.ashx?id=2292464&use=l&cat=p&typeid=i","cat":285286},{"id":175578,"n":"Sachet fraicheur chat Sheba Filets aux crevettes - 60g","p":1.01,"u":"16,83 €/KG","img":"https://fd5-photos.leclercdrive.fr/image.ashx?id=2292467&use=l&cat=p&typeid=i","cat":285286},{"id":175579,"n":"Pur jus Bio Village Bio Pomme  - 1L","p":2.14,"u":"2,14 €/L","img":"https://fd5-photos.leclercdrive.fr/image.ashx?id=2285081&use=l&cat=p&typeid=i","cat":284522},{"id":175585,"n":"Sachet fraicheur chat Sheba Soupe filets de thon - 4x40g","p":2.9,"u":"18,13 €/KG","img":"https://fd5-photos.leclercdrive.fr/image.ashx?id=2292593&use=l&cat=p&typeid=i","cat":285286},{"id":175586,"n":"Lentilles vertes Vivien Paille 1kg","p":3.6,"pp":2.38,"u":"2,38 €/KG","img":"https://fd5-photos.leclercdrive.fr/image.ashx?id=2285093&use=l&cat=p&typeid=i","cat":284430},{"id":175685,"n":"Madeleine longue P'tit Déli Fourrés à la fraise - 240g","p":3.01,"u":"12,54 €/KG","img":"https://fd5-photos.leclercdrive.fr/image.ashx?id=2558386&use=l&cat=p&typeid=i","cat":284492},{"id":175713,"n":"Bière \"La Goudale\" Rubis - 6x25cl","p":4.45,"u":"2,97 €/L","img":"https://fd5-photos.leclercdrive.fr/image.ashx?id=2778245&use=l&cat=p&typeid=i","cat":334878},{"id":175730,"n":"AOP Alsace Gewurtzraminer  Vendanges tardives 75 cl","p":16.5,"u":"22,00 €/L","img":"https://fd5-photos.leclercdrive.fr/image.ashx?id=2583939&use=l&cat=p&typeid=i","cat":289557},{"id":175763,"n":"Chocolat noir Novi Aux noisettes - 130g","p":3.19,"u":"24,54 €/KG","img":"https://fd5-photos.leclercdrive.fr/image.ashx?id=2294516&use=l&cat=p&typeid=i","cat":284956},{"id":175764,"n":"Chocolat blanc Novi Aux noisettes - 130g","p":3.19,"u":"24,54 €/KG","img":"https://fd5-photos.leclercdrive.fr/image.ashx?id=2294519&use=l&cat=p&typeid=i","cat":284957},{"id":175765,"n":"Chocolat au lait Lindt Création Praliné Feuillantine - 110g","p":3.37,"u":"30,64 €/KG","img":"https://fd5-photos.leclercdrive.fr/image.ashx?id=2287394&use=l&cat=p&typeid=i","cat":284497},{"id":175790,"n":"Sachet fraicheur chat Sheba Filets au poulet - 60g","p":1.03,"u":"17,17 €/KG","img":"https://fd5-photos.leclercdrive.fr/image.ashx?id=2287523&use=l&cat=p&typeid=i","cat":285286},{"id":175933,"n":"Pain de mie La Boulangère Avoine et graines - 500g","p":1.95,"u":"3,90 €/KG","img":"https://fd5-photos.leclercdrive.fr/image.ashx?id=2912431&use=l&cat=p&typeid=i","cat":325068},{"id":175945,"n":"Bonbon Scoubidou play Lutti 180g","p":1.66,"u":"9,22 €/KG","img":"https://fd5-photos.leclercdrive.fr/image.ashx?id=2346837&use=l&cat=p&typeid=i","cat":304250},{"id":175954,"n":"Sauce Bolognaise Panzani Extra riche - 200g","p":1.69,"u":"8,45 €/KG","img":"https://fd5-photos.leclercdrive.fr/image.ashx?id=2918574&use=l&cat=p&typeid=i","cat":287599},{"id":175982,"n":"Huile de Bronzage SPF30 Garnier Protectrice - 150ml","p":10.41,"u":"69,40 €/L","img":"https://fd5-photos.leclercdrive.fr/image.ashx?id=2601121&use=l&cat=p&typeid=i","cat":325355},{"id":175986,"n":"Crème change bio Love & Green 100ml","p":6.67,"u":"66,70 €/L","img":"https://fd5-photos.leclercdrive.fr/image.ashx?id=2289267&use=l&cat=p&typeid=i","cat":284741},{"id":175990,"n":"Sachets repas Gourmet Purina Perle Duo à la viande - 4x85g","p":2.43,"u":"7,15 €/KG","img":"https://fd5-photos.leclercdrive.fr/image.ashx?id=2901121&use=l&cat=p&typeid=i","cat":285286},{"id":175991,"n":"Culottes Pampers Baby Dry Pants Taille 3 : 6/11kg - x96","p":35.98,"u":"0,37 €/P","img":"https://fd5-photos.leclercdrive.fr/image.ashx?id=2622834&use=l&cat=p&typeid=i","cat":290633},{"id":176036,"n":"Frites friteuse McCain Tradition - 1,080kg","p":2.77,"u":"2,56 €/KG","img":"https://fd5-photos.leclercdrive.fr/image.ashx?id=2737930&use=l&cat=p&typeid=i","cat":319791},{"id":176239,"n":"Gnocchi Lustucru Selection  390g","p":1.54,"u":"3,95 €/KG","img":"https://fd5-photos.leclercdrive.fr/image.ashx?id=2965999&use=l&cat=p&typeid=i","cat":333682},{"id":176299,"n":"Biscottes Cracotte LU Fibre - 250g","p":2.12,"u":"8,48 €/KG","img":"https://fd5-photos.leclercdrive.fr/image.ashx?id=2871154&use=l&cat=p&typeid=i","cat":284479},{"id":176384,"n":"Soin Cheveux Magique Elsève Dream Long Embellisseur - 200ml","p":7.09,"u":"35,45 €/L","img":"https://fd5-photos.leclercdrive.fr/image.ashx?id=2439308&use=l&cat=p&typeid=i","cat":284608},{"id":176387,"n":"Masque Hydra-Régénérant Elsève Hyaluron Repulp - 310ml","p":5.22,"u":"16,84 €/L","img":"https://fd5-photos.leclercdrive.fr/image.ashx?id=2865878&use=l&cat=p&typeid=i","cat":284608},{"id":176391,"n":"Sérum Hydra-Texturisant Elsève Cheveux Déshydratés - 150ml","p":10.63,"u":"70,87 €/L","img":"https://fd5-photos.leclercdrive.fr/image.ashx?id=2870677&use=l&cat=p&typeid=i","cat":284608},{"id":176400,"n":"Gnocchi à poeler Lustucru  Lot de 2 + 1 offert - 900g","p":3.19,"u":"3,54 €/KG","img":"https://fd5-photos.leclercdrive.fr/image.ashx?id=2446671&use=l&cat=p&typeid=i","cat":333682},{"id":176436,"n":"Mini BN Cœur de Lait 175g","p":1.79,"u":"10,23 €/KG","img":"https://fd5-photos.leclercdrive.fr/image.ashx?id=2730484&use=l&cat=p&typeid=i","cat":284489},{"id":176580,"n":"Margarine ProActiv Expert Tartine Doux - 225g","p":2.39,"u":"10,62 €/KG","img":"https://fd5-photos.leclercdrive.fr/image.ashx?id=2352035&use=l&cat=p&typeid=i","cat":315229},{"id":176595,"n":"Oeufs plein air Flandr'Oeufs  x6","p":1.8,"u":"0,30 €/P","img":"https://fd5-photos.leclercdrive.fr/image.ashx?id=2333303&use=l&cat=p&typeid=i","cat":284378},{"id":176596,"n":"Oeufs plein air Flandr'Oeufs x12","p":3.45,"u":"0,29 €/P","img":"https://fd5-photos.leclercdrive.fr/image.ashx?id=2333297&use=l&cat=p&typeid=i","cat":284378},{"id":176598,"n":"Oeufs Bio Flandr'Oeufs Plein air x6","p":2.2,"u":"0,37 €/P","img":"https://fd5-photos.leclercdrive.fr/image.ashx?id=2988551&use=l&cat=p&typeid=i","cat":284378},{"id":176614,"n":"Compotes Pom'Potes Gourdes  Explorateurs Les Incas - 12x90g","p":5.92,"u":"5,48 €/KG","img":"https://fd5-photos.leclercdrive.fr/image.ashx?id=2900740&use=l&cat=p&typeid=i","cat":284508},{"id":176615,"n":"Compotes Pom'Potes Gourdes  Battle Multivariétés - 12x90g","p":5.49,"u":"5,08 €/KG","img":"https://fd5-photos.leclercdrive.fr/image.ashx?id=2919745&use=l&cat=p&typeid=i","cat":284508},{"id":176677,"n":"Sablés noisettes chocolat Bonne Maman - 150g","p":2.2,"u":"14,67 €/KG","img":"https://fd5-photos.leclercdrive.fr/image.ashx?id=2984386&use=l&cat=p&typeid=i","cat":284488},{"id":176684,"n":"Chocolat Nestlé l'Atelier Caramel, amande, noisette 170g","p":3.56,"u":"20,94 €/KG","img":"https://fd5-photos.leclercdrive.fr/image.ashx?id=2663072&use=l&cat=p&typeid=i","cat":284497},{"id":176712,"n":"AOC Bordeaux Blanc 3L La petite chapelle de Bordeaux","p":15.49,"pp":10.22,"u":"3,41 €/L","img":"https://fd5-photos.leclercdrive.fr/image.ashx?id=2300839&use=l&cat=p&typeid=i","cat":289557},{"id":176823,"n":"Moussaka au boeuf Fleury Michon 300g","p":3.74,"u":"12,47 €/KG","img":"https://fd5-photos.leclercdrive.fr/image.ashx?id=3003236&use=l&cat=p&typeid=i","cat":333665},{"id":176846,"n":"Knacki Original Herta x6 - 210g","p":1.48,"u":"7,05 €/KG","img":"https://fd5-photos.leclercdrive.fr/image.ashx?id=2299070&use=l&cat=p&typeid=i","cat":316012},{"id":176847,"n":"Knacki Original Herta x10 - 350g","p":1.73,"u":"4,94 €/KG","img":"https://fd5-photos.leclercdrive.fr/image.ashx?id=2304111&use=l&cat=p&typeid=i","cat":316012},{"id":176848,"n":"Knacki Original Herta Sans nitrite x6 - 210g","p":2.18,"u":"10,38 €/KG","img":"https://fd5-photos.leclercdrive.fr/image.ashx?id=2299073&use=l&cat=p&typeid=i","cat":316012},{"id":176974,"n":"Tablette de chocolat noir Lindt Corsé 70% - 100g","p":2.48,"u":"24,80 €/KG","img":"https://fd5-photos.leclercdrive.fr/image.ashx?id=2299696&use=l&cat=p&typeid=i","cat":284956},{"id":176988,"n":"Bonbon à sucer Ricola Menthol Stévia - 50g","p":1.44,"u":"28,80 €/KG","img":"https://fd5-photos.leclercdrive.fr/image.ashx?id=2382201&use=l&cat=p&typeid=i","cat":304252},{"id":176990,"n":"Bonbon à sucer Ricola Citron melisse stévia - 50g","p":1.35,"u":"27,00 €/KG","img":"https://fd5-photos.leclercdrive.fr/image.ashx?id=2382207&use=l&cat=p&typeid=i","cat":304252},{"id":177003,"n":"Tiramisu au spéculoos Equador 2x100g","p":2.25,"u":"11,25 €/KG","img":"https://fd5-photos.leclercdrive.fr/image.ashx?id=2566691&use=l&cat=p&typeid=i","cat":284419},{"id":177217,"n":"Sorbet Plein Fruit L'Angélys Citron vert - 500g","p":5.1,"u":"10,20 €/KG","img":"https://fd5-photos.leclercdrive.fr/image.ashx?id=2963607&use=l&cat=p&typeid=i","cat":284263},{"id":177219,"n":"Sorbet Plein Fruit L'Angélys Fraise - 500g","p":5.13,"u":"10,26 €/KG","img":"https://fd5-photos.leclercdrive.fr/image.ashx?id=2963610&use=l&cat=p&typeid=i","cat":284263},{"id":177258,"n":"Bâtonnets Manger Main Bio Yooji Betterave Quinoa rouge - 225g","p":4.15,"u":"18,44 €/KG","img":"https://fd5-photos.leclercdrive.fr/image.ashx?id=2529030&use=l&cat=p&typeid=i","cat":290631},{"id":177260,"n":"Bâtonnets Manger Main Bio Yooji Haricots Pois Semoule 225g","p":3.61,"u":"16,04 €/KG","img":"https://fd5-photos.leclercdrive.fr/image.ashx?id=2529039&use=l&cat=p&typeid=i","cat":290631},{"id":177262,"n":"Bâtonnets Manger Main Bio Yooji Butternut Quinoa blanc - 225g","p":3.12,"u":"13,87 €/KG","img":"https://fd5-photos.leclercdrive.fr/image.ashx?id=2529036&use=l&cat=p&typeid=i","cat":290631},{"id":177319,"n":"Boulgour Tipiak 450g","p":1.87,"u":"4,16 €/KG","img":"https://fd5-photos.leclercdrive.fr/image.ashx?id=2766445&use=l&cat=p&typeid=i","cat":284429},{"id":177326,"n":"Polenta Onctueuse  Tipiak - 400g","p":1.38,"u":"3,45 €/KG","img":"https://fd5-photos.leclercdrive.fr/image.ashx?id=2795818&use=l&cat=p&typeid=i","cat":284431},{"id":177369,"n":"Feuille de chêne rouge Bonduelle - 125g","p":1.58,"u":"12,64 €/KG","img":"https://fd5-photos.leclercdrive.fr/image.ashx?id=2939268&use=l&cat=p&typeid=i","cat":284353},{"id":177381,"n":"Bière blonde Ch'ti 6.8% vol. - 75cl","p":2.69,"u":"3,59 €/L","img":"https://fd5-photos.leclercdrive.fr/image.ashx?id=2840169&use=l&cat=p&typeid=i","cat":334852},{"id":177407,"n":"AOP Corse blanc Terres Ocrees  Corse  - 75cl","p":4.99,"u":"6,65 €/L","img":"https://fd5-photos.leclercdrive.fr/image.ashx?id=2302946&use=l&cat=p&typeid=i","cat":289557},{"id":177431,"n":"Sirop Carambar Caramel - 75cl","p":3.15,"u":"4,20 €/L","img":"https://fd5-photos.leclercdrive.fr/image.ashx?id=2388550&use=l&cat=p&typeid=i","cat":295020},{"id":177432,"n":"Sirop Carambar Cola - 75cl","p":3.15,"u":"4,20 €/L","img":"https://fd5-photos.leclercdrive.fr/image.ashx?id=2445139&use=l&cat=p&typeid=i","cat":295020},{"id":177434,"n":"Sirop Carambar Fraise - 75cl","p":3.95,"u":"5,27 €/L","img":"https://fd5-photos.leclercdrive.fr/image.ashx?id=2398913&use=l&cat=p&typeid=i","cat":295020},{"id":177643,"n":"Gnocchi Roll à poêler Lustucru Format maxi - 500g","p":2.97,"u":"5,94 €/KG","img":"https://fd5-photos.leclercdrive.fr/image.ashx?id=2786210&use=l&cat=p&typeid=i","cat":333682},{"id":177652,"n":"Jambon Label Rouge Fleury Michon sans nitrite x4- 160g","p":3.68,"u":"23,00 €/KG","img":"https://fd5-photos.leclercdrive.fr/image.ashx?id=2923957&use=l&cat=p&typeid=i","cat":316009},{"id":177655,"n":"Blanc de poulet Fleury Michon Doré au Four x6 - 190g","p":1.79,"u":"9,42 €/KG","img":"https://fd5-photos.leclercdrive.fr/image.ashx?id=3004972&use=l&cat=p&typeid=i","cat":316010},{"id":177670,"n":"Crème fraîche entière Yoplait 30%MG - 450g","p":1.94,"u":"4,31 €/KG","img":"https://fd5-photos.leclercdrive.fr/image.ashx?id=2811044&use=l&cat=p&typeid=i","cat":284381},{"id":177672,"n":"Crème fraîche entière Yoplait 30%MG - 190g","p":0.88,"u":"4,63 €/KG","img":"https://fd5-photos.leclercdrive.fr/image.ashx?id=2811041&use=l&cat=p&typeid=i","cat":284381},{"id":177676,"n":"Skyr Yoplait  Nature 0%MG - 8x100G","p":3.43,"u":"4,29 €/KG","img":"https://fd5-photos.leclercdrive.fr/image.ashx?id=2884450&use=l&cat=p&typeid=i","cat":315000},{"id":177677,"n":"Skyr Yoplait  Lit Fruits Rouges 0%MG - 8x100G","p":3.23,"u":"4,04 €/KG","img":"https://fd5-photos.leclercdrive.fr/image.ashx?id=2884453&use=l&cat=p&typeid=i","cat":315000},{"id":177698,"n":"Knacki Original Herta Sans nitrite x4 - 140g","p":2.13,"u":"15,21 €/KG","img":"https://fd5-photos.leclercdrive.fr/image.ashx?id=2309423&use=l&cat=p&typeid=i","cat":316012},{"id":177704,"n":"Knacki Original Herta 100% Porc - 210g","p":2.27,"u":"10,81 €/KG","img":"https://fd5-photos.leclercdrive.fr/image.ashx?id=2309417&use=l&cat=p&typeid=i","cat":316012},{"id":177717,"n":"Bière blonde Ch'ti  6,8° - 33cl","p":1.24,"u":"3,76 €/L","img":"https://fd5-photos.leclercdrive.fr/image.ashx?id=2309615&use=l&cat=p&typeid=i","cat":334873},{"id":177718,"n":"Bière blonde Ch'Ti Originale 6x25cl","p":6.67,"u":"4,45 €/L","img":"https://fd5-photos.leclercdrive.fr/image.ashx?id=2309612&use=l&cat=p&typeid=i","cat":334852},{"id":177719,"n":"Soin contour des yeux Nivea Cellular Luminous - 15ml","p":16.1,"img":"https://fd5-photos.leclercdrive.fr/image.ashx?id=2839274&use=l&cat=p&typeid=i","cat":325345},{"id":177720,"n":"Crème mains correctrice Nivea Luminous FPS15 - 50ml","p":6.26,"u":"125,20 €/L","img":"https://fd5-photos.leclercdrive.fr/image.ashx?id=2503320&use=l&cat=p&typeid=i","cat":null},{"id":177721,"n":"Crème Visage Nuit Nivea Anti-taches Luminous - 50ml","p":21.13,"u":"422,60 €/L","img":"https://fd5-photos.leclercdrive.fr/image.ashx?id=3000345&use=l&cat=p&typeid=i","cat":325345},{"id":177723,"n":"Fluide teinté anti-tâches Nivea Luminous FPS20 -","p":18.84,"u":"471,00 €/L","img":"https://fd5-photos.leclercdrive.fr/image.ashx?id=2602281&use=l&cat=p&typeid=i","cat":325345},{"id":177849,"n":"Lessive Sanytol désinfectante fraicheur florale - 1,70L","p":10.14,"u":"5,96 €/L","img":"https://fd5-photos.leclercdrive.fr/image.ashx?id=2902978&use=l&cat=p&typeid=i","cat":284640},{"id":177941,"n":"Courgettes Bio Bio Village Filet - 750g","p":3.99,"u":"5,32 €/KG","img":"https://fd5-photos.leclercdrive.fr/image.ashx?id=2625698&use=l&cat=p&typeid=i","cat":284352},{"id":178108,"n":"Burrata de vache Casa Azzurra 125g","p":2.95,"u":"23,60 €/KG","img":"https://fd5-photos.leclercdrive.fr/image.ashx?id=2927549&use=l&cat=p&typeid=i","cat":314026},{"id":178111,"n":"Pizza Dr.Oetker Ristorante 4 fromages - 340g","p":2.44,"u":"7,18 €/KG","img":"https://fd5-photos.leclercdrive.fr/image.ashx?id=2993050&use=l&cat=p&typeid=i","cat":284256},{"id":178112,"n":"Pizza Dr.Oetker Ristorante Mozzarella - 335g","p":2.6,"u":"7,76 €/KG","img":"https://fd5-photos.leclercdrive.fr/image.ashx?id=2993062&use=l&cat=p&typeid=i","cat":284256},{"id":178113,"n":"Pizza Dr.Oetker Ristorante  Vegetale aux légumes - 385g","p":2.82,"u":"7,32 €/KG","img":"https://fd5-photos.leclercdrive.fr/image.ashx?id=2993068&use=l&cat=p&typeid=i","cat":284256},{"id":178114,"n":"Pizza Ristorante Dr Oetker Royale - 350g","p":2.86,"u":"8,17 €/KG","img":"https://fd5-photos.leclercdrive.fr/image.ashx?id=2993044&use=l&cat=p&typeid=i","cat":284256},{"id":178144,"n":"Thé glacé MayTea Saveur Pêche - 1,2L","p":1.89,"u":"1,58 €/L","img":"https://fd5-photos.leclercdrive.fr/image.ashx?id=2648661&use=l&cat=p&typeid=i","cat":295019},{"id":178147,"n":"Céréales Trésor Kellogg's Chocolat noisettes - 620g","p":4.32,"u":"6,97 €/KG","img":"https://fd5-photos.leclercdrive.fr/image.ashx?id=2598331&use=l&cat=p&typeid=i","cat":309513},{"id":178163,"n":"Thé glacé MayTea Saveur Menthe - 1,2L","p":1.89,"u":"1,58 €/L","img":"https://fd5-photos.leclercdrive.fr/image.ashx?id=2648664&use=l&cat=p&typeid=i","cat":295019},{"id":178186,"n":"Compotes Andros Poire williams 750g","p":2.55,"u":"3,40 €/KG","img":"https://fd5-photos.leclercdrive.fr/image.ashx?id=2313750&use=l&cat=p&typeid=i","cat":284508},{"id":178189,"n":"Compote Andros Pomme golden ssa 640g","p":1.78,"u":"2,78 €/KG","img":"https://fd5-photos.leclercdrive.fr/image.ashx?id=2395023&use=l&cat=p&typeid=i","cat":284508},{"id":178251,"n":"Brocoli Eco+ 400g","p":0.99,"u":"2,48 €/KG","img":"https://fd5-photos.leclercdrive.fr/image.ashx?id=2953398&use=l&cat=p&typeid=i","cat":284352},{"id":178253,"n":"Yaourt aux fruits Eco+ Panaché - 12x125g","p":2.47,"u":"1,65 €/KG","img":"https://fd5-photos.leclercdrive.fr/image.ashx?id=2849635&use=l&cat=p&typeid=i","cat":284410},{"id":178260,"n":"Truite fumée Eco+ 100g","p":2.33,"u":"23,30 €/KG","img":"https://fd5-photos.leclercdrive.fr/image.ashx?id=2973505&use=l&cat=p&typeid=i","cat":285188},{"id":178261,"n":"Dés de Cheddar Apér'idées 150g","p":2.93,"u":"19,53 €/KG","img":"https://fd5-photos.leclercdrive.fr/image.ashx?id=2313801&use=l&cat=p&typeid=i","cat":314027},{"id":178346,"n":"Thé glacé MayTea Saveur Framboise - 1,2L","p":1.95,"u":"1,63 €/L","img":"https://fd5-photos.leclercdrive.fr/image.ashx?id=2643863&use=l&cat=p&typeid=i","cat":295019},{"id":178625,"n":"Recharge gel douche Sanex Zéro% Tous types de peaux - 500ml","p":2.98,"u":"5,96 €/L","img":"https://fd5-photos.leclercdrive.fr/image.ashx?id=2859986&use=l&cat=p&typeid=i","cat":284594},{"id":178632,"n":"Brosses à dents Sensodyne extra souple x3","p":7.99,"u":"2,66 €/P","img":"https://fd5-photos.leclercdrive.fr/image.ashx?id=2318859&use=l&cat=p&typeid=i","cat":284614},{"id":178682,"n":"Bière blonde Grimbergen Cuvé 8.5 6X25cl","p":5.19,"u":"3,46 €/L","img":"https://fd5-photos.leclercdrive.fr/image.ashx?id=2319541&use=l&cat=p&typeid=i","cat":334852},{"id":178716,"n":"Couches Pampers Premium  Taille 2 - 108 couches","p":39.0,"u":"0,36 €/P","img":"https://fd5-photos.leclercdrive.fr/image.ashx?id=2419704&use=l&cat=p&typeid=i","cat":284737},{"id":178791,"n":"Huile d'olive Terra Delyssa Bio - 75cl","p":9.55,"u":"12,73 €/L","img":"https://fd5-photos.leclercdrive.fr/image.ashx?id=2736847&use=l&cat=p&typeid=i","cat":284453},{"id":178811,"n":"Compote Andros Pomme Poire - 8x100g","p":2.51,"u":"3,14 €/KG","img":"https://fd5-photos.leclercdrive.fr/image.ashx?id=2320654&use=l&cat=p&typeid=i","cat":284416},{"id":178812,"n":"Compote Andros Pomme Abricot - 8x100g","p":2.51,"u":"3,14 €/KG","img":"https://fd5-photos.leclercdrive.fr/image.ashx?id=2320657&use=l&cat=p&typeid=i","cat":284416},{"id":178813,"n":"Compote Andros Pomme Fraise - 8x100g","p":2.51,"u":"3,14 €/KG","img":"https://fd5-photos.leclercdrive.fr/image.ashx?id=2320660&use=l&cat=p&typeid=i","cat":284416},{"id":178845,"n":"Tampons Tampax Compak  Avec applicateur - Super+ - x22","p":3.01,"u":"0,14 €/P","img":"https://fd5-photos.leclercdrive.fr/image.ashx?id=2850405&use=l&cat=p&typeid=i","cat":284626},{"id":178888,"n":"Soin jour anti-âge Nivea FPS15 Peaux matures et sèches - 50ml","p":14.88,"u":"297,60 €/L","img":"https://fd5-photos.leclercdrive.fr/image.ashx?id=2321532&use=l&cat=p&typeid=i","cat":325345},{"id":178890,"n":"Café en grains San Marco n°7 - 1kg","p":15.95,"u":"15,95 €/KG","img":"https://fd5-photos.leclercdrive.fr/image.ashx?id=2322157&use=l&cat=p&typeid=i","cat":293237},{"id":178891,"n":"Soin nuit anti-âge Nivea  Peaux matures et sèches - 50ml","p":15.03,"u":"300,60 €/L","img":"https://fd5-photos.leclercdrive.fr/image.ashx?id=2321535&use=l&cat=p&typeid=i","cat":325345},{"id":178897,"n":"Bière rouge Kwak 8% - 75cl","p":4.6,"u":"6,13 €/L","img":"https://fd5-photos.leclercdrive.fr/image.ashx?id=2548318&use=l&cat=p&typeid=i","cat":334872},{"id":178925,"n":"Soin jour Nivea visage FPS15 Matifiant 2x50ml","p":7.46,"u":"74,60 €/L","img":"https://fd5-photos.leclercdrive.fr/image.ashx?id=2401628&use=l&cat=p&typeid=i","cat":null},{"id":178948,"n":"Gâteau Savane Brossard Tout chocolat pocket x7 210g","p":2.43,"u":"11,57 €/KG","img":"https://fd5-photos.leclercdrive.fr/image.ashx?id=2870728&use=l&cat=p&typeid=i","cat":294776},{"id":178954,"n":"Mouchoirs Family Kleenex® Boîte x128","p":1.67,"u":"0,01 €/P","img":"https://fd5-photos.leclercdrive.fr/image.ashx?id=3009017&use=l&cat=p&typeid=i","cat":284638},{"id":178967,"n":"Mochi glacé Vanille Mei Asia - 180g","p":4.97,"u":"27,61 €/KG","img":"https://fd5-photos.leclercdrive.fr/image.ashx?id=2322986&use=l&cat=p&typeid=i","cat":284266},{"id":178974,"n":"Mouchoirs Balsam Kleenex® Boîte x64","p":1.78,"u":"0,03 €/P","img":"https://fd5-photos.leclercdrive.fr/image.ashx?id=2853353&use=l&cat=p&typeid=i","cat":284638},{"id":178985,"n":"Diffuseur électrique Febreze 3volution Linge frais -20ml","p":8.42,"u":"421,00 €/L","img":"https://fd5-photos.leclercdrive.fr/image.ashx?id=2737519&use=l&cat=p&typeid=i","cat":311629},{"id":179002,"n":"Préservatifs Durex Confort Essential Confiance x24","p":7.81,"u":"0,33 €/P","img":"https://fd5-photos.leclercdrive.fr/image.ashx?id=2962029&use=l&cat=p&typeid=i","cat":284631},{"id":179025,"n":"Sacs poubelle 30L Handy Bag Ultra résistant - x20","p":2.73,"u":"0,14 €/P","img":"https://fd5-photos.leclercdrive.fr/image.ashx?id=2603800&use=l&cat=p&typeid=i","cat":285168},{"id":179028,"n":"Gel douche Sanex zéro 0% Peaux normales - 725ml","p":4.63,"u":"6,39 €/L","img":"https://fd5-photos.leclercdrive.fr/image.ashx?id=2685540&use=l&cat=p&typeid=i","cat":284594},{"id":179031,"n":"Gel douche Sanex zéro 0% Peaux normales - 475ml","p":3.06,"u":"6,44 €/L","img":"https://fd5-photos.leclercdrive.fr/image.ashx?id=2648851&use=l&cat=p&typeid=i","cat":284594},{"id":179039,"n":"Film fraîcheur Albal 30m","p":2.31,"img":"https://fd5-photos.leclercdrive.fr/image.ashx?id=2929056&use=l&cat=p&typeid=i","cat":334134},{"id":179056,"n":"Dentifrice Signal Integral 8  Fraîcheur et détox -75ml","p":2.11,"u":"28,13 €/L","img":"https://fd5-photos.leclercdrive.fr/image.ashx?id=2960228&use=l&cat=p&typeid=i","cat":284612},{"id":179084,"n":"Liqueur Isautier  Banane flambée 17° - 50cl","p":17.34,"u":"34,68 €/L","img":"https://fd5-photos.leclercdrive.fr/image.ashx?id=2322679&use=l&cat=p&typeid=i","cat":286032},{"id":179085,"n":"Rhum épicé Bacardi Spiced 35° - 70cl","p":15.17,"u":"21,67 €/L","img":"https://fd5-photos.leclercdrive.fr/image.ashx?id=2322823&use=l&cat=p&typeid=i","cat":284550},{"id":179256,"n":"Jus Ocean Spray Classic  Cranberry - 1L","p":1.95,"u":"1,95 €/L","img":"https://fd5-photos.leclercdrive.fr/image.ashx?id=2324021&use=l&cat=p&typeid=i","cat":284915},{"id":179263,"n":"Sérum de nuit L'Oréal Paris Age Perfect anti-âge - 30ml","p":11.97,"pp":7.9,"u":"263,33 €/L","img":"https://fd5-photos.leclercdrive.fr/image.ashx?id=2867536&use=l&cat=p&typeid=i","cat":325345},{"id":179264,"n":"Sérum repulpant L'Oréal Paris Revitalift anti-rides - 20ml","p":14.89,"u":"744,50 €/L","img":"https://fd5-photos.leclercdrive.fr/image.ashx?id=2867539&use=l&cat=p&typeid=i","cat":325345},{"id":179286,"n":"Risotto Saint-Jean Poulet rôti et légumes 300g","p":3.39,"u":"11,30 €/KG","img":"https://fd5-photos.leclercdrive.fr/image.ashx?id=2487689&use=l&cat=p&typeid=i","cat":333665},{"id":179288,"n":"Risotto Saint-Jacques Tomates  Saint-Jean - 300g","p":3.39,"u":"11,30 €/KG","img":"https://fd5-photos.leclercdrive.fr/image.ashx?id=2487692&use=l&cat=p&typeid=i","cat":333665},{"id":179300,"n":"Lait bébé Candia Baby 4ème âge - 6x1L","p":11.57,"u":"1,93 €/L","img":"https://fd5-photos.leclercdrive.fr/image.ashx?id=2963358&use=l&cat=p&typeid=i","cat":284728},{"id":179326,"n":"Gel douche Sanex Zéro 0% Peaux sèches - 475ml","p":3.13,"u":"6,59 €/L","img":"https://fd5-photos.leclercdrive.fr/image.ashx?id=2692857&use=l&cat=p&typeid=i","cat":284594},{"id":179352,"n":"Eco recharge gel douche Sanex 0% Peaux sèches - 500ml","p":3.02,"u":"6,04 €/L","img":"https://fd5-photos.leclercdrive.fr/image.ashx?id=2866199&use=l&cat=p&typeid=i","cat":284594},{"id":179357,"n":"Eco recharge shampooing bio N.A.E. nutrition - 500ML","p":8.55,"u":"17,10 €/L","img":"https://fd5-photos.leclercdrive.fr/image.ashx?id=2464042&use=l&cat=p&typeid=i","cat":284606},{"id":179374,"n":"Champagne Germain Président Rosé - 75cl","p":28.8,"u":"38,40 €/L","img":"https://fd5-photos.leclercdrive.fr/image.ashx?id=2999255&use=l&cat=p&typeid=i","cat":284542},{"id":179380,"n":"Crème hydratante SO'BiO étic men Guarana - 50ml","p":9.82,"u":"196,40 €/L","img":"https://fd5-photos.leclercdrive.fr/image.ashx?id=2505564&use=l&cat=p&typeid=i","cat":284622},{"id":179381,"n":"Crème visage SO'BiO étic Men Anti-âge Hêtre - 50ml","p":10.13,"u":"202,60 €/L","img":"https://fd5-photos.leclercdrive.fr/image.ashx?id=2325245&use=l&cat=p&typeid=i","cat":284622},{"id":179382,"n":"Crème nutritive SO'BiO étic bio Argan Peaux matures - 50ml","p":14.16,"u":"283,20 €/L","img":"https://fd5-photos.leclercdrive.fr/image.ashx?id=2775628&use=l&cat=p&typeid=i","cat":325345},{"id":179383,"n":"Sérum SO'BiO étic rose éclat Argan Peaux matures bio - 30ml","p":13.83,"u":"461,00 €/L","img":"https://fd5-photos.leclercdrive.fr/image.ashx?id=2493526&use=l&cat=p&typeid=i","cat":325345},{"id":179384,"n":"Pâte à tartiner Eco+ 750g - aux noissettes","p":2.47,"u":"3,29 €/KG","img":"https://fd5-photos.leclercdrive.fr/image.ashx?id=2841148&use=l&cat=p&typeid=i","cat":284481},{"id":179389,"n":"Gel à raser SO'BiO Men précision - 150ml","p":5.69,"u":"37,93 €/L","img":"https://fd5-photos.leclercdrive.fr/image.ashx?id=2325251&use=l&cat=p&typeid=i","cat":284617},{"id":179390,"n":"Huile barbe SO'BiO étic Men nourrissante - 50ml","p":8.39,"u":"167,80 €/L","img":"https://fd5-photos.leclercdrive.fr/image.ashx?id=2694842&use=l&cat=p&typeid=i","cat":284622},{"id":179403,"n":"Eau gazeuse Vichy Célestins 6x1,15L","p":3.65,"u":"0,53 €/L","img":"https://fd5-photos.leclercdrive.fr/image.ashx?id=2376542&use=l&cat=p&typeid=i","cat":284536},{"id":179431,"n":"Brioche Pitch Chocolat x8 - 300g","p":1.71,"u":"5,70 €/KG","img":"https://fd5-photos.leclercdrive.fr/image.ashx?id=2452119&use=l&cat=p&typeid=i","cat":293505},{"id":179432,"n":"Brioches Pitch Fraise x8 - 300g","p":1.83,"u":"6,10 €/KG","img":"https://fd5-photos.leclercdrive.fr/image.ashx?id=2452116&use=l&cat=p&typeid=i","cat":293505},{"id":179433,"n":"Brioche Pitch Chocolat au lait x8 - 300g","p":2.06,"u":"6,87 €/KG","img":"https://fd5-photos.leclercdrive.fr/image.ashx?id=2452113&use=l&cat=p&typeid=i","cat":293505},{"id":179435,"n":"Brioche Pitch Chocolat x12 - 450g","p":2.84,"u":"6,31 €/KG","img":"https://fd5-photos.leclercdrive.fr/image.ashx?id=2452110&use=l&cat=p&typeid=i","cat":293505},{"id":179437,"n":"Brioches Pitch Pépites chocolat x8 - 300g","p":1.99,"u":"6,63 €/KG","img":"https://fd5-photos.leclercdrive.fr/image.ashx?id=2452107&use=l&cat=p&typeid=i","cat":293505},{"id":179438,"n":"Brioche Pitch Pépites de chocolat x12 - 450g","p":2.98,"u":"6,62 €/KG","img":"https://fd5-photos.leclercdrive.fr/image.ashx?id=2452104&use=l&cat=p&typeid=i","cat":293505},{"id":179440,"n":"Brioches Pitch  Choco barre lait x8 - 300g","p":2.28,"u":"7,60 €/KG","img":"https://fd5-photos.leclercdrive.fr/image.ashx?id=2454115&use=l&cat=p&typeid=i","cat":293505},{"id":179443,"n":"Brioches Pitch Crousti x8 - 300g","p":2.76,"u":"9,20 €/KG","img":"https://fd5-photos.leclercdrive.fr/image.ashx?id=2454109&use=l&cat=p&typeid=i","cat":293505},{"id":179487,"n":"Gel douche Sanex Zéro 0% Peaux sèches - 2x475ml","p":6.3,"u":"6,63 €/L","img":"https://fd5-photos.leclercdrive.fr/image.ashx?id=2676921&use=l&cat=p&typeid=i","cat":284594},{"id":179488,"n":"Gel douche Sanex Zéro 0% Peaux normales - 2x475ml","p":6.3,"u":"6,63 €/L","img":"https://fd5-photos.leclercdrive.fr/image.ashx?id=2676924&use=l&cat=p&typeid=i","cat":284594},{"id":179505,"n":"Brosse à dents électrique  Oral B power pro-sensitive","p":63.0,"u":"Dont 0,07 € d'éco-part.","img":"https://fd5-photos.leclercdrive.fr/image.ashx?id=2328925&use=l&cat=p&typeid=i","cat":297133},{"id":179513,"n":"Lames de rasoir Gillette  jetables Base 3 - x24","p":31.65,"u":"1,32 €/P","img":"https://fd5-photos.leclercdrive.fr/image.ashx?id=2330185&use=l&cat=p&typeid=i","cat":284616},{"id":179533,"n":"Soda Fanta citron  bouteille - 1.25L","p":1.63,"u":"1,30 €/L","img":"https://fd5-photos.leclercdrive.fr/image.ashx?id=2659394&use=l&cat=p&typeid=i","cat":284532},{"id":179645,"n":"Limonade double zest Lorina Bouteille - 1,25L","p":1.22,"u":"0,98 €/L","img":"https://fd5-photos.leclercdrive.fr/image.ashx?id=2723836&use=l&cat=p&typeid=i","cat":284531},{"id":179658,"n":"Capsules Café Carte Noire  Arabica Classique n°7 x10 - 55g","p":3.31,"u":"60,18 €/KG","img":"https://fd5-photos.leclercdrive.fr/image.ashx?id=2878387&use=l&cat=p&typeid=i","cat":284749},{"id":179734,"n":"Huile Isio 4 Lesieur 50cl","p":2.34,"u":"4,68 €/L","img":"https://fd5-photos.leclercdrive.fr/image.ashx?id=2916027&use=l&cat=p&typeid=i","cat":284453},{"id":179770,"n":"Bière Rince cochon triple 75cl","p":4.54,"u":"6,05 €/L","img":"https://fd5-photos.leclercdrive.fr/image.ashx?id=2475747&use=l&cat=p&typeid=i","cat":334872},{"id":179771,"n":"La Mauny passion 30° - 70cl","p":18.49,"u":"26,41 €/L","img":"https://fd5-photos.leclercdrive.fr/image.ashx?id=2956337&use=l&cat=p&typeid=i","cat":284550},{"id":179881,"n":"Crème glacée Ben & Jerry's Cookie Vermont-Ster - 324g","p":5.27,"u":"16,27 €/KG","img":"https://fd5-photos.leclercdrive.fr/image.ashx?id=2793044&use=l&cat=p&typeid=i","cat":284725},{"id":179939,"n":"Bâtonnets Trium vanille choco blanc fruits rouges x4 - 274g","p":2.69,"u":"9,82 €/KG","img":"https://fd5-photos.leclercdrive.fr/image.ashx?id=2758312&use=l&cat=p&typeid=i","cat":284265},{"id":179973,"n":"Rosso  14,4% - 1L","p":3.47,"u":"3,47 €/L","img":"https://fd5-photos.leclercdrive.fr/image.ashx?id=2800228&use=l&cat=p&typeid=i","cat":284913},{"id":179974,"n":"Bianco 14,4% - 1L","p":3.5,"u":"3,50 €/L","img":"https://fd5-photos.leclercdrive.fr/image.ashx?id=2800231&use=l&cat=p&typeid=i","cat":284913},{"id":179975,"n":"Whisky Monkey Shoulder Smokey 40% - 70cl","p":30.49,"u":"43,56 €/L","img":"https://fd5-photos.leclercdrive.fr/image.ashx?id=2883714&use=l&cat=p&typeid=i","cat":284547},{"id":179976,"n":"Chocolat noir Lindt Excellence 28 bouchées - 154g","p":5.01,"u":"32,53 €/KG","img":"https://fd5-photos.leclercdrive.fr/image.ashx?id=2425592&use=l&cat=p&typeid=i","cat":284499},{"id":179978,"n":"Captain Morgan rhum blanc 37,5° - 70cl","p":15.25,"u":"21,79 €/L","img":"https://fd5-photos.leclercdrive.fr/image.ashx?id=2578322&use=l&cat=p&typeid=i","cat":284550},{"id":179985,"n":"Bière ambrée Ch'ti   6,2°  -75cl","p":3.37,"u":"4,49 €/L","img":"https://fd5-photos.leclercdrive.fr/image.ashx?id=2329473&use=l&cat=p&typeid=i","cat":334852},{"id":180024,"n":"Tablette de chocolat noir Lindt Noisette caramel - 100g","p":2.27,"u":"22,70 €/KG","img":"https://fd5-photos.leclercdrive.fr/image.ashx?id=2881296&use=l&cat=p&typeid=i","cat":284956},{"id":180029,"n":"Sucre gélifiant Daddy  spécial gelée - 1kg","p":2.35,"u":"2,35 €/KG","img":"https://fd5-photos.leclercdrive.fr/image.ashx?id=2975861&use=l&cat=p&typeid=i","cat":284502},{"id":180041,"n":"Chips Tuiles Pringles Paprika - 175g","p":1.66,"u":"9,49 €/KG","img":"https://fd5-photos.leclercdrive.fr/image.ashx?id=2902301&use=l&cat=p&typeid=i","cat":287899},{"id":180071,"n":"Cidre doux Eco+ 2% - 75cl","p":1.59,"u":"2,12 €/L","img":"https://fd5-photos.leclercdrive.fr/image.ashx?id=2903926&use=l&cat=p&typeid=i","cat":334880},{"id":180079,"n":"Biscuits chocolats Kinder Duo Chocolat blanc et lait - 150g","p":2.06,"u":"13,73 €/KG","img":"https://fd5-photos.leclercdrive.fr/image.ashx?id=2959127&use=l&cat=p&typeid=i","cat":284488},{"id":180083,"n":"Pastis Eco+ 40% - 1L","p":15.08,"u":"15,08 €/L","img":"https://fd5-photos.leclercdrive.fr/image.ashx?id=2637823&use=l&cat=p&typeid=i","cat":284548},{"id":180118,"n":"Mais d'aucy  Bio - 2x140g","p":1.99,"u":"7,11 €/KG","img":"https://fd5-photos.leclercdrive.fr/image.ashx?id=2651825&use=l&cat=p&typeid=i","cat":312611},{"id":180121,"n":"Riz curry et poulet individuel William Saurin - 300g","p":2.93,"u":"9,77 €/KG","img":"https://fd5-photos.leclercdrive.fr/image.ashx?id=2335184&use=l&cat=p&typeid=i","cat":284953},{"id":180154,"n":"Chewing-gum Freedent Myrtille sans sucres 5x10 dragées -70g","p":2.04,"u":"29,14 €/KG","img":"https://fd5-photos.leclercdrive.fr/image.ashx?id=2330356&use=l&cat=p&typeid=i","cat":304251},{"id":180155,"n":"Chewing-gum Freedent White Fraise 5x10 dragées - 70g","p":2.86,"u":"40,86 €/KG","img":"https://fd5-photos.leclercdrive.fr/image.ashx?id=2330359&use=l&cat=p&typeid=i","cat":304251},{"id":180157,"n":"Gelée de Groseilles Bonne Maman - 370g","p":1.77,"u":"4,78 €/KG","img":"https://fd5-photos.leclercdrive.fr/image.ashx?id=2482975&use=l&cat=p&typeid=i","cat":284480},{"id":180173,"n":"Pâté de foie Hénaff supérieur  sel de Guérande - 3x78g","p":2.15,"u":"9,19 €/KG","img":"https://fd5-photos.leclercdrive.fr/image.ashx?id=2582132&use=l&cat=p&typeid=i","cat":305149},{"id":180180,"n":"Ramen Tanoshi saveur boeuf nouilles japonaises - 360g","p":2.67,"u":"7,42 €/KG","img":"https://fd5-photos.leclercdrive.fr/image.ashx?id=2922974&use=l&cat=p&typeid=i","cat":288992},{"id":180181,"n":"Sardines à l'huile d'olive Connétable - 135g","p":2.97,"u":"22,00 €/KG","img":"https://fd5-photos.leclercdrive.fr/image.ashx?id=2762115&use=l&cat=p&typeid=i","cat":305146},{"id":180187,"n":"Sauce Pesto Tomates Basilic Panzani - 200G","p":1.62,"u":"8,10 €/KG","img":"https://fd5-photos.leclercdrive.fr/image.ashx?id=2977930&use=l&cat=p&typeid=i","cat":287599},{"id":180191,"n":"Sucre gélifiant Béghin Say spécial gelée - 1kg","p":2.24,"u":"2,24 €/KG","img":"https://fd5-photos.leclercdrive.fr/image.ashx?id=2653441&use=l&cat=p&typeid=i","cat":284502},{"id":180192,"n":"Sucre en grains Béghin Say doypack - 350g","p":2.27,"u":"6,49 €/KG","img":"https://fd5-photos.leclercdrive.fr/image.ashx?id=2866358&use=l&cat=p&typeid=i","cat":284502},{"id":180196,"n":"Brioches Pitch  Pomme poire - x8 - 300g","p":2.48,"u":"8,27 €/KG","img":"https://fd5-photos.leclercdrive.fr/image.ashx?id=2454100&use=l&cat=p&typeid=i","cat":293505},{"id":180197,"n":"Langue Pik Haribo Sachet bonbons acidulés - 180g","p":1.59,"u":"8,83 €/KG","img":"https://fd5-photos.leclercdrive.fr/image.ashx?id=2984949&use=l&cat=p&typeid=i","cat":304250},{"id":180201,"n":"Thé Earl Grey Twinings 50 sachets - 100g","p":3.9,"u":"39,00 €/KG","img":"https://fd5-photos.leclercdrive.fr/image.ashx?id=2893018&use=l&cat=p&typeid=i","cat":293233},{"id":180202,"n":"Purée de tomate Panzani Tomacouli ail & herbes - 500g","p":1.35,"u":"2,70 €/KG","img":"https://fd5-photos.leclercdrive.fr/image.ashx?id=2890610&use=l&cat=p&typeid=i","cat":288384},{"id":180207,"n":"Les Arrangés Divins - Eden Bio Bio 28,7% 70cl","p":29.4,"u":"42,00 €/L","img":"https://fd5-photos.leclercdrive.fr/image.ashx?id=2330688&use=l&cat=p&typeid=i","cat":286032},{"id":180219,"n":"Terrine forestière campagne confit de foie Hénaff- 3x180g","p":6.19,"u":"11,46 €/KG","img":"https://fd5-photos.leclercdrive.fr/image.ashx?id=3005098&use=l&cat=p&typeid=i","cat":305149},{"id":180228,"n":"Boisson à base d'alcool Grants summer 35° - 70cl","p":14.02,"u":"20,03 €/L","img":"https://fd5-photos.leclercdrive.fr/image.ashx?id=2834722&use=l&cat=p&typeid=i","cat":284551},{"id":180229,"n":"Miettes de crabe Eco+ - 121g","p":1.63,"u":"13,47 €/KG","img":"https://fd5-photos.leclercdrive.fr/image.ashx?id=2989637&use=l&cat=p&typeid=i","cat":305147},{"id":180240,"n":"Sucre roux de canne  Blonvilliers - 750g","p":2.77,"u":"3,69 €/KG","img":"https://fd5-photos.leclercdrive.fr/image.ashx?id=2460092&use=l&cat=p&typeid=i","cat":284502},{"id":180302,"n":"Biscuits Palmier St Michel  au beurre - 87g","p":1.18,"u":"13,56 €/KG","img":"https://fd5-photos.leclercdrive.fr/image.ashx?id=2555379&use=l&cat=p&typeid=i","cat":284487},{"id":180303,"n":"Biscuits galettes St Michel au  beurre 1905 - 150g","p":1.46,"u":"9,73 €/KG","img":"https://fd5-photos.leclercdrive.fr/image.ashx?id=2937766&use=l&cat=p&typeid=i","cat":284487},{"id":180305,"n":"Pâté de foie Eco+ x3 - 234g","p":1.33,"u":"5,68 €/KG","img":"https://fd5-photos.leclercdrive.fr/image.ashx?id=2852940&use=l&cat=p&typeid=i","cat":305149},{"id":180307,"n":"Patée pour chat Eco+ boeuf et à la carotte - 410g","p":0.96,"u":"2,34 €/KG","img":"https://fd5-photos.leclercdrive.fr/image.ashx?id=2949233&use=l&cat=p&typeid=i","cat":285601},{"id":180309,"n":"Spray Raid Essentials Anti Moustiques 300ml","p":4.34,"u":"14,47 €/L","img":"https://fd5-photos.leclercdrive.fr/image.ashx?id=2331023&use=l&cat=p&typeid=i","cat":298368},{"id":180317,"n":"Pistaches non salées Tokapi 125g","p":2.33,"u":"18,64 €/KG","img":"https://fd5-photos.leclercdrive.fr/image.ashx?id=2793302&use=l&cat=p&typeid=i","cat":284448},{"id":180324,"n":"Recharge Electr Raid Essentials Répulsif Moust. Eucal agrumes","p":6.14,"u":"191,88 €/L","img":"https://fd5-photos.leclercdrive.fr/image.ashx?id=2336431&use=l&cat=p&typeid=i","cat":298368},{"id":180327,"n":"Pâtée pour chats Eco+ poisson et à la carotte - 410g","p":0.7,"u":"1,71 €/KG","img":"https://fd5-photos.leclercdrive.fr/image.ashx?id=2794175&use=l&cat=p&typeid=i","cat":285601},{"id":180330,"n":"Rice Crackers N.A Sel de mer - 85g","p":1.78,"u":"20,94 €/KG","img":"https://fd5-photos.leclercdrive.fr/image.ashx?id=2339757&use=l&cat=p&typeid=i","cat":297000},{"id":180332,"n":"Recharge Electrique Pyrel Répulsif Moust. Eucal agrumes","p":6.45,"u":"201,56 €/L","img":"https://fd5-photos.leclercdrive.fr/image.ashx?id=2336434&use=l&cat=p&typeid=i","cat":298368},{"id":180335,"n":"Chocolat noir Poulain extra-fin à cuisiner - 2x180g","p":3.85,"u":"10,69 €/KG","img":"https://fd5-photos.leclercdrive.fr/image.ashx?id=2986672&use=l&cat=p&typeid=i","cat":284956},{"id":180340,"n":"Lait bébé 1A GUIGOZ OPTIPRO  0-6 mois - 2x600g","p":20.67,"u":"17,23 €/KG","img":"https://fd5-photos.leclercdrive.fr/image.ashx?id=2846147&use=l&cat=p&typeid=i","cat":284726},{"id":180344,"n":"Fromage enfant Mini Babybel 6 portions goûter - 132g","p":2.25,"u":"17,05 €/KG","img":"https://fd5-photos.leclercdrive.fr/image.ashx?id=2970822&use=l&cat=p&typeid=i","cat":314030},{"id":180345,"n":"Fromage enfant Mini Babybel 12 portions goûter - 264g","p":4.29,"u":"16,25 €/KG","img":"https://fd5-photos.leclercdrive.fr/image.ashx?id=2970825&use=l&cat=p&typeid=i","cat":314030},{"id":180351,"n":"Friandises chat Sheba Creamy snacks poulet - 4x12g","p":2.93,"u":"61,04 €/KG","img":"https://fd5-photos.leclercdrive.fr/image.ashx?id=2331147&use=l&cat=p&typeid=i","cat":285285},{"id":180376,"n":"Chocolat au lait Bio Village Patissier Bio - 200g","p":3.71,"u":"18,55 €/KG","img":"https://fd5-photos.leclercdrive.fr/image.ashx?id=2776517&use=l&cat=p&typeid=i","cat":285562},{"id":180392,"n":"Bonbons Lutti Pokémon fizz - 180g","p":1.66,"u":"9,22 €/KG","img":"https://fd5-photos.leclercdrive.fr/image.ashx?id=2806150&use=l&cat=p&typeid=i","cat":304250},{"id":180405,"n":"Thon au Naturel Petit Navire 2x112g","p":3.88,"u":"17,32 €/KG","img":"https://fd5-photos.leclercdrive.fr/image.ashx?id=2944618&use=l&cat=p&typeid=i","cat":303867},{"id":180418,"n":"Pois chiches Sultanines 530g","p":1.4,"u":"2,64 €/KG","img":"https://fd5-photos.leclercdrive.fr/image.ashx?id=2331363&use=l&cat=p&typeid=i","cat":312609},{"id":180458,"n":"Amandes en poudre Vahiné 125g","p":2.97,"u":"23,76 €/KG","img":"https://fd5-photos.leclercdrive.fr/image.ashx?id=2785934&use=l&cat=p&typeid=i","cat":284504},{"id":180464,"n":"Caramels tendres Werthers 165g","p":2.43,"u":"14,73 €/KG","img":"https://fd5-photos.leclercdrive.fr/image.ashx?id=2660164&use=l&cat=p&typeid=i","cat":304252},{"id":180486,"n":"Vin mousseux Kriter brut 6x75cl","p":28.44,"u":"6,32 €/L","img":"https://fd5-photos.leclercdrive.fr/image.ashx?id=2826675&use=l&cat=p&typeid=i","cat":284544},{"id":180495,"n":"Vin mousseux Kriter demi-sec 6x75cl","p":28.92,"u":"6,43 €/L","img":"https://fd5-photos.leclercdrive.fr/image.ashx?id=2730295&use=l&cat=p&typeid=i","cat":284544},{"id":180546,"n":"Serviettes Ultra Régulier+ Nana Deo Ailettes Flux modéré - x14","p":1.93,"u":"0,14 €/P","img":"https://fd5-photos.leclercdrive.fr/image.ashx?id=2767225&use=l&cat=p&typeid=i","cat":284624},{"id":180552,"n":"Soda à l'orange Orangina 6x25cl verre","p":5.34,"u":"3,56 €/L","img":"https://fd5-photos.leclercdrive.fr/image.ashx?id=2476431&use=l&cat=p&typeid=i","cat":284532},{"id":180556,"n":"Sirop de Citron Bio Village Bio - 50cl","p":2.29,"u":"4,58 €/L","img":"https://fd5-photos.leclercdrive.fr/image.ashx?id=2873192&use=l&cat=p&typeid=i","cat":295020},{"id":180563,"n":"Viande des Grisons Aoste 10 Tranches - 70g","p":4.49,"u":"64,14 €/KG","img":"https://fd5-photos.leclercdrive.fr/image.ashx?id=2939838&use=l&cat=p&typeid=i","cat":316007},{"id":180751,"n":"Duo Apéro Fromager Gourmets Charcutiers - 180g","p":3.89,"u":"21,61 €/KG","img":"https://fd5-photos.leclercdrive.fr/image.ashx?id=2340951&use=l&cat=p&typeid=i","cat":316003},{"id":180752,"n":"Duo Apéro Espagnol Gourmets Charcutiers - 180g","p":3.89,"u":"21,61 €/KG","img":"https://fd5-photos.leclercdrive.fr/image.ashx?id=2340954&use=l&cat=p&typeid=i","cat":316003},{"id":180754,"n":"Duo Apéro Français Gourmets Charcutiers - 200g","p":3.89,"u":"19,45 €/KG","img":"https://fd5-photos.leclercdrive.fr/image.ashx?id=2340957&use=l&cat=p&typeid=i","cat":316003},{"id":180756,"n":"Duo Apéro Fruité Gourmets Charcutiers - 200g","p":3.89,"u":"19,45 €/KG","img":"https://fd5-photos.leclercdrive.fr/image.ashx?id=2340960&use=l&cat=p&typeid=i","cat":316007},{"id":180758,"n":"Duo Apéro Ch'ti Gourmets Charcutiers 200g","p":3.89,"u":"19,45 €/KG","img":"https://fd5-photos.leclercdrive.fr/image.ashx?id=2340948&use=l&cat=p&typeid=i","cat":316003},{"id":180797,"n":"Mouchoirs UltraSoft Kleenex® Boîte x64","p":1.46,"img":"https://fd5-photos.leclercdrive.fr/image.ashx?id=2853350&use=l&cat=p&typeid=i","cat":284638},{"id":180800,"n":"Lait Corps Le Petit Marseillais  Bio miel argan - 250ml","p":4.75,"u":"19,00 €/L","img":"https://fd5-photos.leclercdrive.fr/image.ashx?id=2904856&use=l&cat=p&typeid=i","cat":325349},{"id":180872,"n":"Miettes de thon huile d'olive 2x160g","p":6.33,"u":"19,78 €/KG","img":"https://fd5-photos.leclercdrive.fr/image.ashx?id=2340509&use=l&cat=p&typeid=i","cat":303867},{"id":181690,"n":"Roller encre gel Pilot Pochette 14 G-2 Colorful","p":13.9,"img":"https://fd5-photos.leclercdrive.fr/image.ashx?id=2624586&use=l&cat=p&typeid=i","cat":284696},{"id":181738,"n":"Saucisse droite aux noisettes Galibier - 200g","p":4.14,"u":"20,70 €/KG","img":"https://fd5-photos.leclercdrive.fr/image.ashx?id=2341570&use=l&cat=p&typeid=i","cat":316006},{"id":181741,"n":"Saucisse sèche au Comté AOP Galibier - 200g","p":4.75,"u":"23,75 €/KG","img":"https://fd5-photos.leclercdrive.fr/image.ashx?id=2341564&use=l&cat=p&typeid=i","cat":316006},{"id":181742,"n":"Lait Corps Le Petit Marseillais  Bio fleur d'oranger - 250ml","p":5.03,"u":"20,12 €/L","img":"https://fd5-photos.leclercdrive.fr/image.ashx?id=2341591&use=l&cat=p&typeid=i","cat":null},{"id":181761,"n":"Shampoing Le Petit Marseillais  Bio pomme & aloe vera - 250ml","p":4.17,"u":"17,38 €/L","img":"https://fd5-photos.leclercdrive.fr/image.ashx?id=2684194&use=l&cat=p&typeid=i","cat":284606},{"id":181959,"n":"Mélange charbon de bois et  briquettes Beaux Jours 24L","p":11.15,"u":"0,46 €/L","img":"https://fd5-photos.leclercdrive.fr/image.ashx?id=2341245&use=l&cat=p&typeid=i","cat":335917},{"id":182071,"n":"Croquettes chien Ultima Mini Adulte poulet - 1.35kg","p":5.56,"u":"4,12 €/KG","img":"https://fd5-photos.leclercdrive.fr/image.ashx?id=2926645&use=l&cat=p&typeid=i","cat":294526},{"id":182152,"n":"Emmental râpé fondant Président 350g","p":3.56,"u":"10,17 €/KG","img":"https://fd5-photos.leclercdrive.fr/image.ashx?id=2490599&use=l&cat=p&typeid=i","cat":314035},{"id":182179,"n":"Boisson aux fruits Oasis Tropical - 1,5L","p":2.03,"u":"1,35 €/L","img":"https://fd5-photos.leclercdrive.fr/image.ashx?id=2666698&use=l&cat=p&typeid=i","cat":295018},{"id":182212,"n":"Semoule moyenne panzani 500g","p":1.14,"u":"2,28 €/KG","img":"https://fd5-photos.leclercdrive.fr/image.ashx?id=2745562&use=l&cat=p&typeid=i","cat":284429},{"id":182215,"n":"Pâtes coquillettes lustucru 500g","p":1.09,"u":"2,18 €/KG","img":"https://fd5-photos.leclercdrive.fr/image.ashx?id=2989336&use=l&cat=p&typeid=i","cat":284427},{"id":182265,"n":"Petit cake mini Tam Tam  St Michel 375g","p":2.65,"u":"7,07 €/KG","img":"https://fd5-photos.leclercdrive.fr/image.ashx?id=2915928&use=l&cat=p&typeid=i","cat":284495},{"id":182266,"n":"Shampooing sec Batiste Original - 200ml","p":3.24,"u":"16,20 €/L","img":"https://fd5-photos.leclercdrive.fr/image.ashx?id=2344046&use=l&cat=p&typeid=i","cat":289143},{"id":182267,"n":"Shampooing sec Batiste Blush - 200ml","p":3.26,"u":"16,30 €/L","img":"https://fd5-photos.leclercdrive.fr/image.ashx?id=2630454&use=l&cat=p&typeid=i","cat":289143},{"id":182340,"n":"Lait en poudre Guigoz Optipro 2ème âge - 6-12 mois - 830g","p":15.19,"u":"18,30 €/KG","img":"https://fd5-photos.leclercdrive.fr/image.ashx?id=2737747&use=l&cat=p&typeid=i","cat":284727},{"id":182342,"n":"Lait bébé en poudre Guigoz Gest 2ème âge - 6-12 mois - 830g","p":17.75,"u":"21,39 €/KG","img":"https://fd5-photos.leclercdrive.fr/image.ashx?id=2469478&use=l&cat=p&typeid=i","cat":284727},{"id":182371,"n":"Mayonnaise bio Bio Village 238g","p":2.05,"u":"8,61 €/KG","img":"https://fd5-photos.leclercdrive.fr/image.ashx?id=2664872&use=l&cat=p&typeid=i","cat":298295},{"id":182373,"n":"Skyr Siggi's  Mangue Passion - 2x140g","p":1.99,"u":"7,11 €/KG","img":"https://fd5-photos.leclercdrive.fr/image.ashx?id=2792027&use=l&cat=p&typeid=i","cat":315000},{"id":182392,"n":"Soda Coca-Cola sans sucres Sans caféine - 6x33cl","p":3.72,"u":"1,88 €/L","img":"https://fd5-photos.leclercdrive.fr/image.ashx?id=2997232&use=l&cat=p&typeid=i","cat":284530},{"id":182480,"n":"Lait bébé en poudre Guigoz Gest 1er âge - 0-6 mois - 830g","p":18.37,"u":"22,13 €/KG","img":"https://fd5-photos.leclercdrive.fr/image.ashx?id=2895047&use=l&cat=p&typeid=i","cat":284726},{"id":182481,"n":"Lait bébé Guigoz Pelargon  Poudre- 1er âge- 0-6 mois -780g","p":17.52,"u":"22,46 €/KG","img":"https://fd5-photos.leclercdrive.fr/image.ashx?id=2961308&use=l&cat=p&typeid=i","cat":284726},{"id":182490,"n":"Lait bébé Guigoz Pelargon Poudre- 2e âge- 6-12 mois -780g","p":18.0,"u":"23,08 €/KG","img":"https://fd5-photos.leclercdrive.fr/image.ashx?id=2347386&use=l&cat=p&typeid=i","cat":284727},{"id":182542,"n":"Céréales Oreo 350g","p":4.87,"u":"13,91 €/KG","img":"https://fd5-photos.leclercdrive.fr/image.ashx?id=2764583&use=l&cat=p&typeid=i","cat":309513},{"id":182692,"n":"Nappage Caramel Vahiné 200g","p":1.55,"u":"7,75 €/KG","img":"https://fd5-photos.leclercdrive.fr/image.ashx?id=2833336&use=l&cat=p&typeid=i","cat":284504},{"id":182790,"n":"Bière blonde Leffe sans alcool 0,0% - 12x25cl","p":9.24,"u":"3,08 €/L","img":"https://fd5-photos.leclercdrive.fr/image.ashx?id=2548306&use=l&cat=p&typeid=i","cat":334877},{"id":182791,"n":"Croquettes chiens adultes Poulet - 7kg","p":24.79,"u":"3,54 €/KG","img":"https://fd5-photos.leclercdrive.fr/image.ashx?id=2894968&use=l&cat=p&typeid=i","cat":294526},{"id":182792,"n":"Croquettes Ultima Junior Petit chien - 1.35kg","p":5.25,"u":"3,89 €/KG","img":"https://fd5-photos.leclercdrive.fr/image.ashx?id=2928903&use=l&cat=p&typeid=i","cat":294526},{"id":182799,"n":"Cumin Moulu Ducros 40g","p":2.8,"u":"70,00 €/KG","img":"https://fd5-photos.leclercdrive.fr/image.ashx?id=2983222&use=l&cat=p&typeid=i","cat":298297},{"id":182833,"n":"Biscuits sablés Guet Apens LU Chocolat noisette - 105g","p":1.88,"u":"17,90 €/KG","img":"https://fd5-photos.leclercdrive.fr/image.ashx?id=3002219&use=l&cat=p&typeid=i","cat":284487},{"id":182887,"n":"Fromage à tartiner Boursin Ail & fines herbes - 150g","p":2.29,"u":"15,27 €/KG","img":"https://fd5-photos.leclercdrive.fr/image.ashx?id=2964449&use=l&cat=p&typeid=i","cat":314029},{"id":182888,"n":"Lait bébé poudre Guigoz Optipro 1er âge - 0-6mois - 830g","p":16.28,"u":"19,61 €/KG","img":"https://fd5-photos.leclercdrive.fr/image.ashx?id=2806423&use=l&cat=p&typeid=i","cat":284726},{"id":182910,"n":"Curry thai bio Céréal Bio  Lentilles repas express - 240g","p":2.47,"u":"10,29 €/KG","img":"https://fd5-photos.leclercdrive.fr/image.ashx?id=2664079&use=l&cat=p&typeid=i","cat":287600},{"id":182912,"n":"Yakisoba Céréal Bio   Bio légumes repas express 240g","p":2.44,"u":"10,17 €/KG","img":"https://fd5-photos.leclercdrive.fr/image.ashx?id=2665628&use=l&cat=p&typeid=i","cat":287600},{"id":182920,"n":"Pâtes Al Bronzo Barilla Spaghettoni - 400g","p":1.72,"u":"4,30 €/KG","img":"https://fd5-photos.leclercdrive.fr/image.ashx?id=2414466&use=l&cat=p&typeid=i","cat":284427},{"id":182938,"n":"Sauce crudités Caesar Amora 380ml","p":2.9,"u":"7,63 €/L","img":"https://fd5-photos.leclercdrive.fr/image.ashx?id=2655223&use=l&cat=p&typeid=i","cat":284456},{"id":182940,"n":"Café Soluble Carte Noire  Sticks Maxi Format - x80 - 55g","p":8.36,"u":"58,06 €/KG","img":"https://fd5-photos.leclercdrive.fr/image.ashx?id=2866100&use=l&cat=p&typeid=i","cat":284843},{"id":182966,"n":"Mini bâtonnets Trium Vanille Caramel beurre salé x8 - 294g","p":2.99,"u":"10,17 €/KG","img":"https://fd5-photos.leclercdrive.fr/image.ashx?id=2791347&use=l&cat=p&typeid=i","cat":284265},{"id":183049,"n":"Masque Tissu Skinactive Garnier Booster d'éclat Vitamine C","p":2.03,"img":"https://fd5-photos.leclercdrive.fr/image.ashx?id=2849100&use=l&cat=p&typeid=i","cat":325346},{"id":183104,"n":"Nutella Biscuit pâte à tartiner Cacao Noisettes - 207g","p":2.52,"u":"12,17 €/KG","img":"https://fd5-photos.leclercdrive.fr/image.ashx?id=2834035&use=l&cat=p&typeid=i","cat":284488},{"id":183105,"n":"Eau gazeuse San Pellegrino Essenza citron - 6x33cL","p":3.67,"u":"1,85 €/L","img":"https://fd5-photos.leclercdrive.fr/image.ashx?id=2864203&use=l&cat=p&typeid=i","cat":284536},{"id":183106,"n":"Eau gazeuse San Pellegrino Essenza sanguine - 6x33cl","p":3.67,"u":"1,85 €/L","img":"https://fd5-photos.leclercdrive.fr/image.ashx?id=2852010&use=l&cat=p&typeid=i","cat":284536},{"id":183107,"n":"Eau gazeuse San Pellegrino Essenza Pêche melon - 6x33cl","p":3.66,"u":"1,85 €/L","img":"https://fd5-photos.leclercdrive.fr/image.ashx?id=2997292&use=l&cat=p&typeid=i","cat":284536},{"id":183128,"n":"Epinards hachés à la crème  Findus légume - 500g","p":2.25,"u":"4,50 €/KG","img":"https://fd5-photos.leclercdrive.fr/image.ashx?id=3008767&use=l&cat=p&typeid=i","cat":319805},{"id":183159,"n":"Pizza Ristorante Dr.Oetker Bolognaise - 375g","p":2.85,"u":"7,60 €/KG","img":"https://fd5-photos.leclercdrive.fr/image.ashx?id=2993071&use=l&cat=p&typeid=i","cat":284256},{"id":183190,"n":"Pile alcaline Varta Longlife Power C - x2","p":9.05,"u":"4,53 €/P","img":"https://fd5-photos.leclercdrive.fr/image.ashx?id=2354950&use=l&cat=p&typeid=i","cat":300572},{"id":183214,"n":"Bière Blonde Duvel 6x25cl","p":9.73,"u":"6,49 €/L","img":"https://fd5-photos.leclercdrive.fr/image.ashx?id=2675592&use=l&cat=p&typeid=i","cat":334872},{"id":183259,"n":"Crème Corps Avocat Superfood Peaux sèches - 380ml","p":5.59,"u":"14,71 €/L","img":"https://fd5-photos.leclercdrive.fr/image.ashx?id=2867551&use=l&cat=p&typeid=i","cat":325350},{"id":183260,"n":"Crème corps hydratant Superfood Peaux très sèches - 380ml","p":5.69,"u":"14,97 €/L","img":"https://fd5-photos.leclercdrive.fr/image.ashx?id=2360812&use=l&cat=p&typeid=i","cat":325350},{"id":183262,"n":"Sérum Éclat Vitamine C Garnier Anti-taches - 30ml","p":8.68,"u":"289,33 €/L","img":"https://fd5-photos.leclercdrive.fr/image.ashx?id=2908180&use=l&cat=p&typeid=i","cat":325345},{"id":183357,"n":"Cœurs de Palmiers Rochefontaine - 220g","p":3.05,"u":"13,86 €/KG","img":"https://fd5-photos.leclercdrive.fr/image.ashx?id=2650513&use=l&cat=p&typeid=i","cat":312611},{"id":183386,"n":"Lotus Biscoff Glace Bâtonnets Chocolat blanc 284g (4x90ml)","p":3.83,"u":"13,49 €/KG","img":"https://fd5-photos.leclercdrive.fr/image.ashx?id=2682334&use=l&cat=p&typeid=i","cat":284265},{"id":183520,"n":"Déodorant Spray Rexona Anti- Transpirant 72H Invisible 200ml","p":3.21,"u":"16,05 €/L","img":"https://fd5-photos.leclercdrive.fr/image.ashx?id=2850306&use=l&cat=p&typeid=i","cat":284595},{"id":183523,"n":"Rexona Déodorant Femme Spray   72H Musc 200ml","p":3.59,"u":"17,95 €/L","img":"https://fd5-photos.leclercdrive.fr/image.ashx?id=2850312&use=l&cat=p&typeid=i","cat":284595},{"id":183526,"n":"Rexona Déodorant Femme Spray Anti-Transpirant 72H","p":2.78,"u":"13,90 €/L","img":"https://fd5-photos.leclercdrive.fr/image.ashx?id=2850309&use=l&cat=p&typeid=i","cat":284595},{"id":183840,"n":"Curcuma moulu Ducros 45g","p":2.27,"u":"50,44 €/KG","img":"https://fd5-photos.leclercdrive.fr/image.ashx?id=2486644&use=l&cat=p&typeid=i","cat":298297},{"id":183848,"n":"Dissolvant Maybelline New York Express sans acétone - 125ml","p":2.96,"u":"23,68 €/L","img":"https://fd5-photos.leclercdrive.fr/image.ashx?id=2358123&use=l&cat=p&typeid=i","cat":325347},{"id":183849,"n":"Déodorant L'Arbre Vert Argan   Hamamélis - 50ml","p":2.45,"u":"49,00 €/L","img":"https://fd5-photos.leclercdrive.fr/image.ashx?id=2862491&use=l&cat=p&typeid=i","cat":284595},{"id":183856,"n":"Yaourt Gourmand Mamie Nova Mandarine Citron x2 - 300g","p":1.35,"u":"4,50 €/KG","img":"https://fd5-photos.leclercdrive.fr/image.ashx?id=2879053&use=l&cat=p&typeid=i","cat":284410},{"id":183862,"n":"Bloc WC Bref Brilliant Gel Toilettes propres - 42g x1","p":2.12,"u":"50,48 €/KG","img":"https://fd5-photos.leclercdrive.fr/image.ashx?id=2976782&use=l&cat=p&typeid=i","cat":284662},{"id":183866,"n":"Dentifrice blancheur Colgate Max white one - 75ml","p":1.95,"u":"26,00 €/L","img":"https://fd5-photos.leclercdrive.fr/image.ashx?id=2767255&use=l&cat=p&typeid=i","cat":284612},{"id":183873,"n":"Détachant poudre Vanish  Stop Odeurs - 470g","p":6.17,"u":"13,13 €/KG","img":"https://fd5-photos.leclercdrive.fr/image.ashx?id=2679936&use=l&cat=p&typeid=i","cat":284651},{"id":183888,"n":"Bière blonde Corona Cero 0,0% - 6x33cl","p":7.34,"u":"3,71 €/L","img":"https://fd5-photos.leclercdrive.fr/image.ashx?id=2526496&use=l&cat=p&typeid=i","cat":334877},{"id":183907,"n":"Dentifrice blancheur Colgate Max white optic - 75ml","p":2.26,"u":"30,13 €/L","img":"https://fd5-photos.leclercdrive.fr/image.ashx?id=2738395&use=l&cat=p&typeid=i","cat":284612},{"id":183910,"n":"Perles de Cire Chaude Expert  Veet A la Cire d'abeille 250ml","p":6.77,"u":"29,43 €/KG","img":"https://fd5-photos.leclercdrive.fr/image.ashx?id=2960678&use=l&cat=p&typeid=i","cat":325351},{"id":183913,"n":"Crème dépilatoire Zones Intimes Veet Men 100+50ml","p":7.0,"u":"46,67 €/L","img":"https://fd5-photos.leclercdrive.fr/image.ashx?id=2964971&use=l&cat=p&typeid=i","cat":284617},{"id":183915,"n":"Shampooing Nat&Nove Bio Nutrition cheveux secs - 250 ml","p":3.74,"u":"14,96 €/L","img":"https://fd5-photos.leclercdrive.fr/image.ashx?id=2583153&use=l&cat=p&typeid=i","cat":284606},{"id":183917,"n":"Huile Miraculeuse Expert Veet Pré et Post Epilation 100ml","p":8.87,"u":"88,70 €/L","img":"https://fd5-photos.leclercdrive.fr/image.ashx?id=2828547&use=l&cat=p&typeid=i","cat":325351},{"id":183935,"n":"Fond de Teint L'Oréal Paris Infaillible 24H 130 Beige Peau","p":13.99,"img":"https://fd5-photos.leclercdrive.fr/image.ashx?id=2358183&use=l&cat=p&typeid=i","cat":287029},{"id":183937,"n":"Sachets armoire Soupline Grand  air - x3","p":3.83,"u":"1,28 €/P","img":"https://fd5-photos.leclercdrive.fr/image.ashx?id=2944470&use=l&cat=p&typeid=i","cat":325302},{"id":183970,"n":"Couches Lotus baby Douceur naturelle T1 - x20","p":4.23,"u":"0,21 €/P","img":"https://fd5-photos.leclercdrive.fr/image.ashx?id=2909203&use=l&cat=p&typeid=i","cat":284737},{"id":183997,"n":"Crème gel N.A.E. bio hydratation éclat - 50ml","p":10.75,"u":"215,00 €/L","img":"https://fd5-photos.leclercdrive.fr/image.ashx?id=2358405&use=l&cat=p&typeid=i","cat":325345},{"id":184005,"n":"Gel Douche Le Petit Marseillais  Fleur d'oranger - 650ml","p":3.38,"u":"5,20 €/L","img":"https://fd5-photos.leclercdrive.fr/image.ashx?id=2684533&use=l&cat=p&typeid=i","cat":284594},{"id":184009,"n":"Gel WC Canard Forêt Aquatique - 750ml","p":2.45,"u":"3,27 €/L","img":"https://fd5-photos.leclercdrive.fr/image.ashx?id=2746313&use=l&cat=p&typeid=i","cat":284662},{"id":184026,"n":"Penne aux legumes d'aucy 300g","p":2.85,"u":"9,50 €/KG","img":"https://fd5-photos.leclercdrive.fr/image.ashx?id=2358354&use=l&cat=p&typeid=i","cat":284953},{"id":184056,"n":"Cacahuètes enrobées Salées -  Menguy's - 170g","p":1.43,"u":"8,41 €/KG","img":"https://fd5-photos.leclercdrive.fr/image.ashx?id=2762154&use=l&cat=p&typeid=i","cat":284448},{"id":184141,"n":"Desserts Lactés P'TIT BRASSE Mangue 6M+ - 4x90g","p":1.97,"u":"5,47 €/KG","img":"https://fd5-photos.leclercdrive.fr/image.ashx?id=2594226&use=l&cat=p&typeid=i","cat":312392},{"id":184142,"n":"Desserts Lactés P'TIT BRASSE Fruits rouges 6M+ - 4x90g","p":1.9,"u":"5,28 €/KG","img":"https://fd5-photos.leclercdrive.fr/image.ashx?id=2599943&use=l&cat=p&typeid=i","cat":312392},{"id":184143,"n":"Desserts Lactés P'TIT BRASSE Fraise banane 6M+ - 4x90g","p":1.84,"u":"5,11 €/KG","img":"https://fd5-photos.leclercdrive.fr/image.ashx?id=2594229&use=l&cat=p&typeid=i","cat":312392},{"id":184148,"n":"Biscuits croquants Délichoc Chocolat au lait - 150g","p":1.87,"u":"12,47 €/KG","img":"https://fd5-photos.leclercdrive.fr/image.ashx?id=2867365&use=l&cat=p&typeid=i","cat":284488},{"id":184181,"n":"Purée mangue bébé Good Goût bio - 120g - dès 4 mois","p":1.24,"u":"10,33 €/KG","img":"https://fd5-photos.leclercdrive.fr/image.ashx?id=2640707&use=l&cat=p&typeid=i","cat":312387},{"id":184182,"n":"Purée poire bébé Good Goût bio - 120g - dès 4 mois","p":1.44,"u":"12,00 €/L","img":"https://fd5-photos.leclercdrive.fr/image.ashx?id=2640043&use=l&cat=p&typeid=i","cat":312387},{"id":184198,"n":"Complément alimentaire Vitea Multi'Vit énergie - x30","p":4.25,"u":"0,14 €/P","img":"https://fd5-photos.leclercdrive.fr/image.ashx?id=2369472&use=l&cat=p&typeid=i","cat":284632},{"id":184206,"n":"Mayonnaise Rustica au citron - 235g","p":1.49,"u":"6,34 €/KG","img":"https://fd5-photos.leclercdrive.fr/image.ashx?id=2509116&use=l&cat=p&typeid=i","cat":298295},{"id":184208,"n":"Echalote Ducros  1ère Saveur - 10g","p":3.09,"u":"309,00 €/KG","img":"https://fd5-photos.leclercdrive.fr/image.ashx?id=2490506&use=l&cat=p&typeid=i","cat":298297},{"id":184305,"n":"Carré de porc sans os L'Atelier Boucherie x10 - 440g","p":4.94,"u":"11,23 €/KG","img":"https://fd5-photos.leclercdrive.fr/image.ashx?id=2932701&use=l&cat=p&typeid=i","cat":284331},{"id":184307,"n":"Côtes de porc première L'Atelier Boucherie x2 - 300g","p":2.7,"u":"9,00 €/KG","img":"https://fd5-photos.leclercdrive.fr/image.ashx?id=2930552&use=l&cat=p&typeid=i","cat":284331},{"id":184308,"n":"Côtes de porc échine L'Atelier Boucherie x4 - 680g","p":5.14,"u":"7,56 €/KG","img":"https://fd5-photos.leclercdrive.fr/image.ashx?id=2930555&use=l&cat=p&typeid=i","cat":284331},{"id":184310,"n":"Entrecôte de boeuf*** L'Atelier Boucherie x1 - 200g","p":6.09,"u":"30,45 €/KG","img":"https://fd5-photos.leclercdrive.fr/image.ashx?id=2913781&use=l&cat=p&typeid=i","cat":284328},{"id":184312,"n":"Faux-filet de boeuf*** L'Atelier Boucherie x1 - 180g","p":5.12,"u":"28,44 €/KG","img":"https://fd5-photos.leclercdrive.fr/image.ashx?id=2913784&use=l&cat=p&typeid=i","cat":284328},{"id":184315,"n":"Steak de boeuf** L'Atelier Boucherie x2 - 260g","p":5.39,"u":"20,73 €/KG","img":"https://fd5-photos.leclercdrive.fr/image.ashx?id=2930582&use=l&cat=p&typeid=i","cat":284328},{"id":184316,"n":"Bavette d'Aloyau*** L'Atelier Boucherie x1 - 150g","p":4.95,"u":"33,00 €/KG","img":"https://fd5-photos.leclercdrive.fr/image.ashx?id=2930585&use=l&cat=p&typeid=i","cat":284328},{"id":184317,"n":"Rumsteck en tournedos*** L'Atelier Boucherie x2 - 280g","p":7.19,"u":"25,68 €/KG","img":"https://fd5-photos.leclercdrive.fr/image.ashx?id=2930588&use=l&cat=p&typeid=i","cat":284328},{"id":184318,"n":"Rôti de boeuf*** L'Atelier Boucherie - 600g","p":14.39,"u":"23,98 €/KG","img":"https://fd5-photos.leclercdrive.fr/image.ashx?id=2930591&use=l&cat=p&typeid=i","cat":284328},{"id":184319,"n":"Pièce à fondue / Brochette L'Atelier Boucherie - 500g","p":12.99,"u":"25,98 €/KG","img":"https://fd5-photos.leclercdrive.fr/image.ashx?id=2930594&use=l&cat=p&typeid=i","cat":284328},{"id":184320,"n":"Rôti de porc L'Atelier Boucherie - 600g","p":6.59,"u":"10,98 €/KG","img":"https://fd5-photos.leclercdrive.fr/image.ashx?id=2953749&use=l&cat=p&typeid=i","cat":284331},{"id":184323,"n":"Sauté de veau*** à mijoter L'Atelier Boucherie - 500g","p":9.99,"u":"19,98 €/KG","img":"https://fd5-photos.leclercdrive.fr/image.ashx?id=2930600&use=l&cat=p&typeid=i","cat":284329},{"id":184353,"n":"Soda Coca-Cola Vanille Canette - Pack 6x33CL","p":4.69,"u":"2,37 €/L","img":"https://fd5-photos.leclercdrive.fr/image.ashx?id=2997238&use=l&cat=p&typeid=i","cat":284530},{"id":184354,"n":"Boisson energisante Monster juiced Monarch 50cl","p":1.53,"u":"3,06 €/L","img":"https://fd5-photos.leclercdrive.fr/image.ashx?id=2759041&use=l&cat=p&typeid=i","cat":284533},{"id":184393,"n":"Gousses de vanille Vahiné En poudre sucrées - 8g","p":5.06,"u":"632,50 €/KG","img":"https://fd5-photos.leclercdrive.fr/image.ashx?id=2490587&use=l&cat=p&typeid=i","cat":284504},{"id":184396,"n":"Vanille en poudre Vahiné - 5g","p":7.93,"img":"https://fd5-photos.leclercdrive.fr/image.ashx?id=2559856&use=l&cat=p&typeid=i","cat":284504},{"id":184401,"n":"Bière black 8.6 50cl","p":1.96,"u":"3,92 €/L","img":"https://fd5-photos.leclercdrive.fr/image.ashx?id=2402071&use=l&cat=p&typeid=i","cat":334853},{"id":184406,"n":"Romarin de Provence Ducros - 18g","p":2.07,"u":"115,00 €/KG","img":"https://fd5-photos.leclercdrive.fr/image.ashx?id=2486614&use=l&cat=p&typeid=i","cat":298297},{"id":184424,"n":"Vin pétillant Very Zest rosé pamplemousse - 6x25cl","p":6.45,"u":"4,30 €/L","img":"https://fd5-photos.leclercdrive.fr/image.ashx?id=2362193&use=l&cat=p&typeid=i","cat":304569},{"id":184427,"n":"Thé glacé Oasis Ice Tea Saveur Pêche - 1,5L","p":1.71,"u":"1,14 €/L","img":"https://fd5-photos.leclercdrive.fr/image.ashx?id=2688836&use=l&cat=p&typeid=i","cat":295019},{"id":184431,"n":"Boisson aux fruits Oasis Saveur Pomme Poire - 2L","p":2.52,"u":"1,26 €/L","img":"https://fd5-photos.leclercdrive.fr/image.ashx?id=3014455&use=l&cat=p&typeid=i","cat":295018},{"id":184548,"n":"Dessert Liégeois Délisse Café noisette - 4x100g","p":1.39,"u":"3,48 €/KG","img":"https://fd5-photos.leclercdrive.fr/image.ashx?id=2602370&use=l&cat=p&typeid=i","cat":285042},{"id":184553,"n":"Blocs WC Syphon fraîcheur marine x2 - 110g","p":2.0,"u":"18,18 €/KG","img":"https://fd5-photos.leclercdrive.fr/image.ashx?id=2670359&use=l&cat=p&typeid=i","cat":284662},{"id":184555,"n":"Blocs WC Syphon fraîcheur pin - x2","p":2.09,"u":"1,05 €/P","img":"https://fd5-photos.leclercdrive.fr/image.ashx?id=2670362&use=l&cat=p&typeid=i","cat":284662},{"id":184568,"n":"Muesli croustillant Bio village Bio Chocolat quinoa - 500g","p":4.2,"u":"8,40 €/KG","img":"https://fd5-photos.leclercdrive.fr/image.ashx?id=2720196&use=l&cat=p&typeid=i","cat":309512},{"id":184583,"n":"Brumisateur Evian - 150ml","p":2.81,"u":"18,73 €/L","img":"https://fd5-photos.leclercdrive.fr/image.ashx?id=2862500&use=l&cat=p&typeid=i","cat":290295},{"id":184584,"n":"Brumisateur Evian - 400ml","p":3.95,"u":"9,88 €/L","img":"https://fd5-photos.leclercdrive.fr/image.ashx?id=2363431&use=l&cat=p&typeid=i","cat":290295},{"id":184829,"n":"Fines herbes Ducros Première saveur - 16g","p":2.71,"u":"169,38 €/KG","img":"https://fd5-photos.leclercdrive.fr/image.ashx?id=2486626&use=l&cat=p&typeid=i","cat":298297},{"id":184830,"n":"Persillade provençale Ducros Première saveur 19g","p":3.47,"u":"182,63 €/KG","img":"https://fd5-photos.leclercdrive.fr/image.ashx?id=2486629&use=l&cat=p&typeid=i","cat":298297},{"id":184834,"n":"Macédoine fruits confits Vahiné 150g","p":2.45,"u":"16,33 €/KG","img":"https://fd5-photos.leclercdrive.fr/image.ashx?id=2490569&use=l&cat=p&typeid=i","cat":284504},{"id":184835,"n":"Ecorces oranges confites Vahiné 100g","p":3.15,"u":"31,50 €/KG","img":"https://fd5-photos.leclercdrive.fr/image.ashx?id=2490572&use=l&cat=p&typeid=i","cat":284504},{"id":184837,"n":"Compotes Pom'Potes Gourdes  Pomme Banane - 4x90g","p":2.3,"u":"6,39 €/KG","img":"https://fd5-photos.leclercdrive.fr/image.ashx?id=2978637&use=l&cat=p&typeid=i","cat":284508},{"id":184924,"n":"IGP Pays d'Oc BIO vin rosé Vieux Carion - 75cl","p":3.49,"u":"4,65 €/L","img":"https://fd5-photos.leclercdrive.fr/image.ashx?id=2602645&use=l&cat=p&typeid=i","cat":289558},{"id":184937,"n":"Eau gazeuse St Yorre 1,15L","p":0.47,"u":"0,41 €/L","img":"https://fd5-photos.leclercdrive.fr/image.ashx?id=2369996&use=l&cat=p&typeid=i","cat":284536},{"id":184959,"n":"Moules du Pacifique ASC Costa 800g","p":8.49,"u":"10,61 €/KG","img":"https://fd5-photos.leclercdrive.fr/image.ashx?id=2741135&use=l&cat=p&typeid=i","cat":319787},{"id":184987,"n":"Truite fumée des Pyrénées Pêcheries Basques - 110g","p":4.49,"u":"40,82 €/KG","img":"https://fd5-photos.leclercdrive.fr/image.ashx?id=2372778&use=l&cat=p&typeid=i","cat":285188},{"id":184996,"n":"Infusion verveine Elephant Menthe, bio - x20","p":2.09,"u":"80,38 €/KG","img":"https://fd5-photos.leclercdrive.fr/image.ashx?id=2507578&use=l&cat=p&typeid=i","cat":293234},{"id":184999,"n":"Infusion bio Elephant Relax - x20","p":2.13,"u":"81,92 €/KG","img":"https://fd5-photos.leclercdrive.fr/image.ashx?id=2507572&use=l&cat=p&typeid=i","cat":293234},{"id":185004,"n":"Infusion Bio Elephant Verveine - x20 sachets","p":2.13,"u":"81,92 €/KG","img":"https://fd5-photos.leclercdrive.fr/image.ashx?id=2520755&use=l&cat=p&typeid=i","cat":293234},{"id":185165,"n":"Skyr Yoplait  Coco 1%Mg - 4x100g","p":2.01,"u":"5,03 €/KG","img":"https://fd5-photos.leclercdrive.fr/image.ashx?id=2884459&use=l&cat=p&typeid=i","cat":315000},{"id":185166,"n":"Skyr Yoplait  Vanille 0%MG - 4x100G","p":2.15,"u":"5,38 €/KG","img":"https://fd5-photos.leclercdrive.fr/image.ashx?id=2884456&use=l&cat=p&typeid=i","cat":315000},{"id":185244,"n":"Sucre Pure Via roux 220g","p":6.03,"u":"27,41 €/KG","img":"https://fd5-photos.leclercdrive.fr/image.ashx?id=2805384&use=l&cat=p&typeid=i","cat":324846},{"id":185269,"n":"Vin d'Espagne rosé  Cepage Grenache - 5L","p":10.89,"u":"2,18 €/L","img":"https://fd5-photos.leclercdrive.fr/image.ashx?id=2549732&use=l&cat=p&typeid=i","cat":289558},{"id":185276,"n":"Soufflés Donuts Curly Cacahuètes caramélisées - 160g","p":1.61,"u":"10,06 €/KG","img":"https://fd5-photos.leclercdrive.fr/image.ashx?id=2373125&use=l&cat=p&typeid=i","cat":284449},{"id":185334,"n":"Chaussée aux Moines 340g + 30% offert","p":3.19,"u":"7,22 €/KG","img":"https://fd5-photos.leclercdrive.fr/image.ashx?id=2794331&use=l&cat=p&typeid=i","cat":329184},{"id":185443,"n":"Thé vert citron Yate x25 - 37,5g","p":0.79,"u":"20,79 €/KG","img":"https://fd5-photos.leclercdrive.fr/image.ashx?id=2646008&use=l&cat=p&typeid=i","cat":293233},{"id":185460,"n":"Crème dessert La Laitière  Frais Fondant vanille - 4x115g","p":2.11,"u":"4,59 €/KG","img":"https://fd5-photos.leclercdrive.fr/image.ashx?id=2674548&use=l&cat=p&typeid=i","cat":285041},{"id":185461,"n":"Crème dessert La Laitière  Frais Fondant caramel - 4x115g","p":2.11,"u":"4,59 €/KG","img":"https://fd5-photos.leclercdrive.fr/image.ashx?id=2742794&use=l&cat=p&typeid=i","cat":285041},{"id":185494,"n":"Herbes de provence Ducros 35g","p":3.29,"u":"94,00 €/KG","img":"https://fd5-photos.leclercdrive.fr/image.ashx?id=2559505&use=l&cat=p&typeid=i","cat":298297},{"id":185567,"n":"Liniment oléo-calcaire Biolane  700 ml","p":7.01,"u":"10,01 €/L","img":"https://fd5-photos.leclercdrive.fr/image.ashx?id=2586864&use=l&cat=p&typeid=i","cat":284741},{"id":185568,"n":"Gel Lavant Biolane Corps et cheveux 750 ml","p":5.28,"u":"7,04 €/L","img":"https://fd5-photos.leclercdrive.fr/image.ashx?id=2586867&use=l&cat=p&typeid=i","cat":284740},{"id":185571,"n":"Eau pure H2O Biolane 750 ml","p":5.01,"u":"6,68 €/L","img":"https://fd5-photos.leclercdrive.fr/image.ashx?id=2733247&use=l&cat=p&typeid=i","cat":284741},{"id":185768,"n":"Riz forestière individuel William Saurin - 300g","p":2.87,"u":"9,57 €/KG","img":"https://fd5-photos.leclercdrive.fr/image.ashx?id=2528726&use=l&cat=p&typeid=i","cat":284953},{"id":185835,"n":"Amandes grillées salées Tokapi 150g","p":2.19,"u":"14,60 €/KG","img":"https://fd5-photos.leclercdrive.fr/image.ashx?id=2793308&use=l&cat=p&typeid=i","cat":284448},{"id":185853,"n":"Bière Kasteel Donker 11° 75cl","p":4.75,"u":"6,33 €/L","img":"https://fd5-photos.leclercdrive.fr/image.ashx?id=3000839&use=l&cat=p&typeid=i","cat":334872},{"id":185858,"n":"Bière blonde de Garde  La Ducasse 6,5° - 75cl","p":3.88,"u":"5,17 €/L","img":"https://fd5-photos.leclercdrive.fr/image.ashx?id=2379200&use=l&cat=p&typeid=i","cat":334872},{"id":185950,"n":"Cristaline fontaine 8L","p":2.21,"u":"0,28 €/L","img":"https://fd5-photos.leclercdrive.fr/image.ashx?id=2418891&use=l&cat=p&typeid=i","cat":284535},{"id":185954,"n":"Protège-documents Esquisse Gris - A4 - 40 vues","p":1.79,"img":"https://fd5-photos.leclercdrive.fr/image.ashx?id=2381668&use=l&cat=p&typeid=i","cat":284745},{"id":186002,"n":"Porto blanc Dorrao 18%vol - 75cl","p":6.07,"u":"8,09 €/L","img":"https://fd5-photos.leclercdrive.fr/image.ashx?id=2869880&use=l&cat=p&typeid=i","cat":284913},{"id":186043,"n":"Lardons Nature Herta  Sans nitrite - 2x75g","p":1.79,"u":"11,93 €/KG","img":"https://fd5-photos.leclercdrive.fr/image.ashx?id=2785802&use=l&cat=p&typeid=i","cat":316011},{"id":186048,"n":"Masque 2 en 1 Energie Fruit Sans silicone Monoi - 300ml","p":4.39,"u":"14,63 €/L","img":"https://fd5-photos.leclercdrive.fr/image.ashx?id=2795878&use=l&cat=p&typeid=i","cat":284608},{"id":186080,"n":"Lait émollient A-Derma Exomega Control - 400ml","p":18.89,"u":"47,23 €/L","img":"https://fd5-photos.leclercdrive.fr/image.ashx?id=2382863&use=l&cat=p&typeid=i","cat":290421},{"id":186081,"n":"Baume émollient A-Derma Exomega Allergo - 200ml","p":18.95,"u":"94,75 €/L","img":"https://fd5-photos.leclercdrive.fr/image.ashx?id=2382866&use=l&cat=p&typeid=i","cat":290421},{"id":186085,"n":"Fluide hydratant Avène Tolerance Hydra-10 - 40ml","p":19.5,"u":"487,50 €/L","img":"https://fd5-photos.leclercdrive.fr/image.ashx?id=2382875&use=l&cat=p&typeid=i","cat":291171},{"id":186151,"n":"Filet mignon poivre 100g +20% offert","p":1.99,"u":"16,58 €/KG","img":"https://fd5-photos.leclercdrive.fr/image.ashx?id=2384331&use=l&cat=p&typeid=i","cat":316012},{"id":186152,"n":"Filet mignon nature 100gr+20% offert","p":1.99,"u":"16,58 €/KG","img":"https://fd5-photos.leclercdrive.fr/image.ashx?id=2939364&use=l&cat=p&typeid=i","cat":316012},{"id":186164,"n":"Ampoule vitamine C SVR 30ml","p":29.99,"u":"999,67 €/L","img":"https://fd5-photos.leclercdrive.fr/image.ashx?id=2971649&use=l&cat=p&typeid=i","cat":291171},{"id":186202,"n":"Mozzarella Les Croisés Tranchettes - 200g","p":1.99,"u":"9,95 €/KG","img":"https://fd5-photos.leclercdrive.fr/image.ashx?id=2383094&use=l&cat=p&typeid=i","cat":314026},{"id":186207,"n":"Soin de jour peau sèche Eucerin Hyaluron-Filler - 50ml","p":30.95,"u":"619,00 €/L","img":"https://fd5-photos.leclercdrive.fr/image.ashx?id=2926810&use=l&cat=p&typeid=i","cat":291168},{"id":186240,"n":"Baume Protect+ Topialyse SVR 400ml","p":14.99,"pp":11.24,"u":"28,10 €/L","img":"https://fd5-photos.leclercdrive.fr/image.ashx?id=2971658&use=l&cat=p&typeid=i","cat":290421},{"id":186246,"n":"Sérum anti-imperfections SVR SEBIACLEAR - 30ml","p":17.99,"u":"599,67 €/L","img":"https://fd5-photos.leclercdrive.fr/image.ashx?id=2965136&use=l&cat=p&typeid=i","cat":291166},{"id":186258,"n":"Lessive Capsules Tout-en-1 Skip Fraîcheur Intense x26 Capsules","p":11.06,"u":"20,07 €/KG","img":"https://fd5-photos.leclercdrive.fr/image.ashx?id=2978934&use=l&cat=p&typeid=i","cat":284641},{"id":186263,"n":"Lessive Capsules Tout-en-1 Skip Fraîcheur Intense 38 Lavages","p":14.26,"u":"17,69 €/KG","img":"https://fd5-photos.leclercdrive.fr/image.ashx?id=2929236&use=l&cat=p&typeid=i","cat":284641},{"id":186265,"n":"Lingettes bébé Harmonie Aqua Pampers - 48 lingettes","p":3.07,"u":"0,06 €/P","img":"https://fd5-photos.leclercdrive.fr/image.ashx?id=2805903&use=l&cat=p&typeid=i","cat":284738},{"id":186267,"n":"Lingettes bébé visage et mains Biolane - 64 lingettes","p":2.17,"u":"0,03 €/P","img":"https://fd5-photos.leclercdrive.fr/image.ashx?id=2876539&use=l&cat=p&typeid=i","cat":284738},{"id":186307,"n":"Shampooing nourissant Energie Fruit - 250ml","p":3.75,"u":"15,00 €/L","img":"https://fd5-photos.leclercdrive.fr/image.ashx?id=2795869&use=l&cat=p&typeid=i","cat":284606},{"id":186394,"n":"Felix Naturally Delicious Saumon - 100g","p":2.85,"u":"28,50 €/KG","img":"https://fd5-photos.leclercdrive.fr/image.ashx?id=2447214&use=l&cat=p&typeid=i","cat":285285},{"id":186451,"n":"Vin Mousseux Kriter demi-sec 6x75cl","p":28.92,"u":"6,43 €/L","img":"https://fd5-photos.leclercdrive.fr/image.ashx?id=2837280&use=l&cat=p&typeid=i","cat":284544},{"id":186461,"n":"Ail lyophilisé Ducros 19g","p":4.27,"u":"224,74 €/KG","img":"https://fd5-photos.leclercdrive.fr/image.ashx?id=2486617&use=l&cat=p&typeid=i","cat":298297},{"id":186462,"n":"Ciboulette lyophilisée Ducros 3g","p":2.67,"u":"890,00 €/KG","img":"https://fd5-photos.leclercdrive.fr/image.ashx?id=2486620&use=l&cat=p&typeid=i","cat":298297},{"id":186468,"n":"Pulpe de tomates Cirio 680g","p":1.74,"u":"2,56 €/KG","img":"https://fd5-photos.leclercdrive.fr/image.ashx?id=2857830&use=l&cat=p&typeid=i","cat":288384},{"id":186495,"n":"Capsules café L'Or Espresso Chocolat x10","p":3.77,"u":"72,50 €/KG","img":"https://fd5-photos.leclercdrive.fr/image.ashx?id=2387043&use=l&cat=p&typeid=i","cat":284749},{"id":186496,"n":"Capsules café L'Or Espresso Saveur Vanille x10","p":3.27,"u":"62,88 €/KG","img":"https://fd5-photos.leclercdrive.fr/image.ashx?id=2387046&use=l&cat=p&typeid=i","cat":293241},{"id":186497,"n":"Capsules café L'Or Espresso Saveur Caramel x10","p":3.55,"u":"68,27 €/KG","img":"https://fd5-photos.leclercdrive.fr/image.ashx?id=2387049&use=l&cat=p&typeid=i","cat":293241},{"id":186536,"n":"Gel douche Ushuaïa Bio Vanille - 2x250ml","p":6.34,"u":"12,68 €/L","img":"https://fd5-photos.leclercdrive.fr/image.ashx?id=2387188&use=l&cat=p&typeid=i","cat":284594},{"id":186548,"n":"Bougie Floral 30h Bien Air","p":2.34,"img":"https://fd5-photos.leclercdrive.fr/image.ashx?id=2939091&use=l&cat=p&typeid=i","cat":284666},{"id":186569,"n":"Calamars Romana MSC Escal - 700g","p":10.9,"u":"15,57 €/KG","img":"https://fd5-photos.leclercdrive.fr/image.ashx?id=2833447&use=l&cat=p&typeid=i","cat":319788},{"id":186652,"n":"Boisson végétale soja Alpro  macchiato - 1L","p":2.57,"u":"2,57 €/L","img":"https://fd5-photos.leclercdrive.fr/image.ashx?id=2981665&use=l&cat=p&typeid=i","cat":316067},{"id":186653,"n":"Boisson végétale soja Alpro  banane - 1 L","p":2.5,"u":"2,50 €/L","img":"https://fd5-photos.leclercdrive.fr/image.ashx?id=2981668&use=l&cat=p&typeid=i","cat":316067},{"id":186657,"n":"Crème dessert Delisse Chocolat - 6x125g","p":1.42,"u":"1,89 €/KG","img":"https://fd5-photos.leclercdrive.fr/image.ashx?id=2441492&use=l&cat=p&typeid=i","cat":285041},{"id":186661,"n":"Crème dessert Delisse Caramel - 6x125g","p":1.39,"u":"1,85 €/KG","img":"https://fd5-photos.leclercdrive.fr/image.ashx?id=2441504&use=l&cat=p&typeid=i","cat":285041},{"id":186686,"n":"Déodorant stick Homme Mennen Marine Sans Alcool - 60ml","p":3.18,"u":"53,00 €/L","img":"https://fd5-photos.leclercdrive.fr/image.ashx?id=2869107&use=l&cat=p&typeid=i","cat":284618},{"id":186688,"n":"Déodorant stick Homme Mennen Sans Alcool Anti-Traces - 60ml","p":3.18,"u":"53,00 €/L","img":"https://fd5-photos.leclercdrive.fr/image.ashx?id=2869110&use=l&cat=p&typeid=i","cat":284618},{"id":186758,"n":"Tablette Chocolat Noir Lindt Noisettes Caramel Lot 2x100g","p":3.69,"u":"18,45 €/KG","img":"https://fd5-photos.leclercdrive.fr/image.ashx?id=2388487&use=l&cat=p&typeid=i","cat":284956},{"id":186853,"n":"Lessive Capsules Tout-en-1 Skip Touche de Cajoline 24 Lavages","p":10.31,"u":"20,26 €/KG","img":"https://fd5-photos.leclercdrive.fr/image.ashx?id=2956688&use=l&cat=p&typeid=i","cat":284641},{"id":186856,"n":"Lessive Capsules Skip Tout-en-1 Extra Détachant x24","p":10.98,"u":"21,57 €/KG","img":"https://fd5-photos.leclercdrive.fr/image.ashx?id=2956691&use=l&cat=p&typeid=i","cat":284641},{"id":186857,"n":"Lessive Capsules Skip Tout-en-1 Cajoline 36 Lavages","p":13.31,"u":"17,44 €/KG","img":"https://fd5-photos.leclercdrive.fr/image.ashx?id=2929239&use=l&cat=p&typeid=i","cat":284641},{"id":186869,"n":"Préparation pour moelleux  Tablier Blanc - 435g","p":1.93,"u":"4,44 €/KG","img":"https://fd5-photos.leclercdrive.fr/image.ashx?id=2487494&use=l&cat=p&typeid=i","cat":284504},{"id":186920,"n":"Tuiles Monster Munch Crazy Original - 150g","p":1.9,"u":"12,67 €/KG","img":"https://fd5-photos.leclercdrive.fr/image.ashx?id=2921735&use=l&cat=p&typeid=i","cat":287899},{"id":186923,"n":"Tuiles Monster Munch  Crazy crème oignon - 150g","p":1.9,"u":"12,67 €/KG","img":"https://fd5-photos.leclercdrive.fr/image.ashx?id=2916881&use=l&cat=p&typeid=i","cat":287899},{"id":186926,"n":"Tuiles Monster Munch Crazy paprika - 150g","p":1.9,"u":"12,67 €/KG","img":"https://fd5-photos.leclercdrive.fr/image.ashx?id=2955339&use=l&cat=p&typeid=i","cat":287899},{"id":186936,"n":"Apér'idées mimolette gouda 150g","p":2.74,"u":"18,27 €/KG","img":"https://fd5-photos.leclercdrive.fr/image.ashx?id=2391765&use=l&cat=p&typeid=i","cat":314027},{"id":186938,"n":"Apér'idées Mimolette 150g","p":2.84,"u":"18,93 €/KG","img":"https://fd5-photos.leclercdrive.fr/image.ashx?id=2391762&use=l&cat=p&typeid=i","cat":314027},{"id":186946,"n":"Mouliné Bio Village Bio - légumes variés  - 2x30cl","p":1.69,"u":"5,63 €/L","img":"https://fd5-photos.leclercdrive.fr/image.ashx?id=2404157&use=l&cat=p&typeid=i","cat":284462},{"id":187025,"n":"Lessive Feuilles Magiques Dr Beckmann l'Eclatante x25","p":4.66,"u":"0,19 €/P","img":"https://fd5-photos.leclercdrive.fr/image.ashx?id=3011800&use=l&cat=p&typeid=i","cat":284644},{"id":187028,"n":"Crème de change bébé bio Mots d'enfants - 75ml","p":2.5,"u":"33,33 €/L","img":"https://fd5-photos.leclercdrive.fr/image.ashx?id=3014308&use=l&cat=p&typeid=i","cat":284741},{"id":187029,"n":"Coton-tiges ouatés Inell Boîte - x300 bâtonnets","p":0.73,"img":"https://fd5-photos.leclercdrive.fr/image.ashx?id=2824301&use=l&cat=p&typeid=i","cat":284636},{"id":187059,"n":"Champignon Émincé Bonduelle Sans Sulfite, Sans Additif 230g","p":1.15,"u":"5,00 €/KG","img":"https://fd5-photos.leclercdrive.fr/image.ashx?id=2913118&use=l&cat=p&typeid=i","cat":312610},{"id":187064,"n":"Whisky Japonais Tenjaku 40% vol - 70cl","p":34.36,"u":"49,09 €/L","img":"https://fd5-photos.leclercdrive.fr/image.ashx?id=2393490&use=l&cat=p&typeid=i","cat":284547},{"id":187187,"n":"Tourteau chair&pattes Nautilus Lot de 2 - 210g","p":11.8,"u":"56,19 €/KG","img":"https://fd5-photos.leclercdrive.fr/image.ashx?id=2394549&use=l&cat=p&typeid=i","cat":305147},{"id":187189,"n":"Culottes Lotus Baby Douceur Naturelle T3 - x68","p":29.16,"u":"0,43 €/P","img":"https://fd5-photos.leclercdrive.fr/image.ashx?id=2862937&use=l&cat=p&typeid=i","cat":290633},{"id":187210,"n":"Porto Rose Dorrao 18%vol - 75cl","p":7.05,"u":"9,40 €/L","img":"https://fd5-photos.leclercdrive.fr/image.ashx?id=2869865&use=l&cat=p&typeid=i","cat":284913},{"id":187241,"n":"Savon Le Petit Marseillais  Solide amande douce - 2x100g","p":1.73,"u":"8,65 €/KG","img":"https://fd5-photos.leclercdrive.fr/image.ashx?id=2684203&use=l&cat=p&typeid=i","cat":284597},{"id":187247,"n":"Serviettes hygiéniques Always Cotton Protection Long - x9","p":2.71,"u":"0,30 €/P","img":"https://fd5-photos.leclercdrive.fr/image.ashx?id=2910225&use=l&cat=p&typeid=i","cat":284624},{"id":187280,"n":"Biscuits Oréo pocket 3x246g","p":6.27,"u":"8,50 €/KG","img":"https://fd5-photos.leclercdrive.fr/image.ashx?id=2601217&use=l&cat=p&typeid=i","cat":284488},{"id":187287,"n":"Desserts Lactés P'TIT BRASSE Banane pêche 6M+ - 4x90g","p":1.87,"u":"5,19 €/KG","img":"https://fd5-photos.leclercdrive.fr/image.ashx?id=2616252&use=l&cat=p&typeid=i","cat":312392},{"id":187330,"n":"Porto Tawny Dorrao 18°C - 75cl","p":6.42,"u":"8,56 €/L","img":"https://fd5-photos.leclercdrive.fr/image.ashx?id=2869877&use=l&cat=p&typeid=i","cat":284913},{"id":187343,"n":"Bûche Pilpa Exquise 3 Chocolats - 535g","p":5.27,"u":"9,85 €/KG","img":"https://fd5-photos.leclercdrive.fr/image.ashx?id=2751027&use=l&cat=p&typeid=i","cat":284266},{"id":187355,"n":"Bûche Signature Eskiss Nougat - 487g","p":5.59,"u":"11,48 €/KG","img":"https://fd5-photos.leclercdrive.fr/image.ashx?id=2791365&use=l&cat=p&typeid=i","cat":284266},{"id":187356,"n":"Bûche Signature Eskiss Coco Mangue - 476g","p":5.59,"u":"11,74 €/KG","img":"https://fd5-photos.leclercdrive.fr/image.ashx?id=2791368&use=l&cat=p&typeid=i","cat":284266},{"id":187357,"n":"Bûche Signature Eskiss Vanille Caramel - 490g","p":5.59,"u":"11,41 €/KG","img":"https://fd5-photos.leclercdrive.fr/image.ashx?id=2791371&use=l&cat=p&typeid=i","cat":284266},{"id":187358,"n":"Bûche Signature Eskiss Façon rocher - 501g","p":5.59,"u":"11,16 €/KG","img":"https://fd5-photos.leclercdrive.fr/image.ashx?id=2791374&use=l&cat=p&typeid=i","cat":284266},{"id":187373,"n":"Soda Fanta exotique 1.25L","p":1.77,"u":"1,42 €/L","img":"https://fd5-photos.leclercdrive.fr/image.ashx?id=2678170&use=l&cat=p&typeid=i","cat":284532},{"id":187453,"n":"Thé noir Lipton Yellow x100 sachets - 200g","p":3.89,"u":"19,45 €/KG","img":"https://fd5-photos.leclercdrive.fr/image.ashx?id=2517655&use=l&cat=p&typeid=i","cat":293233},{"id":187478,"n":"Cordon bleu de poulet Eco+ 200g","p":1.45,"u":"7,25 €/KG","img":"https://fd5-photos.leclercdrive.fr/image.ashx?id=2758294&use=l&cat=p&typeid=i","cat":333683},{"id":187487,"n":"Compote de fruits Materne Multi saveurs - 16x100g","p":6.29,"u":"3,93 €/KG","img":"https://fd5-photos.leclercdrive.fr/image.ashx?id=2721598&use=l&cat=p&typeid=i","cat":284508},{"id":187488,"n":"Compote de fruits Materne Multi saveurs - 16x100g","p":6.19,"u":"3,87 €/KG","img":"https://fd5-photos.leclercdrive.fr/image.ashx?id=2729623&use=l&cat=p&typeid=i","cat":284508},{"id":187548,"n":"Gelée gommante douceur Avène Visage peaux sensibles - 75ml","p":17.9,"u":"238,67 €/L","img":"https://fd5-photos.leclercdrive.fr/image.ashx?id=2532592&use=l&cat=p&typeid=i","cat":291165},{"id":187602,"n":"Gousses de vanille Vahiné x4 -","p":9.65,"u":"2,41 €/P","img":"https://fd5-photos.leclercdrive.fr/image.ashx?id=2569428&use=l&cat=p&typeid=i","cat":284504},{"id":187603,"n":"Pepites de chocolats Vahiné  3 chocolats - 180g","p":4.81,"u":"26,72 €/KG","img":"https://fd5-photos.leclercdrive.fr/image.ashx?id=2397863&use=l&cat=p&typeid=i","cat":284504},{"id":187613,"n":"Petits pots bébé P'TITE RECETTE Poisson provençal 12M+ - 2x200g","p":2.2,"u":"5,50 €/KG","img":"https://fd5-photos.leclercdrive.fr/image.ashx?id=2737150&use=l&cat=p&typeid=i","cat":312237},{"id":187632,"n":"Boisson aux fruits Jafun Troipical - 1.5L","p":1.4,"u":"0,93 €/L","img":"https://fd5-photos.leclercdrive.fr/image.ashx?id=2956783&use=l&cat=p&typeid=i","cat":284916},{"id":187690,"n":"Fond de teint L'Oréal Paris Infaillible 140 haute couvrance","p":15.45,"img":"https://fd5-photos.leclercdrive.fr/image.ashx?id=2735365&use=l&cat=p&typeid=i","cat":287029},{"id":187701,"n":"Galettes St Michel 208g","p":2.0,"u":"9,62 €/KG","img":"https://fd5-photos.leclercdrive.fr/image.ashx?id=2936218&use=l&cat=p&typeid=i","cat":284487},{"id":187702,"n":"Biscuit petit beurre St Michel 180g","p":1.47,"u":"8,17 €/KG","img":"https://fd5-photos.leclercdrive.fr/image.ashx?id=3002051&use=l&cat=p&typeid=i","cat":284487},{"id":187703,"n":"Galettes Spéculoos St Michel 130g","p":0.86,"u":"6,62 €/KG","img":"https://fd5-photos.leclercdrive.fr/image.ashx?id=2915922&use=l&cat=p&typeid=i","cat":284487},{"id":187719,"n":"Biscuit Chocorico St Michel 225g","p":1.94,"u":"8,62 €/KG","img":"https://fd5-photos.leclercdrive.fr/image.ashx?id=2949994&use=l&cat=p&typeid=i","cat":284488},{"id":187729,"n":"Bière Blonde Peroni  6x33cl - 5%vol","p":8.53,"u":"4,31 €/L","img":"https://fd5-photos.leclercdrive.fr/image.ashx?id=2399727&use=l&cat=p&typeid=i","cat":334872},{"id":187768,"n":"Brosse à dents électrique Oral-B Pro 3 Cross Action Noir","p":75.05,"img":"https://fd5-photos.leclercdrive.fr/image.ashx?id=2544940&use=l&cat=p&typeid=i","cat":297133},{"id":187986,"n":"Déodorant stick Mennen  Homme intraçable 72h - 60ml","p":3.64,"u":"60,67 €/L","img":"https://fd5-photos.leclercdrive.fr/image.ashx?id=2402346&use=l&cat=p&typeid=i","cat":284618},{"id":187987,"n":"Déodorant stick Homme Mennen 24H Musk Sans Alcool - 60ml","p":3.18,"u":"53,00 €/L","img":"https://fd5-photos.leclercdrive.fr/image.ashx?id=2869113&use=l&cat=p&typeid=i","cat":284618},{"id":187989,"n":"Lait corps hydratant Mixa Raffermissant  - 250ml","p":4.05,"u":"16,20 €/L","img":"https://fd5-photos.leclercdrive.fr/image.ashx?id=2402358&use=l&cat=p&typeid=i","cat":325349},{"id":187990,"n":"Lait Corps Réparateur Mixa Peau abîmée desséchée - 300ml","p":3.73,"u":"12,43 €/L","img":"https://fd5-photos.leclercdrive.fr/image.ashx?id=2908186&use=l&cat=p&typeid=i","cat":325349},{"id":187999,"n":"Lait Corps réparateur Mixa Peaux desséchées - 300ml","p":3.63,"u":"12,10 €/L","img":"https://fd5-photos.leclercdrive.fr/image.ashx?id=2402394&use=l&cat=p&typeid=i","cat":325349},{"id":188001,"n":"Gel coiffant Vivelle DOP Fixation Extrême - 190ml","p":3.69,"u":"19,42 €/L","img":"https://fd5-photos.leclercdrive.fr/image.ashx?id=2402403&use=l&cat=p&typeid=i","cat":284609},{"id":188003,"n":"Gel Coiffant Béton Dop Vivelle Fixation 24h - 190ml","p":3.69,"u":"19,42 €/L","img":"https://fd5-photos.leclercdrive.fr/image.ashx?id=2402406&use=l&cat=p&typeid=i","cat":284609},{"id":188007,"n":"Gel Coiffant Vivelle Dop Fixation invisible - 190ml","p":4.38,"u":"23,05 €/L","img":"https://fd5-photos.leclercdrive.fr/image.ashx?id=2402397&use=l&cat=p&typeid=i","cat":284609},{"id":188015,"n":"Cœurs de palmier D'aucy  125g","p":4.12,"u":"18,73 €/KG","img":"https://fd5-photos.leclercdrive.fr/image.ashx?id=2401369&use=l&cat=p&typeid=i","cat":312611},{"id":188160,"n":"Whisky Roe & Co  45% vol. - 70cl","p":26.88,"u":"38,40 €/L","img":"https://fd5-photos.leclercdrive.fr/image.ashx?id=2525405&use=l&cat=p&typeid=i","cat":284547},{"id":188168,"n":"Féta AOP Salakis Fromage brebis et chèvre - 150g","p":2.74,"u":"18,27 €/KG","img":"https://fd5-photos.leclercdrive.fr/image.ashx?id=2879128&use=l&cat=p&typeid=i","cat":314026},{"id":188200,"n":"Confit d'oignons pour foie gras La conquête des saveurs - 120g","p":2.19,"u":"18,25 €/KG","img":"https://fd5-photos.leclercdrive.fr/image.ashx?id=2973787&use=l&cat=p&typeid=i","cat":284458},{"id":188201,"n":"Confit d'oignons Tradition La conquête des Saveurs - 120g","p":2.19,"u":"18,25 €/KG","img":"https://fd5-photos.leclercdrive.fr/image.ashx?id=2415308&use=l&cat=p&typeid=i","cat":284458},{"id":188271,"n":"Matière grasse doux Astra  À tartiner à cuire 70%MG - 500g","p":2.68,"u":"5,36 €/KG","img":"https://fd5-photos.leclercdrive.fr/image.ashx?id=2406301&use=l&cat=p&typeid=i","cat":315229},{"id":188287,"n":"Haché de dinde Maître Coq 350g","p":3.98,"u":"11,37 €/KG","img":"https://fd5-photos.leclercdrive.fr/image.ashx?id=2788538&use=l&cat=p&typeid=i","cat":284337},{"id":188293,"n":"Moutarde Amora Mi-forte - 260g","p":2.23,"u":"8,58 €/KG","img":"https://fd5-photos.leclercdrive.fr/image.ashx?id=3005398&use=l&cat=p&typeid=i","cat":288850},{"id":188294,"n":"Jambon Le Bon Paris Herta À l'étouffé x2 - 85g","p":1.32,"u":"15,53 €/KG","img":"https://fd5-photos.leclercdrive.fr/image.ashx?id=2566263&use=l&cat=p&typeid=i","cat":316009},{"id":188295,"n":"Jambon Le Bon Paris Herta À l'étouffée x4 - 170g","p":2.0,"u":"11,76 €/KG","img":"https://fd5-photos.leclercdrive.fr/image.ashx?id=2731390&use=l&cat=p&typeid=i","cat":316009},{"id":188297,"n":"Jambon Le Bon Paris Herta À l'étouffée x8 - 340g","p":3.71,"u":"10,91 €/KG","img":"https://fd5-photos.leclercdrive.fr/image.ashx?id=2921519&use=l&cat=p&typeid=i","cat":316009},{"id":188299,"n":"Jambon Le Bon Paris Herta À l'étouffée x10 - 425g","p":4.65,"u":"10,94 €/KG","img":"https://fd5-photos.leclercdrive.fr/image.ashx?id=2757599&use=l&cat=p&typeid=i","cat":316009},{"id":188382,"n":"Ail blanc bio Bio Village 250g","p":3.79,"u":"15,16 €/KG","img":"https://fd5-photos.leclercdrive.fr/image.ashx?id=2922457&use=l&cat=p&typeid=i","cat":284352},{"id":188418,"n":"Ail Eco+ Filet 250g","p":1.99,"u":"7,96 €/KG","img":"https://fd5-photos.leclercdrive.fr/image.ashx?id=2919586&use=l&cat=p&typeid=i","cat":284352},{"id":188719,"n":"Avocat Bio Bio Village En barquette x2","p":3.59,"u":"1,80 €/P","img":"https://fd5-photos.leclercdrive.fr/image.ashx?id=2551984&use=l&cat=p&typeid=i","cat":284352},{"id":188721,"n":"Avocats mûrs à point  Panier du Primeur x2","p":3.39,"u":"1,70 €/P","img":"https://fd5-photos.leclercdrive.fr/image.ashx?id=2373012&use=l&cat=p&typeid=i","cat":284352},{"id":188739,"n":"Avocats Eco+ Filet x3","p":1.99,"u":"0,66 €/P","img":"https://fd5-photos.leclercdrive.fr/image.ashx?id=2373009&use=l&cat=p&typeid=i","cat":284352},{"id":188797,"n":"Bananes Panier du Primeur x5","p":1.69,"u":"0,34 €/P","img":"https://fd5-photos.leclercdrive.fr/image.ashx?id=2302456&use=l&cat=p&typeid=i","cat":284356},{"id":188808,"n":"Banane Bio Max Havelaar  Bio Village x5","p":1.99,"u":"0,40 €/P","img":"https://fd5-photos.leclercdrive.fr/image.ashx?id=2323988&use=l&cat=p&typeid=i","cat":284356},{"id":189021,"n":"Carotte Bio Bio Village 1kg","p":1.89,"u":"1,89 €/KG","img":"https://fd5-photos.leclercdrive.fr/image.ashx?id=1457160&use=l&cat=p&typeid=i","cat":284352},{"id":189048,"n":"Carottes filière  Panier du Primeur - 1kg","p":1.49,"u":"1,49 €/KG","img":"https://fd5-photos.leclercdrive.fr/image.ashx?id=2920229&use=l&cat=p&typeid=i","cat":284352},{"id":189375,"n":"Champignons de Paris bruns Panier du Primeur - 250g","p":1.79,"u":"7,16 €/KG","img":"https://fd5-photos.leclercdrive.fr/image.ashx?id=2600255&use=l&cat=p&typeid=i","cat":284352},{"id":189757,"n":"Citrons bio Bio Village Sachet x4","p":1.99,"u":"0,50 €/P","img":"https://fd5-photos.leclercdrive.fr/image.ashx?id=2805063&use=l&cat=p&typeid=i","cat":284356},{"id":189787,"n":"Citrons verts bio Bio Village Barquette x3","p":2.89,"u":"0,96 €/P","img":"https://fd5-photos.leclercdrive.fr/image.ashx?id=2552017&use=l&cat=p&typeid=i","cat":284356},{"id":189796,"n":"Citrons jaunes non traités Panier du Primeur Sachet x4","p":1.89,"u":"0,47 €/P","img":"https://fd5-photos.leclercdrive.fr/image.ashx?id=2930906&use=l&cat=p&typeid=i","cat":284356},{"id":189799,"n":"Citron à jus Filière Panier du Primeur Sachet 1kg","p":2.49,"u":"2,49 €/KG","img":"https://fd5-photos.leclercdrive.fr/image.ashx?id=2627667&use=l&cat=p&typeid=i","cat":284356},{"id":189925,"n":"Concombre 1p","p":1.99,"img":"https://fd5-photos.leclercdrive.fr/image.ashx?id=1631895&use=l&cat=p&typeid=i","cat":284352},{"id":190437,"n":"Echalote traditionnelle filière Panier du Primeur Filet 250g","p":0.99,"u":"3,96 €/KG","img":"https://fd5-photos.leclercdrive.fr/image.ashx?id=2965500&use=l&cat=p&typeid=i","cat":284352},{"id":190491,"n":"Echalotes Eco+ Filet 500g","p":1.19,"u":"2,38 €/KG","img":"https://fd5-photos.leclercdrive.fr/image.ashx?id=2777946&use=l&cat=p&typeid=i","cat":284352},{"id":190572,"n":"Endives jeunes pousses  Nos Régions ont du Talent x6","p":2.49,"u":"9,58 €/KG","img":"https://fd5-photos.leclercdrive.fr/image.ashx?id=2778099&use=l&cat=p&typeid=i","cat":284352},{"id":190899,"n":"Tomates rondes Eco+ Filet 1kg","p":1.89,"u":"1,89 €/KG","img":"https://fd5-photos.leclercdrive.fr/image.ashx?id=2769420&use=l&cat=p&typeid=i","cat":284352},{"id":191106,"n":"Patate douce  1p","p":0.8,"img":"https://fd5-photos.leclercdrive.fr/image.ashx?id=1632569&use=l&cat=p&typeid=i","cat":284352},{"id":191109,"n":"Patate douce Sachet 1kg","p":3.9,"u":"3,90 €/KG","img":"https://fd5-photos.leclercdrive.fr/image.ashx?id=1632578&use=l&cat=p&typeid=i","cat":284352},{"id":191587,"n":"Pomme de terre rouge Vapeur  Sautées Panier du Primeur - 2kg","p":2.29,"u":"1,15 €/KG","img":"https://fd5-photos.leclercdrive.fr/image.ashx?id=2959638&use=l&cat=p&typeid=i","cat":284352},{"id":191662,"n":"Pommes de terre Bio Bio Village Vapeur et sautées  - 1.5kg","p":2.99,"u":"1,99 €/KG","img":"https://fd5-photos.leclercdrive.fr/image.ashx?id=2960535&use=l&cat=p&typeid=i","cat":284352},{"id":191748,"n":"Pomme de terre Bio Bio Village Four Potage - 1.5kg","p":2.99,"u":"1,99 €/KG","img":"https://fd5-photos.leclercdrive.fr/image.ashx?id=2959752&use=l&cat=p&typeid=i","cat":284352},{"id":191969,"n":"Pomme de terre de consommation Eco+ 5kg","p":2.99,"u":"0,60 €/KG","img":"https://fd5-photos.leclercdrive.fr/image.ashx?id=2888926&use=l&cat=p&typeid=i","cat":284352},{"id":192025,"n":"Pomme de terre filière vapeur  sautées Panier du Primeur - 2kg","p":2.29,"u":"1,15 €/KG","img":"https://fd5-photos.leclercdrive.fr/image.ashx?id=2959644&use=l&cat=p&typeid=i","cat":284352},{"id":192030,"n":"Pomme de terre pour frites Panier du Primeur - 2kg","p":2.29,"u":"1,15 €/KG","img":"https://fd5-photos.leclercdrive.fr/image.ashx?id=2959737&use=l&cat=p&typeid=i","cat":284352},{"id":192033,"n":"Pomme de terre Panier Primeur Micro-ondes - 750g","p":1.79,"u":"2,39 €/KG","img":"https://fd5-photos.leclercdrive.fr/image.ashx?id=2649903&use=l&cat=p&typeid=i","cat":284352},{"id":192061,"n":"Pommes de terre Grenailles  Panier du Primeur - 1kg","p":1.99,"u":"1,99 €/KG","img":"https://fd5-photos.leclercdrive.fr/image.ashx?id=2233214&use=l&cat=p&typeid=i","cat":284352},{"id":192069,"n":"Pomme de terre grenailles bio Bio Village - 750g","p":1.99,"u":"2,65 €/KG","img":"https://fd5-photos.leclercdrive.fr/image.ashx?id=2960574&use=l&cat=p&typeid=i","cat":284352},{"id":192075,"n":"Sac kraft Pommes de Terre La récolte de Joseph - 2.5kg","p":3.99,"u":"1,60 €/KG","img":"https://fd5-photos.leclercdrive.fr/image.ashx?id=2039081&use=l&cat=p&typeid=i","cat":284352},{"id":192144,"n":"Pomme de terre Bintje sac kraft La Récolte de Joseph - 2.5kg","p":3.99,"u":"1,60 €/KG","img":"https://fd5-photos.leclercdrive.fr/image.ashx?id=2411252&use=l&cat=p&typeid=i","cat":284352},{"id":192159,"n":"Pommes de terre Eco+ 1.5kg","p":0.99,"u":"0,66 €/KG","img":"https://fd5-photos.leclercdrive.fr/image.ashx?id=2282349&use=l&cat=p&typeid=i","cat":284352},{"id":192315,"n":"Pommes Pink Lady Barquette x6","p":3.99,"u":"0,67 €/P","img":"https://fd5-photos.leclercdrive.fr/image.ashx?id=2121671&use=l&cat=p&typeid=i","cat":284356},{"id":192543,"n":"Pomme jaune bio Bio Village x4","p":1.99,"u":"0,50 €/P","img":"https://fd5-photos.leclercdrive.fr/image.ashx?id=2556544&use=l&cat=p&typeid=i","cat":284356},{"id":192620,"n":"Pommes bicolores bio Bio Village Barquette x4","p":1.99,"u":"0,50 €/P","img":"https://fd5-photos.leclercdrive.fr/image.ashx?id=2556538&use=l&cat=p&typeid=i","cat":284356},{"id":192640,"n":"Pommes bicolores Panier du Primeur Barquette x6","p":2.49,"u":"0,42 €/P","img":"https://fd5-photos.leclercdrive.fr/image.ashx?id=2553920&use=l&cat=p&typeid=i","cat":284356},{"id":192748,"n":"Pommes Bicolores Eco+ Sachet 2kg","p":2.99,"u":"1,50 €/KG","img":"https://fd5-photos.leclercdrive.fr/image.ashx?id=2537872&use=l&cat=p&typeid=i","cat":284356},{"id":193306,"n":"Poires Eco+ Barquette 1kg","p":2.49,"u":"2,49 €/KG","img":"https://fd5-photos.leclercdrive.fr/image.ashx?id=2909374&use=l&cat=p&typeid=i","cat":284356},{"id":193533,"n":"Kiwis Bio Bio Village x6","p":3.49,"u":"0,58 €/P","img":"https://fd5-photos.leclercdrive.fr/image.ashx?id=2556443&use=l&cat=p&typeid=i","cat":284356},{"id":193554,"n":"Kiwi Panier du Primeur Filière Mûrs à point - x6","p":3.99,"u":"0,67 €/P","img":"https://fd5-photos.leclercdrive.fr/image.ashx?id=2955047&use=l&cat=p&typeid=i","cat":284356},{"id":193558,"n":"Kiwi vert Eco+ Barquette 1kg","p":3.99,"u":"3,99 €/KG","img":"https://fd5-photos.leclercdrive.fr/image.ashx?id=2922373&use=l&cat=p&typeid=i","cat":284356},{"id":193590,"n":"Kiwis jaunes 4p","p":3.4,"img":"https://fd5-photos.leclercdrive.fr/image.ashx?id=1633952&use=l&cat=p&typeid=i","cat":284356},{"id":193599,"n":"Kiwis jaunes Bio Barquette 3 fruits","p":3.99,"u":"1,33 €/P","img":"https://fd5-photos.leclercdrive.fr/image.ashx?id=1633970&use=l&cat=p&typeid=i","cat":284356},{"id":193755,"n":"Myrtilles Panier du Primeur 125g","p":1.99,"u":"15,92 €/KG","img":"https://fd5-photos.leclercdrive.fr/image.ashx?id=2375773&use=l&cat=p&typeid=i","cat":284356},{"id":194071,"n":"Jambon Le Bon Paris Herta -25% de sel x2 - 70g","p":1.32,"u":"18,86 €/KG","img":"https://fd5-photos.leclercdrive.fr/image.ashx?id=2405899&use=l&cat=p&typeid=i","cat":316009},{"id":194073,"n":"Jambon Le Bon Paris Herta -25% de sel x4 - 140g","p":2.22,"u":"15,86 €/KG","img":"https://fd5-photos.leclercdrive.fr/image.ashx?id=2995067&use=l&cat=p&typeid=i","cat":316009},{"id":194075,"n":"Jambon Le Bon Paris Herta -25%  de sel sans nitrite x4 - 140g","p":2.41,"u":"17,21 €/KG","img":"https://fd5-photos.leclercdrive.fr/image.ashx?id=2910124&use=l&cat=p&typeid=i","cat":316009},{"id":194078,"n":"Jambon Le Bon Paris Herta Fumé x4 - 140g","p":2.35,"u":"16,79 €/KG","img":"https://fd5-photos.leclercdrive.fr/image.ashx?id=2918664&use=l&cat=p&typeid=i","cat":316009},{"id":194080,"n":"Jambon Le Bon Paris Herta  broche sans nitrite x4 - 140g","p":2.98,"u":"21,29 €/KG","img":"https://fd5-photos.leclercdrive.fr/image.ashx?id=2881804&use=l&cat=p&typeid=i","cat":316009},{"id":194081,"n":"Jambon Le Bon Paris Fumé Herta sans nitrite x4 - 140g","p":2.57,"u":"18,36 €/KG","img":"https://fd5-photos.leclercdrive.fr/image.ashx?id=2881807&use=l&cat=p&typeid=i","cat":316009},{"id":194088,"n":"Barquette chien poulet dinde Edgard et Cooper - 300g","p":2.77,"u":"9,23 €/KG","img":"https://fd5-photos.leclercdrive.fr/image.ashx?id=2406217&use=l&cat=p&typeid=i","cat":284673},{"id":194293,"n":"Croquette chiot poulet Edgard et Cooper - 1kg","p":8.63,"u":"8,63 €/KG","img":"https://fd5-photos.leclercdrive.fr/image.ashx?id=2407967&use=l&cat=p&typeid=i","cat":284672},{"id":194296,"n":"Bloc de fromage Leerdammer Le Moelleux - 250g","p":3.6,"u":"14,40 €/KG","img":"https://fd5-photos.leclercdrive.fr/image.ashx?id=2421606&use=l&cat=p&typeid=i","cat":314034},{"id":194298,"n":"Tranches de fromage Leerdammer L'Original - 16 Tranches - 400g","p":4.54,"u":"11,35 €/KG","img":"https://fd5-photos.leclercdrive.fr/image.ashx?id=2489196&use=l&cat=p&typeid=i","cat":314028},{"id":194299,"n":"Tranches de fromage Leerdammer Le Moelleux-10 Tranches-250g","p":3.77,"u":"15,08 €/KG","img":"https://fd5-photos.leclercdrive.fr/image.ashx?id=2507599&use=l&cat=p&typeid=i","cat":314028},{"id":194310,"n":"Bonbons KINDER Schoko-Bons Chocolat blanc - 200G","p":3.85,"u":"19,25 €/KG","img":"https://fd5-photos.leclercdrive.fr/image.ashx?id=2406265&use=l&cat=p&typeid=i","cat":304238},{"id":194699,"n":"Lait Corps Nourissant Mixa Effet Soleil - 250ml","p":4.59,"u":"18,36 €/L","img":"https://fd5-photos.leclercdrive.fr/image.ashx?id=2409379&use=l&cat=p&typeid=i","cat":325349},{"id":195919,"n":"Jambon Le Bon Paris Herta  sans nitrite x2 - 70g","p":1.65,"u":"23,57 €/KG","img":"https://fd5-photos.leclercdrive.fr/image.ashx?id=2413531&use=l&cat=p&typeid=i","cat":316009},{"id":195965,"n":"Mascara waterproof Maybelline Sky High volume & longueur Noir","p":9.45,"img":"https://fd5-photos.leclercdrive.fr/image.ashx?id=2833153&use=l&cat=p&typeid=i","cat":287029},{"id":195981,"n":"Liquide vaisselle Excel Paic Anti-odeur actif à froid -500ml","p":1.95,"u":"3,90 €/L","img":"https://fd5-photos.leclercdrive.fr/image.ashx?id=2413176&use=l&cat=p&typeid=i","cat":284655},{"id":195983,"n":"Liquide vaisselle Excel Paic Dégraissant actif à froid 500ml","p":1.9,"u":"3,80 €/L","img":"https://fd5-photos.leclercdrive.fr/image.ashx?id=2413182&use=l&cat=p&typeid=i","cat":284655},{"id":195985,"n":"Mascara Volume L'Oréal Paris Pro Xxl Effet Faux Cils","p":12.79,"img":"https://fd5-photos.leclercdrive.fr/image.ashx?id=2412840&use=l&cat=p&typeid=i","cat":287029},{"id":196120,"n":"Jambon Le Bon Paris Herta Broche x4 - 140g","p":2.45,"u":"17,50 €/KG","img":"https://fd5-photos.leclercdrive.fr/image.ashx?id=3008158&use=l&cat=p&typeid=i","cat":316009},{"id":196123,"n":"Eyeliner L'Oréal Paris  Infaillible Waterproof Noir","p":9.0,"img":"https://fd5-photos.leclercdrive.fr/image.ashx?id=2419179&use=l&cat=p&typeid=i","cat":287029},{"id":196165,"n":"Barre de céréales Nature Valley Crunchy chocolat lait X8-160g","p":2.71,"u":"16,94 €/KG","img":"https://fd5-photos.leclercdrive.fr/image.ashx?id=2754465&use=l&cat=p&typeid=i","cat":300032},{"id":196176,"n":"Capsules Starbucks by Nespresso  Espresso Roast Int 11 - x18","p":6.05,"u":"58,74 €/KG","img":"https://fd5-photos.leclercdrive.fr/image.ashx?id=2737144&use=l&cat=p&typeid=i","cat":284749},{"id":196179,"n":"Brioches Pitch pâte à tartiner x7 - 262g","p":2.68,"u":"10,23 €/KG","img":"https://fd5-photos.leclercdrive.fr/image.ashx?id=2454097&use=l&cat=p&typeid=i","cat":293505},{"id":196241,"n":"Jambon supérieur Eco+ Sans couenne 4 tranches - 160g","p":1.38,"u":"8,63 €/KG","img":"https://fd5-photos.leclercdrive.fr/image.ashx?id=2744407&use=l&cat=p&typeid=i","cat":316009},{"id":196266,"n":"Mousse à Raser 0% Alcool Mennen Peaux sensibles - 250ml","p":2.29,"u":"9,16 €/L","img":"https://fd5-photos.leclercdrive.fr/image.ashx?id=2661733&use=l&cat=p&typeid=i","cat":284617},{"id":196267,"n":"Mousse à Raser 0% Alcool Mennen Hypoallergénique - 250ml","p":2.25,"u":"9,00 €/L","img":"https://fd5-photos.leclercdrive.fr/image.ashx?id=2661736&use=l&cat=p&typeid=i","cat":284617},{"id":196278,"n":"Crème à récurer CIF Citron CleanBoost 101 Usages 750ml","p":2.56,"u":"3,41 €/L","img":"https://fd5-photos.leclercdrive.fr/image.ashx?id=2948540&use=l&cat=p&typeid=i","cat":325357},{"id":196284,"n":"Couches culottes Biolane Eco-responsables Taille 5 - x40","p":23.17,"u":"0,58 €/P","img":"https://fd5-photos.leclercdrive.fr/image.ashx?id=2876536&use=l&cat=p&typeid=i","cat":284737},{"id":196285,"n":"Culotte menstruelle Nana Intimewear Hipster Black - S","p":23.99,"img":"https://fd5-photos.leclercdrive.fr/image.ashx?id=2525627&use=l&cat=p&typeid=i","cat":284624},{"id":196319,"n":"Jambon supérieur Eco+ Avec couenne 4 tranches - 160g","p":1.43,"u":"8,94 €/KG","img":"https://fd5-photos.leclercdrive.fr/image.ashx?id=2706550&use=l&cat=p&typeid=i","cat":316009},{"id":196320,"n":"Jambon supérieur Eco+ Avec couenne 6 tranches - 240g","p":2.14,"u":"8,92 €/KG","img":"https://fd5-photos.leclercdrive.fr/image.ashx?id=2706553&use=l&cat=p&typeid=i","cat":316009},{"id":196321,"n":"Jambon supérieur Eco+ Sans couenne 6 tranches - 240g","p":2.09,"u":"8,71 €/KG","img":"https://fd5-photos.leclercdrive.fr/image.ashx?id=2706556&use=l&cat=p&typeid=i","cat":316009},{"id":196374,"n":"Bueno eggs kinder Chocolat - 140g","p":5.47,"u":"39,07 €/KG","img":"https://fd5-photos.leclercdrive.fr/image.ashx?id=2764353&use=l&cat=p&typeid=i","cat":327592},{"id":196439,"n":"Beurre Nature de Breton Doux - 82% MG - 250g","p":2.64,"u":"10,56 €/KG","img":"https://fd5-photos.leclercdrive.fr/image.ashx?id=2872039&use=l&cat=p&typeid=i","cat":284379},{"id":196566,"n":"Fromage de Chèvre Chavroux Frais Nature - 150g","p":1.95,"u":"13,00 €/KG","img":"https://fd5-photos.leclercdrive.fr/image.ashx?id=2912161&use=l&cat=p&typeid=i","cat":314031},{"id":196570,"n":"Pommes de terre four et purée La Récolte de Joseph - 2.5kg","p":3.99,"u":"1,60 €/KG","img":"https://fd5-photos.leclercdrive.fr/image.ashx?id=2411255&use=l&cat=p&typeid=i","cat":284352},{"id":196616,"n":"Déodorant bille 24h Adidas Instant cool - 50ml","p":3.68,"u":"73,60 €/L","img":"https://fd5-photos.leclercdrive.fr/image.ashx?id=2474644&use=l&cat=p&typeid=i","cat":284618},{"id":196640,"n":"Bière 3 Monts 8.5% Brassin d'hiver - 75cl","p":2.88,"u":"3,84 €/L","img":"https://fd5-photos.leclercdrive.fr/image.ashx?id=2886867&use=l&cat=p&typeid=i","cat":334872},{"id":196663,"n":"Boisson énergisante Monster Nitro Superdry - 50cl","p":1.67,"u":"3,34 €/L","img":"https://fd5-photos.leclercdrive.fr/image.ashx?id=2419395&use=l&cat=p&typeid=i","cat":284533},{"id":196685,"n":"Pizza Numero Uno Italpizza Margherita - 410g","p":3.3,"u":"8,05 €/KG","img":"https://fd5-photos.leclercdrive.fr/image.ashx?id=2419752&use=l&cat=p&typeid=i","cat":284256},{"id":196798,"n":"Lait en poudre Picot  1er âge - 850g","p":18.95,"u":"22,29 €/KG","img":"https://fd5-photos.leclercdrive.fr/image.ashx?id=2925421&use=l&cat=p&typeid=i","cat":284726},{"id":196799,"n":"Lait en poudre Picot 2ème âge - 850g","p":15.59,"u":"18,34 €/KG","img":"https://fd5-photos.leclercdrive.fr/image.ashx?id=2925424&use=l&cat=p&typeid=i","cat":284727},{"id":196800,"n":"Lait de croissance Picot 3ème âge - 850g","p":11.85,"u":"13,94 €/KG","img":"https://fd5-photos.leclercdrive.fr/image.ashx?id=2925427&use=l&cat=p&typeid=i","cat":290219},{"id":196811,"n":"Bière ambrée Kekette 75cl","p":4.7,"u":"6,27 €/L","img":"https://fd5-photos.leclercdrive.fr/image.ashx?id=2582354&use=l&cat=p&typeid=i","cat":334872},{"id":196857,"n":"Ramen avec sauce soja Oyakata 63g","p":1.6,"u":"25,40 €/KG","img":"https://fd5-photos.leclercdrive.fr/image.ashx?id=2536161&use=l&cat=p&typeid=i","cat":288992},{"id":196965,"n":"Liqueur de menthe Get 27 17,9° - 70cl","p":13.21,"u":"18,87 €/L","img":"https://fd5-photos.leclercdrive.fr/image.ashx?id=2835565&use=l&cat=p&typeid=i","cat":286032},{"id":196989,"n":"Assortiment compotes x Materne  Pomme Poire banane mangue 100g","p":6.19,"u":"3,87 €/KG","img":"https://fd5-photos.leclercdrive.fr/image.ashx?id=2721595&use=l&cat=p&typeid=i","cat":284508},{"id":197161,"n":"Traîneau chocolat oeuf Kinder Jaune - 75g","p":3.77,"u":"50,27 €/KG","img":"https://fd5-photos.leclercdrive.fr/image.ashx?id=2426809&use=l&cat=p&typeid=i","cat":327592},{"id":197163,"n":"Traîneau chocolat œuf Kinder Blanc - 75g","p":3.77,"u":"50,27 €/KG","img":"https://fd5-photos.leclercdrive.fr/image.ashx?id=2426812&use=l&cat=p&typeid=i","cat":327592},{"id":197164,"n":"Traîneau chocolat œuf Kinder Vert - 75g","p":3.77,"u":"50,27 €/KG","img":"https://fd5-photos.leclercdrive.fr/image.ashx?id=2426815&use=l&cat=p&typeid=i","cat":327592},{"id":197344,"n":"Gros sel de mer Algarve 1kg","p":1.59,"u":"1,59 €/KG","img":"https://fd5-photos.leclercdrive.fr/image.ashx?id=2520129&use=l&cat=p&typeid=i","cat":284457},{"id":197444,"n":"Friandise pour chat Dentalife Chat adulte - Poulet - 140g","p":4.15,"u":"29,64 €/KG","img":"https://fd5-photos.leclercdrive.fr/image.ashx?id=2901127&use=l&cat=p&typeid=i","cat":285285},{"id":197475,"n":"Effilés Chat Junior Purina One Sauce saumon ou poulet - 8x85g","p":4.66,"u":"6,85 €/KG","img":"https://fd5-photos.leclercdrive.fr/image.ashx?id=2899731&use=l&cat=p&typeid=i","cat":285286},{"id":197486,"n":"Soupe en sachets chat Felix Selection de poissons - 6x48g","p":2.08,"u":"7,22 €/KG","img":"https://fd5-photos.leclercdrive.fr/image.ashx?id=2968553&use=l&cat=p&typeid=i","cat":285286},{"id":197625,"n":"Tablette de chocolat noir Lindt 3x100g","p":4.5,"u":"15,00 €/KG","img":"https://fd5-photos.leclercdrive.fr/image.ashx?id=2721422&use=l&cat=p&typeid=i","cat":284956},{"id":197652,"n":"Tartinade aux champignons  Sud&Sol - 150g","p":2.39,"pp":1.58,"u":"10,53 €/KG","img":"https://fd5-photos.leclercdrive.fr/image.ashx?id=2428438&use=l&cat=p&typeid=i","cat":315999},{"id":197697,"n":"Crème de nuit L'Oréal Paris Age perfect Anti-âge - 50ml","p":11.97,"pp":7.9,"u":"158,00 €/L","img":"https://fd5-photos.leclercdrive.fr/image.ashx?id=2428441&use=l&cat=p&typeid=i","cat":325345},{"id":197734,"n":"Coffret bière Belzebuth 4x33cl + 1 verre","p":7.9,"u":"5,98 €/L","img":"https://fd5-photos.leclercdrive.fr/image.ashx?id=2429269&use=l&cat=p&typeid=i","cat":334872},{"id":197747,"n":"AOP Chinon rouge Vins et terroirs de Loire -75cl","p":4.4,"u":"5,87 €/L","img":"https://fd5-photos.leclercdrive.fr/image.ashx?id=2429299&use=l&cat=p&typeid=i","cat":289556},{"id":197916,"n":"Tasse céramique Avengers Captain America - 34g","p":5.69,"u":"167,35 €/KG","img":"https://fd5-photos.leclercdrive.fr/image.ashx?id=2451789&use=l&cat=p&typeid=i","cat":327789},{"id":197930,"n":"Kiwi jaune Panier du Primeur x4","p":3.49,"u":"0,87 €/P","img":"https://fd5-photos.leclercdrive.fr/image.ashx?id=2928303&use=l&cat=p&typeid=i","cat":284356},{"id":198193,"n":"Bière Lindemans framboise 25cl","p":1.9,"u":"7,60 €/L","img":"https://fd5-photos.leclercdrive.fr/image.ashx?id=2433458&use=l&cat=p&typeid=i","cat":334872},{"id":198195,"n":"Bière Lindemans New Pecheresse 25cl","p":1.98,"u":"7,92 €/L","img":"https://fd5-photos.leclercdrive.fr/image.ashx?id=2433461&use=l&cat=p&typeid=i","cat":334872},{"id":198214,"n":"Pepsi Max 50cl","p":0.98,"u":"1,96 €/L","img":"https://fd5-photos.leclercdrive.fr/image.ashx?id=2432722&use=l&cat=p&typeid=i","cat":284530},{"id":198319,"n":"Boisson énergisante Monster Mango loco - 4x50cl","p":5.96,"u":"2,98 €/L","img":"https://fd5-photos.leclercdrive.fr/image.ashx?id=2983465&use=l&cat=p&typeid=i","cat":284533},{"id":198348,"n":"Confiture Douceur du Verger Abricot intense - 320 g","p":1.42,"u":"4,44 €/KG","img":"https://fd5-photos.leclercdrive.fr/image.ashx?id=2965608&use=l&cat=p&typeid=i","cat":284480},{"id":198356,"n":"Confiture Douceur du Verger 3 agrumes Intense - 320g","p":1.66,"u":"5,19 €/KG","img":"https://fd5-photos.leclercdrive.fr/image.ashx?id=2966376&use=l&cat=p&typeid=i","cat":284480},{"id":198524,"n":"Desserts Lactés P'TIT ONCTUEUX Banane 6M+ - 4x90g","p":1.91,"u":"5,31 €/KG","img":"https://fd5-photos.leclercdrive.fr/image.ashx?id=2435710&use=l&cat=p&typeid=i","cat":312392},{"id":198528,"n":"Bouillon Cube Bio Maggi Volaille dégraissé - 80g","p":1.74,"u":"21,75 €/KG","img":"https://fd5-photos.leclercdrive.fr/image.ashx?id=2435722&use=l&cat=p&typeid=i","cat":288379},{"id":198535,"n":"Velouté Knorr Légumes français -1L","p":2.73,"u":"2,73 €/L","img":"https://fd5-photos.leclercdrive.fr/image.ashx?id=2435935&use=l&cat=p&typeid=i","cat":284462},{"id":198623,"n":"Capsules Nescafé Dolce Gusto  Double Espresso - x16","p":5.21,"u":"38,31 €/KG","img":"https://fd5-photos.leclercdrive.fr/image.ashx?id=2687245&use=l&cat=p&typeid=i","cat":293239},{"id":198647,"n":"Chorizo tranché César Moroni Fort 20 tranches - 100g","p":1.87,"u":"18,70 €/KG","img":"https://fd5-photos.leclercdrive.fr/image.ashx?id=2439026&use=l&cat=p&typeid=i","cat":316006},{"id":198808,"n":"Croustillants cheddar Président 6 pièces - 150g","p":3.22,"u":"21,47 €/KG","img":"https://fd5-photos.leclercdrive.fr/image.ashx?id=2856079&use=l&cat=p&typeid=i","cat":314027},{"id":198835,"n":"Gel à raser Satin Care Gillette Nettoyant 2 en 1 - 190ML","p":11.59,"u":"61,00 €/L","img":"https://fd5-photos.leclercdrive.fr/image.ashx?id=2529132&use=l&cat=p&typeid=i","cat":325352},{"id":198865,"n":"Lames de rasoir Gillette Fusion 5 - x6","p":20.85,"u":"3,48 €/P","img":"https://fd5-photos.leclercdrive.fr/image.ashx?id=2507095&use=l&cat=p&typeid=i","cat":284616},{"id":198877,"n":"Rasoir Mach 3 Gillette 3 lames -x1","p":10.93,"img":"https://fd5-photos.leclercdrive.fr/image.ashx?id=2971416&use=l&cat=p&typeid=i","cat":284616},{"id":198878,"n":"Rasoir skinguard Gillette Sensitive - 2 lames - x1","p":19.43,"img":"https://fd5-photos.leclercdrive.fr/image.ashx?id=2507104&use=l&cat=p&typeid=i","cat":284616},{"id":198920,"n":"Lames de rasoir GilletteLabs x4","p":23.43,"u":"5,86 €/P","img":"https://fd5-photos.leclercdrive.fr/image.ashx?id=2437683&use=l&cat=p&typeid=i","cat":284616},{"id":198951,"n":"Rasoir GilletteLabs Barre exfoliante - 3 lames - x1","p":32.29,"img":"https://fd5-photos.leclercdrive.fr/image.ashx?id=2437011&use=l&cat=p&typeid=i","cat":284616},{"id":198959,"n":"Gel désodorisant Uni vert Lavande Eucalyptus","p":1.39,"img":"https://fd5-photos.leclercdrive.fr/image.ashx?id=2478934&use=l&cat=p&typeid=i","cat":311628},{"id":198972,"n":"Nettoyant ménager Clair Désinfectant - 5L","p":3.96,"u":"0,79 €/L","img":"https://fd5-photos.leclercdrive.fr/image.ashx?id=2909407&use=l&cat=p&typeid=i","cat":284907},{"id":199017,"n":"Single Malt Scotch Whisky Glen Moray - 70cl 40% vol.","p":25.4,"u":"36,29 €/L","img":"https://fd5-photos.leclercdrive.fr/image.ashx?id=2439611&use=l&cat=p&typeid=i","cat":284547},{"id":199018,"n":"AOC Beaumes de Venise rouge Grand Cardinal de Bonpas - 75cl","p":8.5,"pp":6.37,"u":"8,49 €/L","img":"https://fd5-photos.leclercdrive.fr/image.ashx?id=2830150&use=l&cat=p&typeid=i","cat":289556},{"id":199097,"n":"Chocolat Père Noel Kinder 160g","p":5.37,"u":"33,56 €/KG","img":"https://fd5-photos.leclercdrive.fr/image.ashx?id=2764308&use=l&cat=p&typeid=i","cat":327592},{"id":199134,"n":"Moulage chocolat Kinder Père Noel - 110g","p":3.73,"u":"33,91 €/KG","img":"https://fd5-photos.leclercdrive.fr/image.ashx?id=2438108&use=l&cat=p&typeid=i","cat":327592},{"id":199298,"n":"Bûche glacée Eskiss Façon Pêche Melba - 565g","p":3.89,"u":"6,88 €/KG","img":"https://fd5-photos.leclercdrive.fr/image.ashx?id=2791377&use=l&cat=p&typeid=i","cat":284266},{"id":199510,"n":"Cervelas Herta Sans nitrite - 400g","p":3.89,"u":"9,73 €/KG","img":"https://fd5-photos.leclercdrive.fr/image.ashx?id=2443835&use=l&cat=p&typeid=i","cat":316012},{"id":199512,"n":"Cervelas Herta Sans nitrite - 200g","p":2.97,"u":"14,85 €/KG","img":"https://fd5-photos.leclercdrive.fr/image.ashx?id=2443832&use=l&cat=p&typeid=i","cat":316012},{"id":199552,"n":"Dentifrice Elmex Anti-caries Original - 75ml","p":4.75,"u":"63,33 €/L","img":"https://fd5-photos.leclercdrive.fr/image.ashx?id=2852181&use=l&cat=p&typeid=i","cat":284612},{"id":199553,"n":"Dentifrice Elmex Sensitive Original - 75ml","p":4.57,"u":"60,93 €/L","img":"https://fd5-photos.leclercdrive.fr/image.ashx?id=2738404&use=l&cat=p&typeid=i","cat":284612},{"id":199554,"n":"Dentifrice Elmex Sensitive  Haleine fraîche - 75ml","p":3.92,"u":"52,27 €/L","img":"https://fd5-photos.leclercdrive.fr/image.ashx?id=2738407&use=l&cat=p&typeid=i","cat":284612},{"id":199559,"n":"Dentifrice Elmex Sensitive  Blancheur douce - 2x75ml","p":9.67,"u":"64,47 €/MT","img":"https://fd5-photos.leclercdrive.fr/image.ashx?id=2738425&use=l&cat=p&typeid=i","cat":284612},{"id":199817,"n":"Vodka Absolut Raspberries - 70cl 38% vol.","p":19.57,"u":"27,96 €/L","img":"https://fd5-photos.leclercdrive.fr/image.ashx?id=2871139&use=l&cat=p&typeid=i","cat":284550},{"id":200135,"n":"Liqueur de menthe Get 27 Edition Limitée 17,9° - 70cl","p":10.95,"u":"15,64 €/L","img":"https://fd5-photos.leclercdrive.fr/image.ashx?id=2445787&use=l&cat=p&typeid=i","cat":286032},{"id":200153,"n":"Repas bébé Blédina 15 mois légumes boulghour merlu 200g","p":2.24,"u":"11,20 €/KG","img":"https://fd5-photos.leclercdrive.fr/image.ashx?id=2975101&use=l&cat=p&typeid=i","cat":312238},{"id":200188,"n":"Ramen Cup Oyakata Poulet Shio - 63g","p":1.39,"u":"22,06 €/KG","img":"https://fd5-photos.leclercdrive.fr/image.ashx?id=2446128&use=l&cat=p&typeid=i","cat":288992},{"id":200218,"n":"Repas bébé Blédina 15 mois carotte pâte épices poulet 200g","p":2.24,"u":"11,20 €/KG","img":"https://fd5-photos.leclercdrive.fr/image.ashx?id=2951632&use=l&cat=p&typeid=i","cat":312238},{"id":200323,"n":"Cassoulet Castelnaudary NRT 420g","p":2.5,"u":"5,95 €/KG","img":"https://fd5-photos.leclercdrive.fr/image.ashx?id=2805990&use=l&cat=p&typeid=i","cat":284440},{"id":200378,"n":"Repas bébé Blédina 15 mois Pâtes brocolis jambon - 200g","p":2.27,"u":"11,35 €/KG","img":"https://fd5-photos.leclercdrive.fr/image.ashx?id=2975104&use=l&cat=p&typeid=i","cat":312238},{"id":200379,"n":"Cassoulet Castelnaud NRT 840g","p":4.3,"u":"5,12 €/KG","img":"https://fd5-photos.leclercdrive.fr/image.ashx?id=2805993&use=l&cat=p&typeid=i","cat":284440},{"id":200382,"n":"Boite de chocolats KINDER  Mix Happy Moments - 161g","p":4.53,"u":"28,14 €/KG","img":"https://fd5-photos.leclercdrive.fr/image.ashx?id=2797007&use=l&cat=p&typeid=i","cat":284958},{"id":200648,"n":"Escargot de Bourgogne surgelé L'origine du goût x12 - 110g","p":6.99,"u":"63,55 €/KG","img":"https://fd5-photos.leclercdrive.fr/image.ashx?id=2809885&use=l&cat=p&typeid=i","cat":319775},{"id":200709,"n":"Soupe liquide brique Liebig  Cèpes & Bolets - 2x30cl","p":2.45,"u":"4,08 €/L","img":"https://fd5-photos.leclercdrive.fr/image.ashx?id=2472204&use=l&cat=p&typeid=i","cat":284462},{"id":200711,"n":"Soupe liquide brique Liebig  Potiron Chataîgne - 2x30cl","p":2.37,"u":"3,95 €/L","img":"https://fd5-photos.leclercdrive.fr/image.ashx?id=2693485&use=l&cat=p&typeid=i","cat":284462},{"id":200713,"n":"Biscuits BN Choco Star Chocolat au lait - 195g","p":1.87,"u":"9,59 €/KG","img":"https://fd5-photos.leclercdrive.fr/image.ashx?id=2730487&use=l&cat=p&typeid=i","cat":284488},{"id":200763,"n":"Gel lavant hydratant Sanytol Aloe vera Bio - 250ml","p":2.68,"u":"10,72 €/L","img":"https://fd5-photos.leclercdrive.fr/image.ashx?id=2905273&use=l&cat=p&typeid=i","cat":284597},{"id":200772,"n":"Lingettes désinfectantes Lysol  Linge Frais - x30","p":2.06,"u":"0,07 €/P","img":"https://fd5-photos.leclercdrive.fr/image.ashx?id=2453580&use=l&cat=p&typeid=i","cat":null},{"id":200774,"n":"AIRWICK Recharge Active Fresh Désodorisant Vanille - 228ml","p":5.83,"u":"25,57 €/L","img":"https://fd5-photos.leclercdrive.fr/image.ashx?id=2864675&use=l&cat=p&typeid=i","cat":311629},{"id":200779,"n":"Nettoyant sol Vigor Désincrustant intense - 1L","p":3.02,"u":"3,02 €/L","img":"https://fd5-photos.leclercdrive.fr/image.ashx?id=2736160&use=l&cat=p&typeid=i","cat":284907},{"id":200781,"n":"Serviettes hygiéniques Nana Maxi régulier+ x16","p":1.9,"u":"0,12 €/P","img":"https://fd5-photos.leclercdrive.fr/image.ashx?id=2454454&use=l&cat=p&typeid=i","cat":284624},{"id":200987,"n":"Mini burger Jacquet Nature x10 - 210g","p":1.67,"u":"7,95 €/KG","img":"https://fd5-photos.leclercdrive.fr/image.ashx?id=2991873&use=l&cat=p&typeid=i","cat":325067},{"id":201017,"n":"Crêpes dentelles Bretagne NRT 120g","p":1.72,"u":"14,33 €/KG","img":"https://fd5-photos.leclercdrive.fr/image.ashx?id=2622359&use=l&cat=p&typeid=i","cat":284487},{"id":201050,"n":"Raclette Gratte Givre Tech9 Rouge - 1 pièce","p":2.55,"img":"https://fd5-photos.leclercdrive.fr/image.ashx?id=2611925&use=l&cat=p&typeid=i","cat":298252},{"id":201192,"n":"Boisson fermentée désalcoolisée Rouge - à base de raisin - 75cl","p":3.27,"u":"4,36 €/L","img":"https://fd5-photos.leclercdrive.fr/image.ashx?id=2477664&use=l&cat=p&typeid=i","cat":284549},{"id":201193,"n":"Boisson fermentée désalcoolisée Rosé - à base de raisin - 75cl","p":3.27,"u":"4,36 €/L","img":"https://fd5-photos.leclercdrive.fr/image.ashx?id=2477667&use=l&cat=p&typeid=i","cat":284549},{"id":201194,"n":"Boisson fermentée désalcoolisée Blanc - à base de raisin - 75cl","p":3.27,"u":"4,36 €/L","img":"https://fd5-photos.leclercdrive.fr/image.ashx?id=2477670&use=l&cat=p&typeid=i","cat":284549},{"id":201227,"n":"Boisson pétillante sans alcool Bio - Listel Pêche - 75cl","p":3.5,"u":"4,67 €/L","img":"https://fd5-photos.leclercdrive.fr/image.ashx?id=2732419&use=l&cat=p&typeid=i","cat":289460},{"id":201228,"n":"Boisson pétillante sans alcool Bio - Listel Raisin - 75cl","p":3.62,"u":"4,83 €/L","img":"https://fd5-photos.leclercdrive.fr/image.ashx?id=2455921&use=l&cat=p&typeid=i","cat":284549},{"id":201298,"n":"Fromage enfant La Vache qui rit Original 12P à tartiner - 192g","p":2.37,"u":"12,34 €/KG","img":"https://fd5-photos.leclercdrive.fr/image.ashx?id=2945442&use=l&cat=p&typeid=i","cat":314030},{"id":201300,"n":"Fromage enfant La Vache qui rit Original 32P à tartiner - 512g","p":4.73,"u":"9,24 €/KG","img":"https://fd5-photos.leclercdrive.fr/image.ashx?id=2945448&use=l&cat=p&typeid=i","cat":314030},{"id":201341,"n":"Iceberg Eco+","p":0.99,"img":"https://fd5-photos.leclercdrive.fr/image.ashx?id=2715747&use=l&cat=p&typeid=i","cat":284352},{"id":201366,"n":"Soda Bouteille Orangina  Light - 4x1.5L","p":6.72,"u":"1,12 €/L","img":"https://fd5-photos.leclercdrive.fr/image.ashx?id=2620113&use=l&cat=p&typeid=i","cat":284532},{"id":201456,"n":"Maté Yate x20 - 30g","p":1.49,"u":"49,67 €/KG","img":"https://fd5-photos.leclercdrive.fr/image.ashx?id=2854252&use=l&cat=p&typeid=i","cat":293233},{"id":201458,"n":"Chips ondulées Pom' Lisse 135g","p":1.29,"u":"9,56 €/KG","img":"https://fd5-photos.leclercdrive.fr/image.ashx?id=2644695&use=l&cat=p&typeid=i","cat":284447},{"id":201460,"n":"Terrine de campagne Côté Table Sel de guérande - 180g","p":1.47,"u":"8,17 €/KG","img":"https://fd5-photos.leclercdrive.fr/image.ashx?id=2460418&use=l&cat=p&typeid=i","cat":305149},{"id":201477,"n":"IGP Pâtes Grand-Mère Torsades - 500g + 20% offert","p":2.26,"u":"3,77 €/KG","img":"https://fd5-photos.leclercdrive.fr/image.ashx?id=2460736&use=l&cat=p&typeid=i","cat":284427},{"id":201555,"n":"Gillette Mach3 Turbo - Lot de 3x4","p":37.3,"u":"3,11 €/P","img":"https://fd5-photos.leclercdrive.fr/image.ashx?id=2787947&use=l&cat=p&typeid=i","cat":284616},{"id":201571,"n":"Viande bovine Bourguignon ** à mijoter - 500g","p":6.79,"u":"13,58 €/KG","img":"https://fd5-photos.leclercdrive.fr/image.ashx?id=2930933&use=l&cat=p&typeid=i","cat":284328},{"id":201688,"n":"Beurre plaquette Eco+ Doux - 60% MG  - 200g","p":1.45,"u":"7,25 €/KG","img":"https://fd5-photos.leclercdrive.fr/image.ashx?id=2794187&use=l&cat=p&typeid=i","cat":284379},{"id":201690,"n":"Beurre plaquette Eco+ Demi-sel - 60% MG - 200g","p":1.47,"u":"7,35 €/KG","img":"https://fd5-photos.leclercdrive.fr/image.ashx?id=2794184&use=l&cat=p&typeid=i","cat":284379},{"id":201692,"n":"Frites Crousti Express Findus Micro-ondes Allumette 2x100g","p":1.64,"u":"8,20 €/KG","img":"https://fd5-photos.leclercdrive.fr/image.ashx?id=2648274&use=l&cat=p&typeid=i","cat":319791},{"id":201702,"n":"Bière Leffe Ruby 5% - 6x25cl","p":5.24,"u":"3,49 €/L","img":"https://fd5-photos.leclercdrive.fr/image.ashx?id=2811581&use=l&cat=p&typeid=i","cat":334878},{"id":201706,"n":"Bière Leffe Ruby 5% - 12x25cl","p":9.32,"u":"3,11 €/L","img":"https://fd5-photos.leclercdrive.fr/image.ashx?id=2813008&use=l&cat=p&typeid=i","cat":334878},{"id":201708,"n":"Spray Solaire Garnier Hypoallergénique SPF50+ - 150ml","p":9.6,"u":"64,00 €/L","img":"https://fd5-photos.leclercdrive.fr/image.ashx?id=2572272&use=l&cat=p&typeid=i","cat":325355},{"id":201726,"n":"Spray Solaire Enfants Garnier Hypoallergénique SPF50+ - 150ml","p":10.23,"u":"68,20 €/L","img":"https://fd5-photos.leclercdrive.fr/image.ashx?id=2552847&use=l&cat=p&typeid=i","cat":325355},{"id":201729,"n":"Lait Fluide SPF50+ Garnier Hydratant - 175ml","p":11.65,"u":"66,57 €/L","img":"https://fd5-photos.leclercdrive.fr/image.ashx?id=2464168&use=l&cat=p&typeid=i","cat":325355},{"id":201745,"n":"Fondant Crousti Nat Choco-noisettes - 340g","p":3.77,"u":"11,09 €/KG","img":"https://fd5-photos.leclercdrive.fr/image.ashx?id=2463143&use=l&cat=p&typeid=i","cat":309513},{"id":201747,"n":"Thé vert Lipton Fleur d'oranger - x20 - 30g","p":2.54,"u":"84,67 €/KG","img":"https://fd5-photos.leclercdrive.fr/image.ashx?id=2463398&use=l&cat=p&typeid=i","cat":293233},{"id":201757,"n":"Capsules Starbucks by Nespresso  Sunny Day Blend Int 5 - x10","p":3.29,"u":"0,33 €/P","img":"https://fd5-photos.leclercdrive.fr/image.ashx?id=2654086&use=l&cat=p&typeid=i","cat":284749},{"id":201772,"n":"Dentifrice Elmex Sensitive Blancheur douce - 75ml","p":4.76,"u":"63,47 €/L","img":"https://fd5-photos.leclercdrive.fr/image.ashx?id=2721187&use=l&cat=p&typeid=i","cat":284612},{"id":201774,"n":"Sous-vêtements nuit DryNites® Garçons 4-7 ans (17-30 kg) x16","p":10.81,"u":"0,68 €/P","img":"https://fd5-photos.leclercdrive.fr/image.ashx?id=2844727&use=l&cat=p&typeid=i","cat":290633},{"id":201776,"n":"Sous-vêtements nuit DryNites® Filles 8-13 ans (30-48 kg) x13","p":10.81,"u":"0,83 €/P","img":"https://fd5-photos.leclercdrive.fr/image.ashx?id=2844736&use=l&cat=p&typeid=i","cat":290633},{"id":201792,"n":"Mousseline Purina Gourmet Thon nappé de sauce - 4x57g","p":3.03,"u":"13,29 €/KG","img":"https://fd5-photos.leclercdrive.fr/image.ashx?id=2899722&use=l&cat=p&typeid=i","cat":285601},{"id":201837,"n":"Protège-slips Doulys Ultra-mince normal - x45","p":0.87,"u":"0,02 €/P","img":"https://fd5-photos.leclercdrive.fr/image.ashx?id=2849590&use=l&cat=p&typeid=i","cat":284625},{"id":201838,"n":"Fraizibus Haribo Sachet bonbons - 220g","p":1.61,"u":"7,32 €/KG","img":"https://fd5-photos.leclercdrive.fr/image.ashx?id=2984955&use=l&cat=p&typeid=i","cat":304250},{"id":201846,"n":"Sucre vanillé Alsa x5 - 40g","p":2.57,"u":"64,25 €/KG","img":"https://fd5-photos.leclercdrive.fr/image.ashx?id=3004381&use=l&cat=p&typeid=i","cat":294686},{"id":201911,"n":"Liniment BB calendula Weleda 400ml","p":7.95,"u":"19,88 €/L","img":"https://fd5-photos.leclercdrive.fr/image.ashx?id=2654890&use=l&cat=p&typeid=i","cat":290387},{"id":201934,"n":"Protège-slips Vania Confort Fresh - x56","p":2.33,"img":"https://fd5-photos.leclercdrive.fr/image.ashx?id=2735227&use=l&cat=p&typeid=i","cat":284625},{"id":201935,"n":"Protège-slips Confort Vania  Sans parfum - x56","p":2.2,"u":"0,04 €/P","img":"https://fd5-photos.leclercdrive.fr/image.ashx?id=2735230&use=l&cat=p&typeid=i","cat":284625},{"id":201937,"n":"Gel douche Mixa Bébé Bio  Très Doux Corps Cheveux - 300ml","p":5.57,"u":"18,57 €/L","img":"https://fd5-photos.leclercdrive.fr/image.ashx?id=2468548&use=l&cat=p&typeid=i","cat":284740},{"id":201946,"n":"Gel Douche Le Petit Marseillais Lait de vanille - 650 ml","p":3.22,"u":"4,95 €/L","img":"https://fd5-photos.leclercdrive.fr/image.ashx?id=2674794&use=l&cat=p&typeid=i","cat":284594},{"id":201948,"n":"Gel Douche Le Petit Marseillais Abricot et noisette - 650ml","p":3.2,"u":"4,92 €/MT","img":"https://fd5-photos.leclercdrive.fr/image.ashx?id=2676102&use=l&cat=p&typeid=i","cat":284594},{"id":201950,"n":"Gel Douche Le Petit Marseillais Amande douce - 250ml","p":1.56,"u":"6,24 €/MT","img":"https://fd5-photos.leclercdrive.fr/image.ashx?id=2946592&use=l&cat=p&typeid=i","cat":284594},{"id":201951,"n":"Gel Douche Le Petit Marseillais Lait - 250ml","p":1.71,"u":"6,84 €/MT","img":"https://fd5-photos.leclercdrive.fr/image.ashx?id=2676108&use=l&cat=p&typeid=i","cat":284594},{"id":201953,"n":"Gel Douche Le Petit Marseillais Pêche nectarine - 250ml","p":1.69,"u":"6,76 €/L","img":"https://fd5-photos.leclercdrive.fr/image.ashx?id=2938761&use=l&cat=p&typeid=i","cat":284594},{"id":201955,"n":"Gel Douche Le Petit Marseillais Olivier Tillieul - 650ml","p":3.63,"u":"5,58 €/MT","img":"https://fd5-photos.leclercdrive.fr/image.ashx?id=2676117&use=l&cat=p&typeid=i","cat":284594},{"id":201956,"n":"Gel Douche Le Petit Marseillais Verveine citron - 250ml","p":1.7,"u":"6,80 €/MT","img":"https://fd5-photos.leclercdrive.fr/image.ashx?id=2941769&use=l&cat=p&typeid=i","cat":284594},{"id":201957,"n":"Gel douche pamplemousse orange  Le Petit marseillais - 650ml","p":3.26,"u":"5,02 €/L","img":"https://fd5-photos.leclercdrive.fr/image.ashx?id=2676123&use=l&cat=p&typeid=i","cat":284594},{"id":201958,"n":"Baume B5 La Roche Posay Cicaplast- 100ml","p":11.5,"u":"115,00 €/MT","img":"https://fd5-photos.leclercdrive.fr/image.ashx?id=2468386&use=l&cat=p&typeid=i","cat":290421},{"id":201967,"n":"Bière blonde Corona 12x33cl","p":14.11,"u":"3,56 €/L","img":"https://fd5-photos.leclercdrive.fr/image.ashx?id=2544521&use=l&cat=p&typeid=i","cat":334873},{"id":201968,"n":"Bière blonde Corona Extra 4,5% - 6x33cl","p":8.06,"u":"4,07 €/L","img":"https://fd5-photos.leclercdrive.fr/image.ashx?id=2865452&use=l&cat=p&typeid=i","cat":334873},{"id":202028,"n":"Salades légumes au vinaigre Wiodaca marka - 880g","p":1.95,"u":"2,22 €/KG","img":"https://fd5-photos.leclercdrive.fr/image.ashx?id=2468915&use=l&cat=p&typeid=i","cat":284437},{"id":202032,"n":"Tranches de concombres Wiodaca marka - 660g","p":2.2,"u":"3,33 €/KG","img":"https://fd5-photos.leclercdrive.fr/image.ashx?id=2468930&use=l&cat=p&typeid=i","cat":312611},{"id":202033,"n":"Moutarde polonaise Wiodaca marka - 200g","p":1.0,"u":"5,00 €/KG","img":"https://fd5-photos.leclercdrive.fr/image.ashx?id=2468939&use=l&cat=p&typeid=i","cat":288850},{"id":202035,"n":"Graines de sarrasin Wiodaca marka - 4x100g","p":2.2,"u":"5,50 €/KG","img":"https://fd5-photos.leclercdrive.fr/image.ashx?id=2468948&use=l&cat=p&typeid=i","cat":284429},{"id":202051,"n":"Crème glacée Trium Macadamia - 430g","p":4.3,"u":"10,00 €/KG","img":"https://fd5-photos.leclercdrive.fr/image.ashx?id=2469043&use=l&cat=p&typeid=i","cat":284725},{"id":202054,"n":"Pizza Eco+ 6 fromages x2 - 680g","p":3.41,"u":"5,01 €/KG","img":"https://fd5-photos.leclercdrive.fr/image.ashx?id=2756840&use=l&cat=p&typeid=i","cat":284256},{"id":202055,"n":"Crème glacée Trium Cookie Dough - 416g","p":3.24,"u":"7,79 €/KG","img":"https://fd5-photos.leclercdrive.fr/image.ashx?id=2469040&use=l&cat=p&typeid=i","cat":284725},{"id":202066,"n":"Fromage blanc nature Délisse 4x100g","p":0.97,"u":"2,43 €/KG","img":"https://fd5-photos.leclercdrive.fr/image.ashx?id=3012881&use=l&cat=p&typeid=i","cat":284409},{"id":202350,"n":"Salade laitue verte 1p","p":1.29,"img":"https://fd5-photos.leclercdrive.fr/image.ashx?id=1633040&use=l&cat=p&typeid=i","cat":284352},{"id":202472,"n":"Rasoirs jetables Bic 3 Action Lot 2x12 rasoirs","p":16.55,"u":"0,69 €/P","img":"https://fd5-photos.leclercdrive.fr/image.ashx?id=2768523&use=l&cat=p&typeid=i","cat":284616},{"id":202482,"n":"Raclette nature 600g","p":7.79,"u":"12,98 €/KG","img":"https://fd5-photos.leclercdrive.fr/image.ashx?id=2478946&use=l&cat=p&typeid=i","cat":314036},{"id":202545,"n":"Gel douche Le Petit Marseillais Fleur de Tiare - 250ml","p":1.6,"u":"6,40 €/L","img":"https://fd5-photos.leclercdrive.fr/image.ashx?id=2676093&use=l&cat=p&typeid=i","cat":284594},{"id":202621,"n":"Galette de riz Bio Bjorg Bio Chocolat noir - 90g","p":2.94,"u":"32,67 €/KG","img":"https://fd5-photos.leclercdrive.fr/image.ashx?id=2905363&use=l&cat=p&typeid=i","cat":318651},{"id":202623,"n":"Lentilles blondes Eco  500g","p":0.89,"u":"1,78 €/KG","img":"https://fd5-photos.leclercdrive.fr/image.ashx?id=2630049&use=l&cat=p&typeid=i","cat":284430},{"id":202647,"n":"Bière blonde Jenlain Pack 6x25cl","p":5.06,"u":"3,37 €/L","img":"https://fd5-photos.leclercdrive.fr/image.ashx?id=2474380&use=l&cat=p&typeid=i","cat":334852},{"id":202649,"n":"Bière blonde Jenlain 75 cl","p":2.78,"u":"3,71 €/L","img":"https://fd5-photos.leclercdrive.fr/image.ashx?id=2732851&use=l&cat=p&typeid=i","cat":334852},{"id":202674,"n":"Gourde Good Goût Banane Abricot bio - 120g","p":1.3,"u":"10,83 €/KG","img":"https://fd5-photos.leclercdrive.fr/image.ashx?id=2639023&use=l&cat=p&typeid=i","cat":312393},{"id":202708,"n":"Oignons jaunes Filière Panier du Primeur Filet 1kg","p":1.99,"u":"1,99 €/KG","img":"https://fd5-photos.leclercdrive.fr/image.ashx?id=2953734&use=l&cat=p&typeid=i","cat":284352},{"id":202733,"n":"Oignon jaune bio Bio village 1kg","p":2.79,"u":"2,79 €/KG","img":"https://fd5-photos.leclercdrive.fr/image.ashx?id=2922451&use=l&cat=p&typeid=i","cat":284352},{"id":202857,"n":"Couches Pampers Premium Protection - T2 - x54","p":16.87,"u":"0,31 €/P","img":"https://fd5-photos.leclercdrive.fr/image.ashx?id=2683367&use=l&cat=p&typeid=i","cat":284737},{"id":202870,"n":"Sucrines bicolores Panier du Primeur x3","p":1.29,"u":"0,43 €/P","img":"https://fd5-photos.leclercdrive.fr/image.ashx?id=2477544&use=l&cat=p&typeid=i","cat":284352},{"id":202871,"n":"Coeur de sucrine  Panier du Primeur x6","p":2.29,"u":"0,76 €/P","img":"https://fd5-photos.leclercdrive.fr/image.ashx?id=2477547&use=l&cat=p&typeid=i","cat":284352},{"id":202872,"n":"Sucrine Eco+ x2","p":0.89,"u":"0,45 €/P","img":"https://fd5-photos.leclercdrive.fr/image.ashx?id=2477535&use=l&cat=p&typeid=i","cat":284352},{"id":202908,"n":"Skyr Yoplait  Nature 0%MG - 450G","p":2.23,"u":"4,96 €/KG","img":"https://fd5-photos.leclercdrive.fr/image.ashx?id=2884468&use=l&cat=p&typeid=i","cat":315000},{"id":203036,"n":"Gel douche Mixa Bébé  Très Doux Corps Cheveux - 300ml","p":2.8,"u":"9,33 €/L","img":"https://fd5-photos.leclercdrive.fr/image.ashx?id=2479318&use=l&cat=p&typeid=i","cat":284740},{"id":203037,"n":"Shampooing Mixa Bébé  Très Doux - 300ml","p":2.38,"u":"7,93 €/L","img":"https://fd5-photos.leclercdrive.fr/image.ashx?id=2479321&use=l&cat=p&typeid=i","cat":284740},{"id":203038,"n":"Shampooing démêlant Mixa Bébé Karité - 300ml","p":2.38,"u":"7,93 €/L","img":"https://fd5-photos.leclercdrive.fr/image.ashx?id=2478640&use=l&cat=p&typeid=i","cat":284740},{"id":203039,"n":"Shampooing Mixa Bébé Bio Très Doux - 300ml","p":2.69,"u":"8,97 €/L","img":"https://fd5-photos.leclercdrive.fr/image.ashx?id=2478643&use=l&cat=p&typeid=i","cat":284740},{"id":203041,"n":"Lait de toilette Mixa Bébé  Très Doux - 300ml","p":2.43,"u":"8,10 €/L","img":"https://fd5-photos.leclercdrive.fr/image.ashx?id=2479324&use=l&cat=p&typeid=i","cat":284741},{"id":203048,"n":"Aérosol désodorisant Glade Muguet - 300ml","p":2.08,"u":"6,93 €/L","img":"https://fd5-photos.leclercdrive.fr/image.ashx?id=2664211&use=l&cat=p&typeid=i","cat":311626},{"id":203050,"n":"Recharge Sense & Spray Glade Ocean Adventure - 18 ml","p":3.82,"u":"212,22 €/L","img":"https://fd5-photos.leclercdrive.fr/image.ashx?id=2634352&use=l&cat=p&typeid=i","cat":311629},{"id":203051,"n":"Recharge Sense & Spray Glade Relaxing Zen - 18 ml","p":3.82,"u":"212,22 €/L","img":"https://fd5-photos.leclercdrive.fr/image.ashx?id=2634355&use=l&cat=p&typeid=i","cat":311629},{"id":203052,"n":"Recharge pour diffuseur Glade  Bois de Santal & Jasmin - 18ml","p":3.81,"u":"211,67 €/L","img":"https://fd5-photos.leclercdrive.fr/image.ashx?id=2634358&use=l&cat=p&typeid=i","cat":311629},{"id":203053,"n":"Diffuseur & recharge 18ml Glade Bois de Santal&Jasmin - 1 pièce","p":6.93,"pp":4.16,"img":"https://fd5-photos.leclercdrive.fr/image.ashx?id=2684293&use=l&cat=p&typeid=i","cat":311629},{"id":203055,"n":"Diffuseur Automatic Spray Glade Sandalwood & Jasmine - 269 ml","p":6.85,"img":"https://fd5-photos.leclercdrive.fr/image.ashx?id=2866007&use=l&cat=p&typeid=i","cat":311629},{"id":203057,"n":"Recharge Touch & Fresh Glade Muguet - 10ml","p":3.14,"u":"314,00 €/L","img":"https://fd5-photos.leclercdrive.fr/image.ashx?id=2506612&use=l&cat=p&typeid=i","cat":311629},{"id":203059,"n":"Recharge Touch & Fresh Glade Sandalwood & Jasmine - 10 ml","p":3.16,"u":"316,00 €/L","img":"https://fd5-photos.leclercdrive.fr/image.ashx?id=2914744&use=l&cat=p&typeid=i","cat":311629},{"id":203060,"n":"Diffuseur Touch & Fresh Glade Relaxing Zen - 10 ml","p":4.22,"u":"422,00 €/L","img":"https://fd5-photos.leclercdrive.fr/image.ashx?id=2914753&use=l&cat=p&typeid=i","cat":311629},{"id":203063,"n":"Gel désodorisant Glade  Longue durée - Muguet - x1","p":1.55,"img":"https://fd5-photos.leclercdrive.fr/image.ashx?id=2479429&use=l&cat=p&typeid=i","cat":311628},{"id":203310,"n":"Diffuseur Touch & Fresh Glade Marine - 10 ml","p":4.25,"img":"https://fd5-photos.leclercdrive.fr/image.ashx?id=2914750&use=l&cat=p&typeid=i","cat":311629},{"id":203319,"n":"AOP Champagne Brut M.H Martel Cuvée Victoire 75cl","p":27.09,"u":"36,12 €/L","img":"https://fd5-photos.leclercdrive.fr/image.ashx?id=2947949&use=l&cat=p&typeid=i","cat":284542},{"id":203367,"n":"Aiguillettes de poulet blanc Bon Plan Le Gaulois - 400g","p":5.9,"u":"14,75 €/KG","img":"https://fd5-photos.leclercdrive.fr/image.ashx?id=2481586&use=l&cat=p&typeid=i","cat":284336},{"id":203368,"n":"Filet de poulet blanc  Bon Plan Le Gaulois - 500g","p":6.98,"u":"13,96 €/KG","img":"https://fd5-photos.leclercdrive.fr/image.ashx?id=2481589&use=l&cat=p&typeid=i","cat":284336},{"id":203369,"n":"Cuisses de poulet  Bon Plan Le Gaulois - 900g","p":4.98,"u":"5,53 €/KG","img":"https://fd5-photos.leclercdrive.fr/image.ashx?id=2481592&use=l&cat=p&typeid=i","cat":284336},{"id":203471,"n":"Banane Eco+ x4","p":0.79,"u":"0,20 €/P","img":"https://fd5-photos.leclercdrive.fr/image.ashx?id=2600252&use=l&cat=p&typeid=i","cat":284356},{"id":203476,"n":"Mâche Eco+ 125g","p":0.99,"img":"https://fd5-photos.leclercdrive.fr/image.ashx?id=2958305&use=l&cat=p&typeid=i","cat":284352},{"id":203497,"n":"Papyzouk Hurricane 75cl","p":13.49,"u":"17,99 €/L","img":"https://fd5-photos.leclercdrive.fr/image.ashx?id=2499672&use=l&cat=p&typeid=i","cat":284551},{"id":203498,"n":"Papyzouk Bora Bora 75cl","p":13.49,"u":"17,99 €/L","img":"https://fd5-photos.leclercdrive.fr/image.ashx?id=2499678&use=l&cat=p&typeid=i","cat":284551},{"id":203501,"n":"Papyzouk Sex on the Beach 75cl","p":13.49,"u":"17,99 €/L","img":"https://fd5-photos.leclercdrive.fr/image.ashx?id=2499675&use=l&cat=p&typeid=i","cat":284551},{"id":203502,"n":"Bière blonde Malheur 8%vol - 75cl","p":4.15,"u":"5,53 €/L","img":"https://fd5-photos.leclercdrive.fr/image.ashx?id=2985552&use=l&cat=p&typeid=i","cat":334872},{"id":203503,"n":"Bière blonde Malheur 10%vol - 75cl","p":4.15,"u":"5,53 €/L","img":"https://fd5-photos.leclercdrive.fr/image.ashx?id=2903728&use=l&cat=p&typeid=i","cat":334872},{"id":203648,"n":"Douche huile de Coco Cottage Extra nourrissante - 560ml","p":3.42,"u":"6,11 €/L","img":"https://fd5-photos.leclercdrive.fr/image.ashx?id=2528693&use=l&cat=p&typeid=i","cat":284594},{"id":203682,"n":"Tartinable surimi crabe Simon Dutriaux - 135g","p":1.7,"u":"12,59 €/KG","img":"https://fd5-photos.leclercdrive.fr/image.ashx?id=2664923&use=l&cat=p&typeid=i","cat":285191},{"id":203683,"n":"Tartinable de thon Simon Dutriaux - 135g","p":1.67,"u":"12,37 €/KG","img":"https://fd5-photos.leclercdrive.fr/image.ashx?id=2590184&use=l&cat=p&typeid=i","cat":285191},{"id":203684,"n":"Tartinable thon piquant Simon Dutriaux - 135g","p":2.13,"u":"15,78 €/KG","img":"https://fd5-photos.leclercdrive.fr/image.ashx?id=2484870&use=l&cat=p&typeid=i","cat":285191},{"id":203685,"n":"Tartinable de thon mexicaine Simon Dutriaux - 135g","p":1.87,"u":"13,85 €/KG","img":"https://fd5-photos.leclercdrive.fr/image.ashx?id=2484873&use=l&cat=p&typeid=i","cat":285191},{"id":203686,"n":"Cocktail de crevettes roses Simon Dutriaux - 135g","p":1.82,"u":"13,48 €/KG","img":"https://fd5-photos.leclercdrive.fr/image.ashx?id=2484876&use=l&cat=p&typeid=i","cat":285191},{"id":203687,"n":"Tartinable de saumon Simon Dutriaux - 135g","p":1.67,"u":"12,37 €/KG","img":"https://fd5-photos.leclercdrive.fr/image.ashx?id=2590187&use=l&cat=p&typeid=i","cat":285191},{"id":203689,"n":"Tartinable de poulet Simon Dutriaux - 135g","p":1.74,"u":"12,89 €/KG","img":"https://fd5-photos.leclercdrive.fr/image.ashx?id=2590190&use=l&cat=p&typeid=i","cat":285191},{"id":203738,"n":"Soin visage Cellular Nivea Expert Lift Nuit - 50ml","p":14.45,"u":"289,00 €/L","img":"https://fd5-photos.leclercdrive.fr/image.ashx?id=2859719&use=l&cat=p&typeid=i","cat":325345},{"id":203781,"n":"Tartines de pain Pasquier Brioché 15 tranches - 210g","p":1.58,"u":"7,52 €/KG","img":"https://fd5-photos.leclercdrive.fr/image.ashx?id=2939367&use=l&cat=p&typeid=i","cat":284479},{"id":203801,"n":"Dentifrice Parodontax Haleine gencives et Sensibilité 75ml","p":5.34,"u":"71,20 €/L","img":"https://fd5-photos.leclercdrive.fr/image.ashx?id=2487084&use=l&cat=p&typeid=i","cat":284612},{"id":203821,"n":"Boîte chien Pedigree  Cuisinés en sauce - 6x400g","p":8.38,"u":"3,49 €/KG","img":"https://fd5-photos.leclercdrive.fr/image.ashx?id=2849722&use=l&cat=p&typeid=i","cat":288578},{"id":203822,"n":"Boîte chien Pedigree Cuisinés en sauce - 4x400g","p":5.96,"u":"3,73 €/KG","img":"https://fd5-photos.leclercdrive.fr/image.ashx?id=2849719&use=l&cat=p&typeid=i","cat":288578},{"id":203824,"n":"Sachet fraicheur chat Whiskas Classiques en sauce - 24x85g","p":10.13,"u":"4,97 €/KG","img":"https://fd5-photos.leclercdrive.fr/image.ashx?id=2486913&use=l&cat=p&typeid=i","cat":285286},{"id":203826,"n":"Sachet fraicheur chat Whiskas Poissons en gelée - 12x85g","p":4.77,"u":"4,68 €/KG","img":"https://fd5-photos.leclercdrive.fr/image.ashx?id=2486910&use=l&cat=p&typeid=i","cat":285286},{"id":204056,"n":"Céréales Spécial K Kellogg's Fruits rouges - 450g","p":4.09,"u":"9,09 €/KG","img":"https://fd5-photos.leclercdrive.fr/image.ashx?id=2775029&use=l&cat=p&typeid=i","cat":309512},{"id":204058,"n":"Céréales Special K Kellogg's Chocolat au Lait - 500g","p":3.69,"u":"7,38 €/KG","img":"https://fd5-photos.leclercdrive.fr/image.ashx?id=2692713&use=l&cat=p&typeid=i","cat":309512},{"id":204061,"n":"Mais Bio Village Bio - 285g","p":1.09,"u":"3,82 €/KG","img":"https://fd5-photos.leclercdrive.fr/image.ashx?id=3002719&use=l&cat=p&typeid=i","cat":312611},{"id":204065,"n":"Bouillon Knorr Saveur boeuf - 150g","p":0.9,"u":"6,00 €/KG","img":"https://fd5-photos.leclercdrive.fr/image.ashx?id=2866846&use=l&cat=p&typeid=i","cat":288379},{"id":204073,"n":"Fromage Fouetté Ail Fines Herbe à tartiner Les Croisés - 150g","p":1.53,"u":"10,20 €/KG","img":"https://fd5-photos.leclercdrive.fr/image.ashx?id=2487398&use=l&cat=p&typeid=i","cat":314029},{"id":204131,"n":"Nettoyant four Decapfour  Express - 500ml","p":3.43,"u":"6,86 €/L","img":"https://fd5-photos.leclercdrive.fr/image.ashx?id=2489719&use=l&cat=p&typeid=i","cat":325363},{"id":204157,"n":"Pâte feuilletée Herta Trésor de Grand-Mère  280g","p":1.59,"u":"5,68 €/KG","img":"https://fd5-photos.leclercdrive.fr/image.ashx?id=2833303&use=l&cat=p&typeid=i","cat":333681},{"id":204158,"n":"Pâte brisée Herta Trésor de Grand-Mère - 280g","p":1.53,"u":"5,46 €/KG","img":"https://fd5-photos.leclercdrive.fr/image.ashx?id=2833306&use=l&cat=p&typeid=i","cat":333681},{"id":204159,"n":"Pâte à tarte sablée Herta Trésor de Grand-Mère - 280g","p":1.68,"u":"6,00 €/KG","img":"https://fd5-photos.leclercdrive.fr/image.ashx?id=2814536&use=l&cat=p&typeid=i","cat":333681},{"id":204162,"n":"Boîte chien Pedigree Terrine - 6x400g","p":8.73,"img":"https://fd5-photos.leclercdrive.fr/image.ashx?id=2849725&use=l&cat=p&typeid=i","cat":288578},{"id":204167,"n":"Sachet chat senior Whiskas Festins volaille sauce - 12x85g","p":5.16,"u":"5,06 €/KG","img":"https://fd5-photos.leclercdrive.fr/image.ashx?id=2588999&use=l&cat=p&typeid=i","cat":285286},{"id":204168,"n":"Rasoir xtreme 3 Wilkinson Sensitive - x24","p":23.75,"img":"https://fd5-photos.leclercdrive.fr/image.ashx?id=2844691&use=l&cat=p&typeid=i","cat":284616},{"id":204184,"n":"Shampooing Gliss Utimate repair - 2x250ml","p":5.25,"u":"10,50 €/L","img":"https://fd5-photos.leclercdrive.fr/image.ashx?id=2490224&use=l&cat=p&typeid=i","cat":284606},{"id":204226,"n":"Boîte chien Pedigree Terrine boeuf carottes - 4x400g","p":5.43,"u":"0,34 €/L","img":"https://fd5-photos.leclercdrive.fr/image.ashx?id=2849728&use=l&cat=p&typeid=i","cat":288578},{"id":204247,"n":"Protège-slip Vania Confort Multiformes - 1p","p":2.33,"img":"https://fd5-photos.leclercdrive.fr/image.ashx?id=2735224&use=l&cat=p&typeid=i","cat":284625},{"id":204248,"n":"Galettes St Michel Fourrées Chocolat au lait 240g","p":1.95,"u":"8,13 €/KG","img":"https://fd5-photos.leclercdrive.fr/image.ashx?id=2950000&use=l&cat=p&typeid=i","cat":284487},{"id":204267,"n":"Rasoirs Jetables Gillette Blue  3 - Smooth - 5x6","p":41.39,"u":"1,38 €/P","img":"https://fd5-photos.leclercdrive.fr/image.ashx?id=2525965&use=l&cat=p&typeid=i","cat":284616},{"id":204275,"n":"Soin Hydratant So Bio Etic Grenade bio - 50ml","p":11.17,"u":"223,40 €/L","img":"https://fd5-photos.leclercdrive.fr/image.ashx?id=2787110&use=l&cat=p&typeid=i","cat":325345},{"id":204278,"n":"Gel douche I Love Bio Passion - 500ml","p":6.08,"u":"12,16 €/L","img":"https://fd5-photos.leclercdrive.fr/image.ashx?id=2787125&use=l&cat=p&typeid=i","cat":284594},{"id":204302,"n":"Shampoing nutrition Ultra Doux Lait de coco - 300ml","p":3.05,"u":"10,17 €/L","img":"https://fd5-photos.leclercdrive.fr/image.ashx?id=2492788&use=l&cat=p&typeid=i","cat":284606},{"id":204303,"n":"Shampoing purifiant Ultra Doux Cheveux gras - 300ml","p":2.79,"u":"9,30 €/L","img":"https://fd5-photos.leclercdrive.fr/image.ashx?id=2492791&use=l&cat=p&typeid=i","cat":284606},{"id":204304,"n":"Shampoing Illuminant Ultra Doux Camomille - 300ml","p":2.47,"u":"8,23 €/L","img":"https://fd5-photos.leclercdrive.fr/image.ashx?id=2926596&use=l&cat=p&typeid=i","cat":284606},{"id":204305,"n":"Shampoing nutrition Ultra Doux Argan et camélia - 300ml","p":2.47,"u":"8,23 €/L","img":"https://fd5-photos.leclercdrive.fr/image.ashx?id=2492797&use=l&cat=p&typeid=i","cat":284606},{"id":204308,"n":"Shampoing Enfants Ultra Doux Abricot - 300ml","p":2.56,"u":"8,53 €/L","img":"https://fd5-photos.leclercdrive.fr/image.ashx?id=2851093&use=l&cat=p&typeid=i","cat":284606},{"id":204310,"n":"Shampoing Hydratant Ultra Doux Cheveux délicats - 300ml","p":2.51,"u":"8,37 €/L","img":"https://fd5-photos.leclercdrive.fr/image.ashx?id=2492812&use=l&cat=p&typeid=i","cat":284606},{"id":204311,"n":"Shampoing doux Ultra Doux Extrait de tilleul - 300ml","p":2.72,"u":"9,07 €/L","img":"https://fd5-photos.leclercdrive.fr/image.ashx?id=2492815&use=l&cat=p&typeid=i","cat":284606},{"id":204313,"n":"Après-shampooing karité Garnier Cheveu bouclé à Frisé - 250ml","p":2.47,"u":"9,88 €/L","img":"https://fd5-photos.leclercdrive.fr/image.ashx?id=2986651&use=l&cat=p&typeid=i","cat":284607},{"id":204314,"n":"Après-shampoing Ultra doux Cheveux fragiles - 250ml","p":2.73,"u":"10,92 €/L","img":"https://fd5-photos.leclercdrive.fr/image.ashx?id=2646569&use=l&cat=p&typeid=i","cat":284607},{"id":204316,"n":"Shampoing réparateur Ultra Doux Cheveux fragiles - 300ml","p":2.51,"u":"8,37 €/L","img":"https://fd5-photos.leclercdrive.fr/image.ashx?id=2646572&use=l&cat=p&typeid=i","cat":284606},{"id":204327,"n":"Soupe instantanée Royco  Velouté Tomates - 4x200ml","p":1.24,"u":"1,55 €/L","img":"https://fd5-photos.leclercdrive.fr/image.ashx?id=2650991&use=l&cat=p&typeid=i","cat":293527},{"id":204328,"n":"Soupe instantanée Royco  Mouliné 12 Légumes - 4x200ml","p":1.48,"u":"1,85 €/L","img":"https://fd5-photos.leclercdrive.fr/image.ashx?id=2650994&use=l&cat=p&typeid=i","cat":293527},{"id":204329,"n":"Soupe liquide Liebig  Façon napolitaine - 1L","p":2.67,"u":"2,67 €/L","img":"https://fd5-photos.leclercdrive.fr/image.ashx?id=2493133&use=l&cat=p&typeid=i","cat":284462},{"id":204330,"n":"Soupe liquide brique Liebig  Poule Vermicelles - 1L","p":2.5,"u":"2,50 €/L","img":"https://fd5-photos.leclercdrive.fr/image.ashx?id=2493136&use=l&cat=p&typeid=i","cat":284462},{"id":204383,"n":"Mini pizzas Piccolinis Buitoni 3 Formaggi x9 - 270g","p":2.74,"u":"10,15 €/KG","img":"https://fd5-photos.leclercdrive.fr/image.ashx?id=2493649&use=l&cat=p&typeid=i","cat":319774},{"id":204386,"n":"Mini pizzas Piccolinis Buitoni Bolognaise x9 - 270g","p":2.7,"u":"10,00 €/KG","img":"https://fd5-photos.leclercdrive.fr/image.ashx?id=2493655&use=l&cat=p&typeid=i","cat":319774},{"id":204496,"n":"Cotons démaquillants Demakup Sensitive - 6x64","p":7.45,"u":"0,02 €/P","img":"https://fd5-photos.leclercdrive.fr/image.ashx?id=2745283&use=l&cat=p&typeid=i","cat":285593},{"id":204533,"n":"Tartinable de poulet Simon Dutriaux - 270g","p":3.18,"u":"11,78 €/KG","img":"https://fd5-photos.leclercdrive.fr/image.ashx?id=2494500&use=l&cat=p&typeid=i","cat":285191},{"id":204534,"n":"Tartinable de poulet indienne Simon Dutriaux - 135g","p":1.79,"u":"13,26 €/KG","img":"https://fd5-photos.leclercdrive.fr/image.ashx?id=2590193&use=l&cat=p&typeid=i","cat":285191},{"id":204624,"n":"Crousti Express Findus Rissolées - 2x100g","p":1.8,"u":"9,00 €/KG","img":"https://fd5-photos.leclercdrive.fr/image.ashx?id=2653786&use=l&cat=p&typeid=i","cat":319792},{"id":204675,"n":"Shampooing Ultra Doux Garnier Argan Cranberry - 3x300ml","p":11.99,"u":"13,32 €/L","img":"https://fd5-photos.leclercdrive.fr/image.ashx?id=2494560&use=l&cat=p&typeid=i","cat":284606},{"id":204678,"n":"Masque Ultra Doux Garnier Merveilleux - 2x340ml","p":15.89,"u":"23,37 €/L","img":"https://fd5-photos.leclercdrive.fr/image.ashx?id=2496179&use=l&cat=p&typeid=i","cat":284608},{"id":204679,"n":"Shampooing Ultra Doux Garnier Tilleul - 3x300ml","p":11.99,"u":"13,32 €/L","img":"https://fd5-photos.leclercdrive.fr/image.ashx?id=2494566&use=l&cat=p&typeid=i","cat":284606},{"id":204700,"n":"BB crème soin 5en1 Garnier Anti-âge teinte medium - 50ml","p":7.95,"u":"159,00 €/L","img":"https://fd5-photos.leclercdrive.fr/image.ashx?id=2494974&use=l&cat=p&typeid=i","cat":325345},{"id":204702,"n":"BB Crème Soin tout en 1 Garnier Teinte medium - 50ml","p":7.5,"u":"150,00 €/L","img":"https://fd5-photos.leclercdrive.fr/image.ashx?id=2494977&use=l&cat=p&typeid=i","cat":325345},{"id":204731,"n":"Sachet fraîcheur chat Whiskas  Sélection en sauce - 12x85g","p":5.17,"u":"5,07 €/KG","img":"https://fd5-photos.leclercdrive.fr/image.ashx?id=2495764&use=l&cat=p&typeid=i","cat":285286},{"id":204734,"n":"Boîte chien Pedigree Cuisinés en sauce - 3x800g","p":7.27,"u":"3,03 €/KG","img":"https://fd5-photos.leclercdrive.fr/image.ashx?id=2849731&use=l&cat=p&typeid=i","cat":288578},{"id":204747,"n":"Dentifrice Aquafresh Menthe fraîche - 125ml","p":1.79,"u":"14,32 €/L","img":"https://fd5-photos.leclercdrive.fr/image.ashx?id=2546752&use=l&cat=p&typeid=i","cat":284612},{"id":204788,"n":"Gnocchi à poêler Lustucru 325g","p":1.37,"u":"4,22 €/KG","img":"https://fd5-photos.leclercdrive.fr/image.ashx?id=2975218&use=l&cat=p&typeid=i","cat":333682},{"id":204789,"n":"Gnocchi à poêler Lustucru 520g","p":2.2,"u":"4,23 €/KG","img":"https://fd5-photos.leclercdrive.fr/image.ashx?id=2792423&use=l&cat=p&typeid=i","cat":333682},{"id":204791,"n":"Gnocchi à poêler Lustucru  Format XXL - 720g","p":2.75,"u":"3,82 €/KG","img":"https://fd5-photos.leclercdrive.fr/image.ashx?id=2788556&use=l&cat=p&typeid=i","cat":333682},{"id":204792,"n":"Girasoli Lustucru Tomate Basilic Mozzarella 250g","p":2.28,"u":"9,12 €/KG","img":"https://fd5-photos.leclercdrive.fr/image.ashx?id=2974363&use=l&cat=p&typeid=i","cat":333682},{"id":204797,"n":"Nectar de mangue Eco+ 1L","p":1.37,"u":"1,37 €/L","img":"https://fd5-photos.leclercdrive.fr/image.ashx?id=2955608&use=l&cat=p&typeid=i","cat":284916},{"id":204798,"n":"Nectar d'abricot ECO+ 1L","p":1.27,"u":"1,27 €/L","img":"https://fd5-photos.leclercdrive.fr/image.ashx?id=2959596&use=l&cat=p&typeid=i","cat":284915},{"id":204871,"n":"Nectar de banane Eco+ 1L","p":1.59,"u":"1,59 €/L","img":"https://fd5-photos.leclercdrive.fr/image.ashx?id=2955611&use=l&cat=p&typeid=i","cat":284915},{"id":204955,"n":"Hot Dog Ketchup Charal 4x125g - 500g","p":5.63,"u":"11,26 €/KG","img":"https://fd5-photos.leclercdrive.fr/image.ashx?id=2741982&use=l&cat=p&typeid=i","cat":319822},{"id":205006,"n":"Compotes Pom'Potes Gourdes BIO  Multivariétés - 12x90g","p":7.37,"u":"6,82 €/KG","img":"https://fd5-photos.leclercdrive.fr/image.ashx?id=2899344&use=l&cat=p&typeid=i","cat":284508},{"id":205007,"n":"Compotes Pom'Potes Gourdes  Explorateurs sur Neptun  12x90g","p":5.61,"u":"5,19 €/KG","img":"https://fd5-photos.leclercdrive.fr/image.ashx?id=2900743&use=l&cat=p&typeid=i","cat":284508},{"id":205008,"n":"Compotes Pom'Potes Gourdes  Recette Douceur d’Asie - 12x90g","p":5.97,"u":"5,53 €/KG","img":"https://fd5-photos.leclercdrive.fr/image.ashx?id=2563391&use=l&cat=p&typeid=i","cat":284508},{"id":205009,"n":"Colin d'Alaska & riz D'Aucy Crème de St Jacques 280g","p":3.25,"u":"11,61 €/KG","img":"https://fd5-photos.leclercdrive.fr/image.ashx?id=2498221&use=l&cat=p&typeid=i","cat":284953},{"id":205011,"n":"Lasagnes au saumon d'aucy 300g","p":3.01,"u":"10,03 €/KG","img":"https://fd5-photos.leclercdrive.fr/image.ashx?id=2522539&use=l&cat=p&typeid=i","cat":284953},{"id":205117,"n":"Litière chats Tranquille Cristalite - 4L","p":5.35,"u":"1,34 €/L","img":"https://fd5-photos.leclercdrive.fr/image.ashx?id=2536032&use=l&cat=p&typeid=i","cat":284683},{"id":205144,"n":"Moutarde de Dijon - Clovis 200g","p":2.2,"u":"11,00 €/KG","img":"https://fd5-photos.leclercdrive.fr/image.ashx?id=2984841&use=l&cat=p&typeid=i","cat":288850},{"id":205171,"n":"Soupe instantanée Royco  Velouté 12 Légumes - 4x200ml","p":1.44,"u":"1,80 €/L","img":"https://fd5-photos.leclercdrive.fr/image.ashx?id=2650997&use=l&cat=p&typeid=i","cat":293527},{"id":205236,"n":"Protège-slip Always Fresh & Protect - Normal - x30","p":1.63,"u":"0,05 €/P","img":"https://fd5-photos.leclercdrive.fr/image.ashx?id=2949070&use=l&cat=p&typeid=i","cat":284625},{"id":205237,"n":"Sérum anti-âge L'Oréal Paris Revitalift Vitamine C - 30ml","p":14.16,"u":"472,00 €/L","img":"https://fd5-photos.leclercdrive.fr/image.ashx?id=3003351&use=l&cat=p&typeid=i","cat":325345},{"id":205238,"n":"Savon Eco+ Amande douce - 150g","p":0.61,"u":"4,07 €/KG","img":"https://fd5-photos.leclercdrive.fr/image.ashx?id=2499058&use=l&cat=p&typeid=i","cat":284597},{"id":205239,"n":"Nettoyant four Decapfour Confort - 500ml","p":3.62,"u":"7,24 €/L","img":"https://fd5-photos.leclercdrive.fr/image.ashx?id=2499669&use=l&cat=p&typeid=i","cat":325363},{"id":205302,"n":"Gel lavant Sanytol Nourrisant Bio - 250ml","p":2.4,"u":"9,60 €/L","img":"https://fd5-photos.leclercdrive.fr/image.ashx?id=2904658&use=l&cat=p&typeid=i","cat":284597},{"id":205303,"n":"Gel lavant Sanytol Désinfectant cuisine - 250ml","p":2.51,"u":"10,04 €/L","img":"https://fd5-photos.leclercdrive.fr/image.ashx?id=2904661&use=l&cat=p&typeid=i","cat":284597},{"id":205304,"n":"Bandes de cire froide Expert Veet Corps Peaux sensibles x40","p":8.78,"u":"0,22 €/P","img":"https://fd5-photos.leclercdrive.fr/image.ashx?id=2964959&use=l&cat=p&typeid=i","cat":325351},{"id":205305,"n":"Bandes de cire froide Expert Veet Visage Peaux sensibles x20","p":4.77,"u":"0,24 €/P","img":"https://fd5-photos.leclercdrive.fr/image.ashx?id=2915440&use=l&cat=p&typeid=i","cat":325351},{"id":205312,"n":"Coloration Permanente Olia 4.0 Châtain cacao","p":11.54,"img":"https://fd5-photos.leclercdrive.fr/image.ashx?id=2518718&use=l&cat=p&typeid=i","cat":288899},{"id":205313,"n":"Coloration Permanente Olia 5.0 Châtain Clair Café","p":12.02,"img":"https://fd5-photos.leclercdrive.fr/image.ashx?id=2521167&use=l&cat=p&typeid=i","cat":288899},{"id":205314,"n":"Coloration Permanente Olia 6.0 Châtain Très Clair","p":11.52,"img":"https://fd5-photos.leclercdrive.fr/image.ashx?id=2521170&use=l&cat=p&typeid=i","cat":288899},{"id":205315,"n":"Coloration Permanente Olia 8.0 Blond miel sans ammoniaque","p":12.19,"u":"12,19 €/TRC","img":"https://fd5-photos.leclercdrive.fr/image.ashx?id=2521173&use=l&cat=p&typeid=i","cat":288899},{"id":205318,"n":"Shampoing charbon Ultra Doux Equilibrant - 250ml","p":2.39,"u":"9,56 €/L","img":"https://fd5-photos.leclercdrive.fr/image.ashx?id=2500177&use=l&cat=p&typeid=i","cat":284606},{"id":205319,"n":"Coloration Garnier Good 3.12 Châtain foncé Myrtille","p":11.84,"img":"https://fd5-photos.leclercdrive.fr/image.ashx?id=2521176&use=l&cat=p&typeid=i","cat":288899},{"id":205322,"n":"Masque remède Nutrition Garnier Avocat karité - 340ml","p":4.6,"u":"13,53 €/L","img":"https://fd5-photos.leclercdrive.fr/image.ashx?id=2875453&use=l&cat=p&typeid=i","cat":284608},{"id":205439,"n":"Sirop sans sucre Teisseire  Fraise - 60cl","p":2.99,"u":"4,98 €/L","img":"https://fd5-photos.leclercdrive.fr/image.ashx?id=2500455&use=l&cat=p&typeid=i","cat":295020},{"id":205520,"n":"Crème glacée La Laitière Rhum Raisins - 490g","p":3.24,"pp":2.27,"u":"4,63 €/KG","img":"https://fd5-photos.leclercdrive.fr/image.ashx?id=2877877&use=l&cat=p&typeid=i","cat":284263},{"id":205522,"n":"Shampoing Réparateur Elsève Pro Bond Repair - 200ml","p":5.63,"u":"28,15 €/L","img":"https://fd5-photos.leclercdrive.fr/image.ashx?id=3008779&use=l&cat=p&typeid=i","cat":284606},{"id":205525,"n":"Démêlant Intense Elsève Pro Bond Repair - 150ml","p":5.63,"u":"37,53 €/L","img":"https://fd5-photos.leclercdrive.fr/image.ashx?id=3008782&use=l&cat=p&typeid=i","cat":284607},{"id":205569,"n":"Nectar de goyave Eco+ 1L","p":1.59,"u":"1,59 €/L","img":"https://fd5-photos.leclercdrive.fr/image.ashx?id=2955614&use=l&cat=p&typeid=i","cat":284915},{"id":205657,"n":"P'tit diner Yooji Bio Carotte patate douce 300g","p":2.45,"u":"8,17 €/KG","img":"https://fd5-photos.leclercdrive.fr/image.ashx?id=2792870&use=l&cat=p&typeid=i","cat":290631},{"id":205658,"n":"Repas P'tit diner Yooji Bio Potiron mais millet 300g","p":4.15,"u":"13,83 €/KG","img":"https://fd5-photos.leclercdrive.fr/image.ashx?id=2832254&use=l&cat=p&typeid=i","cat":290631},{"id":205659,"n":"Ptit diner Petit pois  Epinards et orge bio - 300g","p":3.57,"u":"11,90 €/KG","img":"https://fd5-photos.leclercdrive.fr/image.ashx?id=2832257&use=l&cat=p&typeid=i","cat":290631},{"id":205787,"n":"Saucisse de Toulouse Férial Brassé - 450g","p":4.16,"u":"9,24 €/KG","img":"https://fd5-photos.leclercdrive.fr/image.ashx?id=2761986&use=l&cat=p&typeid=i","cat":284334},{"id":206033,"n":"Biscuits Mots Doux P'tit Déli Chocolat noisettes - 180g","p":1.89,"u":"10,50 €/KG","img":"https://fd5-photos.leclercdrive.fr/image.ashx?id=2771136&use=l&cat=p&typeid=i","cat":284488},{"id":206039,"n":"Sirop tradition ananas Maison Guiot - 70cl","p":2.95,"u":"4,21 €/L","img":"https://fd5-photos.leclercdrive.fr/image.ashx?id=2857192&use=l&cat=p&typeid=i","cat":295020},{"id":206105,"n":"Gel Nettoyant Visage Nivea Peaux à Imperfections - 150ml","p":3.92,"u":"26,13 €/L","img":"https://fd5-photos.leclercdrive.fr/image.ashx?id=2878243&use=l&cat=p&typeid=i","cat":284603},{"id":206106,"n":"Crème Visage Nuit Nivea Peaux à Imperfections - 40ml","p":6.77,"u":"169,25 €/L","img":"https://fd5-photos.leclercdrive.fr/image.ashx?id=2894999&use=l&cat=p&typeid=i","cat":325345},{"id":206108,"n":"Gommage Visage Nivea Peaux à Imperfections - 150ml","p":3.96,"u":"26,40 €/L","img":"https://fd5-photos.leclercdrive.fr/image.ashx?id=2836121&use=l&cat=p&typeid=i","cat":325346},{"id":206120,"n":"Crème dépilatoire Expert Veet Corps Peaux sensibles 200ml","p":4.99,"u":"24,95 €/L","img":"https://fd5-photos.leclercdrive.fr/image.ashx?id=2970804&use=l&cat=p&typeid=i","cat":325351},{"id":206122,"n":"Liquide vaisselle Rainett Concentré - Framboise - 500ml","p":1.8,"u":"3,60 €/L","img":"https://fd5-photos.leclercdrive.fr/image.ashx?id=2508792&use=l&cat=p&typeid=i","cat":284655},{"id":206126,"n":"Infusion La Tisanière Nuit calme - x20 - 28g","p":2.33,"u":"83,21 €/KG","img":"https://fd5-photos.leclercdrive.fr/image.ashx?id=2907863&use=l&cat=p&typeid=i","cat":293234},{"id":206128,"n":"Pâte à tartiner Nocciolata Bio Praliné Noisettes - 250g","p":3.42,"u":"13,68 €/KG","img":"https://fd5-photos.leclercdrive.fr/image.ashx?id=2883254&use=l&cat=p&typeid=i","cat":284481},{"id":206138,"n":"Boisson concentrée Teisseire Grenadine zéro sucres - 1,3L","p":6.7,"u":"5,15 €/L","img":"https://fd5-photos.leclercdrive.fr/image.ashx?id=2508585&use=l&cat=p&typeid=i","cat":295020},{"id":206139,"n":"Sirop Teisseire Cassis - 60cl","p":3.3,"u":"5,50 €/L","img":"https://fd5-photos.leclercdrive.fr/image.ashx?id=2508588&use=l&cat=p&typeid=i","cat":295020},{"id":206140,"n":"Sirop concentré Teisseire Citron vert - 60cl","p":3.3,"u":"5,50 €/L","img":"https://fd5-photos.leclercdrive.fr/image.ashx?id=2508591&use=l&cat=p&typeid=i","cat":295020},{"id":206143,"n":"Sirop Teisseire  Pêche - 60cl","p":3.3,"u":"5,50 €/L","img":"https://fd5-photos.leclercdrive.fr/image.ashx?id=2508597&use=l&cat=p&typeid=i","cat":295020},{"id":206144,"n":"Boisson concentrée Teisseire A diluer grenadine Zéro - 60cl","p":2.72,"u":"4,53 €/L","img":"https://fd5-photos.leclercdrive.fr/image.ashx?id=2508600&use=l&cat=p&typeid=i","cat":295020},{"id":206147,"n":"Boisson concentrée Teisseire Menthe verte sans sucres - 60cl","p":2.74,"u":"4,57 €/L","img":"https://fd5-photos.leclercdrive.fr/image.ashx?id=2508603&use=l&cat=p&typeid=i","cat":295020},{"id":206149,"n":"Boisson concentrée Teisseire Citron sans sucres - 60cl","p":2.89,"u":"4,82 €/L","img":"https://fd5-photos.leclercdrive.fr/image.ashx?id=2508606&use=l&cat=p&typeid=i","cat":295020},{"id":206154,"n":"Saucisson Herta  Fuet - 180g","p":2.73,"u":"15,17 €/KG","img":"https://fd5-photos.leclercdrive.fr/image.ashx?id=2767648&use=l&cat=p&typeid=i","cat":316006},{"id":206162,"n":"Fricadelles Rafina x20 - 1.4kg","p":4.71,"u":"3,36 €/KG","img":"https://fd5-photos.leclercdrive.fr/image.ashx?id=2509769&use=l&cat=p&typeid=i","cat":321330},{"id":206163,"n":"Sirop Teisseire  Menthe verte - 60cl","p":2.25,"u":"3,75 €/L","img":"https://fd5-photos.leclercdrive.fr/image.ashx?id=2772726&use=l&cat=p&typeid=i","cat":295020},{"id":206164,"n":"Sirop Teisseire  Grenadine - 60cl","p":2.2,"u":"3,67 €/L","img":"https://fd5-photos.leclercdrive.fr/image.ashx?id=2772729&use=l&cat=p&typeid=i","cat":295020},{"id":206169,"n":"Sirop Tesseire Citron - 60cl","p":2.25,"u":"3,75 €/L","img":"https://fd5-photos.leclercdrive.fr/image.ashx?id=2771747&use=l&cat=p&typeid=i","cat":295020},{"id":206170,"n":"Sirop Teisseire Framboise - 60cl","p":3.47,"u":"5,78 €/L","img":"https://fd5-photos.leclercdrive.fr/image.ashx?id=2509331&use=l&cat=p&typeid=i","cat":295020},{"id":206171,"n":"Knax végétales et gourmandes Happyvore - 200g","p":3.59,"u":"17,95 €/KG","img":"https://fd5-photos.leclercdrive.fr/image.ashx?id=2787524&use=l&cat=p&typeid=i","cat":316036},{"id":206172,"n":"Biscuits Kinder Tronky fourrés Cacao et au lait  - 90g","p":1.86,"u":"20,67 €/KG","img":"https://fd5-photos.leclercdrive.fr/image.ashx?id=2916462&use=l&cat=p&typeid=i","cat":284488},{"id":206194,"n":"Couches Pampers Baby-Dry Taille 2 - 4 à 8kg - x174","p":69.62,"u":"0,40 €/P","img":"https://fd5-photos.leclercdrive.fr/image.ashx?id=2509895&use=l&cat=p&typeid=i","cat":284737},{"id":206195,"n":"Couches Pampers Baby-Dry Taille 3 - 6 à 10kg - x156","p":69.62,"u":"0,45 €/P","img":"https://fd5-photos.leclercdrive.fr/image.ashx?id=2624369&use=l&cat=p&typeid=i","cat":284737},{"id":206197,"n":"Couches Pampers Baby-Dry Taille 4+ - 10 à 15kg - x120","p":69.62,"u":"0,58 €/P","img":"https://fd5-photos.leclercdrive.fr/image.ashx?id=2624375&use=l&cat=p&typeid=i","cat":284737},{"id":206199,"n":"Couches Pampers Baby-Dry Taille 6 - 13 à 18kg - x102","p":69.62,"u":"0,68 €/P","img":"https://fd5-photos.leclercdrive.fr/image.ashx?id=2623846&use=l&cat=p&typeid=i","cat":284737},{"id":206202,"n":"Couches Pampers Premium  Protection Taille 2 - x162","p":69.62,"u":"0,43 €/P","img":"https://fd5-photos.leclercdrive.fr/image.ashx?id=2509868&use=l&cat=p&typeid=i","cat":284737},{"id":206203,"n":"Couches Pampers Premium Protection Taille 4 - x117","p":69.62,"u":"0,60 €/P","img":"https://fd5-photos.leclercdrive.fr/image.ashx?id=2634412&use=l&cat=p&typeid=i","cat":284737},{"id":206205,"n":"Couches Pampers Premium Protection Taille 6 - x90","p":69.62,"u":"0,77 €/P","img":"https://fd5-photos.leclercdrive.fr/image.ashx?id=2509877&use=l&cat=p&typeid=i","cat":284737},{"id":206218,"n":"Eau micellaire A-Derma Nettoyante purifiante - 400ML","p":16.99,"u":"42,48 €/L","img":"https://fd5-photos.leclercdrive.fr/image.ashx?id=2509484&use=l&cat=p&typeid=i","cat":301587},{"id":206244,"n":"Mousse nettoyante Avène 150ml","p":16.5,"u":"110,00 €/L","img":"https://fd5-photos.leclercdrive.fr/image.ashx?id=2509475&use=l&cat=p&typeid=i","cat":301587},{"id":206247,"n":"Lait après-soleil Avène Réparateur - 200ml","p":14.5,"u":"72,50 €/L","img":"https://fd5-photos.leclercdrive.fr/image.ashx?id=2509490&use=l&cat=p&typeid=i","cat":290394},{"id":206253,"n":"Lait hydratant Eau thermale Avène - XeraCalm - 400ml","p":21.5,"u":"53,75 €/L","img":"https://fd5-photos.leclercdrive.fr/image.ashx?id=2509511&use=l&cat=p&typeid=i","cat":290421},{"id":206293,"n":"Couches Pampers Harmonie  Taille 2 -  4 à 8kg - x144","p":65.9,"u":"0,46 €/P","img":"https://fd5-photos.leclercdrive.fr/image.ashx?id=2509916&use=l&cat=p&typeid=i","cat":284737},{"id":206299,"n":"Sirop Teisseire  Cerise - 60cl","p":3.27,"u":"5,45 €/L","img":"https://fd5-photos.leclercdrive.fr/image.ashx?id=2510777&use=l&cat=p&typeid=i","cat":295020},{"id":206300,"n":"Sirop Teisseire  Fruit de la passion - 60cl","p":3.53,"u":"5,88 €/L","img":"https://fd5-photos.leclercdrive.fr/image.ashx?id=2510780&use=l&cat=p&typeid=i","cat":295020},{"id":206317,"n":"Boisson énergisante zéro sucres Monster Ultra Watermelon 50cl","p":1.43,"u":"2,86 €/L","img":"https://fd5-photos.leclercdrive.fr/image.ashx?id=2511050&use=l&cat=p&typeid=i","cat":284533},{"id":206362,"n":"Crème Sebiaclear Active SVR Cicapeel - 15ml","p":8.7,"u":"580,00 €/L","img":"https://fd5-photos.leclercdrive.fr/image.ashx?id=2513865&use=l&cat=p&typeid=i","cat":291166},{"id":206429,"n":"Compléments alimentaires Luxéol Chute de cheveux - x90 gélules","p":35.89,"u":"0,40 €/P","img":"https://fd5-photos.leclercdrive.fr/image.ashx?id=2805489&use=l&cat=p&typeid=i","cat":301266},{"id":206430,"n":"Gummies Luxéol Cheveux et ongles - x60","p":18.82,"u":"0,31 €/P","img":"https://fd5-photos.leclercdrive.fr/image.ashx?id=2921942&use=l&cat=p&typeid=i","cat":301266},{"id":206442,"n":"Sirop Kiwi Teisseire  60cl","p":3.53,"u":"5,88 €/L","img":"https://fd5-photos.leclercdrive.fr/image.ashx?id=2510783&use=l&cat=p&typeid=i","cat":295020},{"id":206443,"n":"Sirop Teisseire  Violette - 60cl","p":3.3,"u":"5,50 €/L","img":"https://fd5-photos.leclercdrive.fr/image.ashx?id=2510786&use=l&cat=p&typeid=i","cat":295020},{"id":206444,"n":"Sirop Teisseire  Ice Tea pêche - 1.3L","p":5.77,"u":"4,44 €/L","img":"https://fd5-photos.leclercdrive.fr/image.ashx?id=2510789&use=l&cat=p&typeid=i","cat":295020},{"id":206445,"n":"Sirop Tropical  Teisseire Zéro sucres - 60cl","p":3.07,"u":"5,12 €/L","img":"https://fd5-photos.leclercdrive.fr/image.ashx?id=2510792&use=l&cat=p&typeid=i","cat":295020},{"id":206448,"n":"Rhum blanc  La Martiniquaise 40° 20cl","p":3.32,"u":"16,60 €/L","img":"https://fd5-photos.leclercdrive.fr/image.ashx?id=2962242&use=l&cat=p&typeid=i","cat":284550},{"id":206474,"n":"Huile relaxante Weleda Lavande - 100ml","p":14.95,"u":"149,50 €/L","img":"https://fd5-photos.leclercdrive.fr/image.ashx?id=2510482&use=l&cat=p&typeid=i","cat":290422},{"id":206530,"n":"Mini Génoises Balconi Chocolat & Lait - 300g","p":1.5,"u":"5,00 €/KG","img":"https://fd5-photos.leclercdrive.fr/image.ashx?id=2964057&use=l&cat=p&typeid=i","cat":284495},{"id":206538,"n":"Cookies La Biscuiterie Delacre Chocolat noir et lait - 136g","p":2.55,"u":"18,75 €/KG","img":"https://fd5-photos.leclercdrive.fr/image.ashx?id=2661667&use=l&cat=p&typeid=i","cat":325066},{"id":206548,"n":"Le Fouetté Soignon Ail et fines herbes - 140g","p":2.35,"u":"16,79 €/KG","img":"https://fd5-photos.leclercdrive.fr/image.ashx?id=2511853&use=l&cat=p&typeid=i","cat":314029},{"id":206551,"n":"Serviettes hygiéniques Always Ultra Long Taille 2 - x26","p":4.03,"u":"0,16 €/P","img":"https://fd5-photos.leclercdrive.fr/image.ashx?id=2846493&use=l&cat=p&typeid=i","cat":284624},{"id":206558,"n":"Gummies Luxéol  Pousse des cheveux - x60","p":18.82,"u":"0,31 €/P","img":"https://fd5-photos.leclercdrive.fr/image.ashx?id=2565317&use=l&cat=p&typeid=i","cat":301266},{"id":206582,"n":"Liquide vaiselle Paic Bi Activ Vinaigre et citron - 750ml","p":3.0,"u":"4,00 €/L","img":"https://fd5-photos.leclercdrive.fr/image.ashx?id=2966797&use=l&cat=p&typeid=i","cat":284655},{"id":206594,"n":"Couches Pampers Premium Protection Taille 3 - x138","p":69.62,"u":"0,50 €/P","img":"https://fd5-photos.leclercdrive.fr/image.ashx?id=2623828&use=l&cat=p&typeid=i","cat":284737},{"id":206613,"n":"Thé glacé Oasis Ice Tea Saveur Framboise Cassis - 1,5L","p":1.83,"u":"1,22 €/L","img":"https://fd5-photos.leclercdrive.fr/image.ashx?id=2681730&use=l&cat=p&typeid=i","cat":295019},{"id":206615,"n":"Boisson aux fruits Oasis Tropical sans sucres - 1,5L","p":1.83,"u":"1,22 €/L","img":"https://fd5-photos.leclercdrive.fr/image.ashx?id=2681739&use=l&cat=p&typeid=i","cat":295018},{"id":206651,"n":"Mélange fruits exotiques DDV Sirop léger - 340g","p":1.99,"u":"5,85 €/KG","img":"https://fd5-photos.leclercdrive.fr/image.ashx?id=2512511&use=l&cat=p&typeid=i","cat":284507},{"id":206661,"n":"Pré shampooing Elsève  Pro Bond Repair - 200ml","p":8.48,"u":"42,40 €/L","img":"https://fd5-photos.leclercdrive.fr/image.ashx?id=2870680&use=l&cat=p&typeid=i","cat":284606},{"id":206721,"n":"Sundae Ben & Jerry's Dulce de-delish - 342g","p":4.93,"u":"14,09 €/KG","img":"https://fd5-photos.leclercdrive.fr/image.ashx?id=2805654&use=l&cat=p&typeid=i","cat":284725},{"id":206724,"n":"Bâtonnet Magnum Double Starchaser x4 - 288g","p":3.09,"u":"10,73 €/KG","img":"https://fd5-photos.leclercdrive.fr/image.ashx?id=2805651&use=l&cat=p&typeid=i","cat":284265},{"id":206725,"n":"Bâtonnet Magnum Double Sunlover x4 - 300g","p":3.73,"u":"12,43 €/KG","img":"https://fd5-photos.leclercdrive.fr/image.ashx?id=2886397&use=l&cat=p&typeid=i","cat":284265},{"id":206783,"n":"Lessive liquide Gama Citrus - 66 doses - 3L","p":11.94,"u":"3,98 €/L","img":"https://fd5-photos.leclercdrive.fr/image.ashx?id=2561497&use=l&cat=p&typeid=i","cat":284640},{"id":206785,"n":"Détachant Ariel 500g","p":6.58,"u":"13,16 €/KG","img":"https://fd5-photos.leclercdrive.fr/image.ashx?id=2561488&use=l&cat=p&typeid=i","cat":284651},{"id":206787,"n":"Ariel Gel détachant Color - 800ml","p":6.58,"u":"8,23 €/L","img":"https://fd5-photos.leclercdrive.fr/image.ashx?id=2561491&use=l&cat=p&typeid=i","cat":284651},{"id":206922,"n":"Soupe liquide brique Liebig  Façon napolitaine - 2x30cl","p":2.54,"u":"4,23 €/L","img":"https://fd5-photos.leclercdrive.fr/image.ashx?id=2517887&use=l&cat=p&typeid=i","cat":284462},{"id":206936,"n":"Légum' Vapeur Notre Jardin Petits pois & carottes 265g","p":1.45,"u":"5,47 €/KG","img":"https://fd5-photos.leclercdrive.fr/image.ashx?id=3002647&use=l&cat=p&typeid=i","cat":312607},{"id":206944,"n":"Bière blanche Jenlain 4.5° - 75cl","p":3.8,"u":"5,07 €/L","img":"https://fd5-photos.leclercdrive.fr/image.ashx?id=2732860&use=l&cat=p&typeid=i","cat":334878},{"id":206981,"n":"Rôti de poulet Fleury Michon 100% filet CSN x4 - 150g","p":2.35,"u":"15,67 €/KG","img":"https://fd5-photos.leclercdrive.fr/image.ashx?id=2892670&use=l&cat=p&typeid=i","cat":316010},{"id":206994,"n":"Allumettes de poulet  Fleury Michon x2 - 150g","p":1.52,"u":"10,13 €/KG","img":"https://fd5-photos.leclercdrive.fr/image.ashx?id=2659647&use=l&cat=p&typeid=i","cat":316011},{"id":206997,"n":"Couscous à la marocaine légumes Fleury Michon - 450g","p":3.58,"u":"7,96 €/KG","img":"https://fd5-photos.leclercdrive.fr/image.ashx?id=2656724&use=l&cat=p&typeid=i","cat":333665},{"id":207010,"n":"Aiguillettes de poulet rôti Fleury Michon - CSN - 150g","p":2.21,"u":"14,73 €/KG","img":"https://fd5-photos.leclercdrive.fr/image.ashx?id=2642555&use=l&cat=p&typeid=i","cat":316011},{"id":207017,"n":"Monster Top Speed Zero 50CL","p":1.55,"u":"3,10 €/L","img":"https://fd5-photos.leclercdrive.fr/image.ashx?id=2861174&use=l&cat=p&typeid=i","cat":284533},{"id":207018,"n":"Infusion La Tisanière Nuit calme - 30g","p":2.33,"u":"77,67 €/KG","img":"https://fd5-photos.leclercdrive.fr/image.ashx?id=2907866&use=l&cat=p&typeid=i","cat":293234},{"id":207019,"n":"Monster Aussie Lemonade Boite - 50cl","p":1.67,"u":"3,34 €/L","img":"https://fd5-photos.leclercdrive.fr/image.ashx?id=2519552&use=l&cat=p&typeid=i","cat":284533},{"id":207029,"n":"Infusion La Tisanière Drainage pamplemousse - x20 30g","p":2.33,"u":"77,67 €/KG","img":"https://fd5-photos.leclercdrive.fr/image.ashx?id=2907872&use=l&cat=p&typeid=i","cat":293234},{"id":207042,"n":"Sirop Teisseire Grenadine Bidon mega - 1.3L","p":5.23,"u":"4,02 €/L","img":"https://fd5-photos.leclercdrive.fr/image.ashx?id=2519480&use=l&cat=p&typeid=i","cat":295020},{"id":207043,"n":"Lessive Liquide L'Arbre Vert Savon végétal 45 lavages 2,025L","p":7.08,"u":"3,50 €/L","img":"https://fd5-photos.leclercdrive.fr/image.ashx?id=3008542&use=l&cat=p&typeid=i","cat":284640},{"id":207045,"n":"Goûter frais Nesquik snack Chocolat au lait - 4x104g","p":1.29,"u":"12,40 €/KG","img":"https://fd5-photos.leclercdrive.fr/image.ashx?id=2661507&use=l&cat=p&typeid=i","cat":284420},{"id":207069,"n":"Glace Extrême Mini Fraise Vanille - x8 - 312g","p":3.26,"u":"10,45 €/KG","img":"https://fd5-photos.leclercdrive.fr/image.ashx?id=2732941&use=l&cat=p&typeid=i","cat":284264},{"id":207074,"n":"Vaisselle mains L'Arbre Vert Peaux sensibles - 500ml","p":1.49,"u":"2,98 €/L","img":"https://fd5-photos.leclercdrive.fr/image.ashx?id=2845428&use=l&cat=p&typeid=i","cat":284655},{"id":207076,"n":"Recharge Vaisselle mains L'Arbre Vert - Amande - 1L","p":2.79,"u":"2,79 €/L","img":"https://fd5-photos.leclercdrive.fr/image.ashx?id=2849926&use=l&cat=p&typeid=i","cat":284655},{"id":207101,"n":"Boîte Cotons tiges Feel Natural Blanc - Bambou - x200","p":0.91,"pp":0.55,"img":"https://fd5-photos.leclercdrive.fr/image.ashx?id=2544888&use=l&cat=p&typeid=i","cat":284636},{"id":207118,"n":"Crème Solaire Visage Nivea Sun Fluide UV FPS 50+ - 40ml","p":9.9,"u":"247,50 €/L","img":"https://fd5-photos.leclercdrive.fr/image.ashx?id=2637294&use=l&cat=p&typeid=i","cat":325355},{"id":207137,"n":"Assouplissant Minidou Vent de fraîcheur - 1L - x50","p":4.3,"u":"4,30 €/L","img":"https://fd5-photos.leclercdrive.fr/image.ashx?id=2795887&use=l&cat=p&typeid=i","cat":284650},{"id":207139,"n":"Serviettes hygiéniques Always  Ultra - Secure night - x18","p":4.03,"u":"0,22 €/P","img":"https://fd5-photos.leclercdrive.fr/image.ashx?id=2849436&use=l&cat=p&typeid=i","cat":284624},{"id":207140,"n":"Serviettes hygiéniques Always Ultra - Secure night extra- x16","p":4.03,"u":"0,25 €/P","img":"https://fd5-photos.leclercdrive.fr/image.ashx?id=3000878&use=l&cat=p&typeid=i","cat":284624},{"id":207141,"n":"Préservatifs Durex Nude Extra Fins Peau contre Peau x10","p":7.42,"u":"0,74 €/P","img":"https://fd5-photos.leclercdrive.fr/image.ashx?id=2962017&use=l&cat=p&typeid=i","cat":284631},{"id":207142,"n":"Gel Lubrifiant Intime Durex Sensitive base Eau 100ml","p":8.17,"u":"81,70 €/L","img":"https://fd5-photos.leclercdrive.fr/image.ashx?id=2961203&use=l&cat=p&typeid=i","cat":285160},{"id":207160,"n":"Olives farcies Menguy's Poivrons rouges -","p":3.37,"u":"22,47 €/KG","img":"https://fd5-photos.leclercdrive.fr/image.ashx?id=2733529&use=l&cat=p&typeid=i","cat":284450},{"id":207173,"n":"Sauce nems Tanoshi 150ml","p":1.89,"u":"12,60 €/L","img":"https://fd5-photos.leclercdrive.fr/image.ashx?id=2921615&use=l&cat=p&typeid=i","cat":288992},{"id":207174,"n":"Nouilles vermicelles de riz Tanoshi Vietnam 250g","p":1.74,"u":"6,96 €/KG","img":"https://fd5-photos.leclercdrive.fr/image.ashx?id=2732290&use=l&cat=p&typeid=i","cat":288992},{"id":207181,"n":"Sucre Saint Louis Spécial Espresso - 1kg","p":2.19,"u":"2,19 €/KG","img":"https://fd5-photos.leclercdrive.fr/image.ashx?id=2521413&use=l&cat=p&typeid=i","cat":284502},{"id":207198,"n":"Recharge lessive liquide  Rainette Aloe vera - 1.6L","p":5.99,"u":"3,74 €/L","img":"https://fd5-photos.leclercdrive.fr/image.ashx?id=2858684&use=l&cat=p&typeid=i","cat":284640},{"id":207199,"n":"Recharge lessive liquide  Rainett Savon de Marseille 1.6L","p":6.23,"u":"3,89 €/L","img":"https://fd5-photos.leclercdrive.fr/image.ashx?id=2842129&use=l&cat=p&typeid=i","cat":284640},{"id":207200,"n":"Recharges lingettes Swiffer Attrape-poussière x68","p":13.0,"u":"0,19 €/P","img":"https://fd5-photos.leclercdrive.fr/image.ashx?id=2521671&use=l&cat=p&typeid=i","cat":null},{"id":207209,"n":"Yaourt nature Calin Extra 8x100g","p":2.28,"u":"2,85 €/KG","img":"https://fd5-photos.leclercdrive.fr/image.ashx?id=2973745&use=l&cat=p&typeid=i","cat":284409},{"id":207210,"n":"Fromage à tartiner Kiri Délicieusement fouetté - 125g","p":2.19,"u":"17,52 €/KG","img":"https://fd5-photos.leclercdrive.fr/image.ashx?id=2686591&use=l&cat=p&typeid=i","cat":314029},{"id":207238,"n":"Liqueur Whisky Fireball - 70cl 33% vol.","p":18.2,"u":"26,00 €/L","img":"https://fd5-photos.leclercdrive.fr/image.ashx?id=2531649&use=l&cat=p&typeid=i","cat":286032},{"id":207248,"n":"Infusion La Tisanière Nuit calme - x20 - 30g","p":2.33,"u":"77,67 €/KG","img":"https://fd5-photos.leclercdrive.fr/image.ashx?id=2816835&use=l&cat=p&typeid=i","cat":293234},{"id":207262,"n":"Capsules Nescafé Dolce Gusto  Grande - x16","p":4.85,"u":"35,66 €/KG","img":"https://fd5-photos.leclercdrive.fr/image.ashx?id=2964153&use=l&cat=p&typeid=i","cat":293239},{"id":207361,"n":"Griottes dénoyautées Beyer 320ml","p":2.5,"u":"7,81 €/L","img":"https://fd5-photos.leclercdrive.fr/image.ashx?id=2532604&use=l&cat=p&typeid=i","cat":284480},{"id":207392,"n":"Cornichon Français Hugo Vinaigre - 360g","p":4.42,"u":"12,28 €/KG","img":"https://fd5-photos.leclercdrive.fr/image.ashx?id=2524380&use=l&cat=p&typeid=i","cat":284458},{"id":207396,"n":"Galettes moelleuses St Michel Marbrée Chocolat - 180g","p":1.98,"u":"11,00 €/KG","img":"https://fd5-photos.leclercdrive.fr/image.ashx?id=2936263&use=l&cat=p&typeid=i","cat":284487},{"id":207401,"n":"Adoucissant Soupline  Éclat de Fraîcheur - 28p","p":6.03,"u":"0,22 €/P","img":"https://fd5-photos.leclercdrive.fr/image.ashx?id=2583509&use=l&cat=p&typeid=i","cat":284650},{"id":207402,"n":"Adoucissant Soupline  Hypoallergénique - 28p","p":6.01,"u":"0,21 €/P","img":"https://fd5-photos.leclercdrive.fr/image.ashx?id=2818827&use=l&cat=p&typeid=i","cat":284650},{"id":207405,"n":"Lingettes Pampers Harmonie New baby - 46 lingettes","p":3.28,"img":"https://fd5-photos.leclercdrive.fr/image.ashx?id=2805912&use=l&cat=p&typeid=i","cat":284738},{"id":207417,"n":"Glace Barre Glacée Snickers  Caramel & Cacahuètes x6 - 234g","p":3.58,"u":"15,30 €/KG","img":"https://fd5-photos.leclercdrive.fr/image.ashx?id=2525390&use=l&cat=p&typeid=i","cat":284264},{"id":207450,"n":"Capsules Nescafé Dolce Gusto  Grande Intenso - x16","p":5.11,"u":"38,71 €/KG","img":"https://fd5-photos.leclercdrive.fr/image.ashx?id=2525962&use=l&cat=p&typeid=i","cat":293239},{"id":207456,"n":"Purée de fruits Eco+ x8 - 800g","p":1.79,"u":"2,24 €/KG","img":"https://fd5-photos.leclercdrive.fr/image.ashx?id=2523507&use=l&cat=p&typeid=i","cat":284416},{"id":207457,"n":"Yaourt nature sucré Eco+ 4x125g","p":0.89,"u":"1,78 €/KG","img":"https://fd5-photos.leclercdrive.fr/image.ashx?id=2523510&use=l&cat=p&typeid=i","cat":284409},{"id":207467,"n":"Moutarde Forte Amora 430g","p":1.45,"u":"3,37 €/KG","img":"https://fd5-photos.leclercdrive.fr/image.ashx?id=2526079&use=l&cat=p&typeid=i","cat":288850},{"id":207480,"n":"Crème glacée La Laitière Caramel Beurre salé - 490g","p":3.24,"pp":2.27,"u":"4,63 €/KG","img":"https://fd5-photos.leclercdrive.fr/image.ashx?id=2877883&use=l&cat=p&typeid=i","cat":284263},{"id":207489,"n":"Pizza Feu de bois Turini Saisonnière - 450g","p":2.99,"u":"6,64 €/KG","img":"https://fd5-photos.leclercdrive.fr/image.ashx?id=2816618&use=l&cat=p&typeid=i","cat":284256},{"id":207492,"n":"Crème glacée La Laitière Vanille pécan - 490g","p":3.24,"pp":2.27,"u":"4,63 €/KG","img":"https://fd5-photos.leclercdrive.fr/image.ashx?id=3000015&use=l&cat=p&typeid=i","cat":284263},{"id":207530,"n":"Vaisselle mains L'Arbre Vert Peaux sensibles - 750ml","p":1.59,"u":"2,12 €/L","img":"https://fd5-photos.leclercdrive.fr/image.ashx?id=2850575&use=l&cat=p&typeid=i","cat":284655},{"id":207533,"n":"Préservatifs Durex Feeling  Extra Fins Extra Lubrifiés x12","p":6.41,"img":"https://fd5-photos.leclercdrive.fr/image.ashx?id=2962014&use=l&cat=p&typeid=i","cat":284631},{"id":207535,"n":"Préservatifs Durex Classic Jeans Confort et Confiance  x12","p":5.64,"img":"https://fd5-photos.leclercdrive.fr/image.ashx?id=2730475&use=l&cat=p&typeid=i","cat":284631},{"id":207536,"n":"Préservatifs Durex Nude Sans Latex Extra Lubrifié x10","p":8.06,"img":"https://fd5-photos.leclercdrive.fr/image.ashx?id=2730478&use=l&cat=p&typeid=i","cat":284631},{"id":207543,"n":"Bandes de cire froide Expert Veet Corps Peaux sèches x40","p":8.77,"u":"0,22 €/P","img":"https://fd5-photos.leclercdrive.fr/image.ashx?id=2970786&use=l&cat=p&typeid=i","cat":null},{"id":207545,"n":"Bandes de cire froide Aiselles Veet Expert Peaux sensibles x16","p":5.55,"u":"0,35 €/P","img":"https://fd5-photos.leclercdrive.fr/image.ashx?id=2970801&use=l&cat=p&typeid=i","cat":325351},{"id":207551,"n":"Dentifrice Naturals Aquafresh Blancheur charbon - 75ml","p":1.72,"u":"22,93 €/L","img":"https://fd5-photos.leclercdrive.fr/image.ashx?id=2527079&use=l&cat=p&typeid=i","cat":284612},{"id":207553,"n":"Dentifrice Sensodyne  Junior - 6-12 ans - 50ml","p":3.93,"u":"78,60 €/L","img":"https://fd5-photos.leclercdrive.fr/image.ashx?id=2968920&use=l&cat=p&typeid=i","cat":288898},{"id":207557,"n":"Préservatifs Durex Feeling  Extra Lubrifié Extra Fins x20","p":9.58,"u":"0,48 €/P","img":"https://fd5-photos.leclercdrive.fr/image.ashx?id=2964965&use=l&cat=p&typeid=i","cat":284631},{"id":207559,"n":"Préservatifs Durex Pleasure me Perlés et Nervurés x12","p":6.39,"u":"0,53 €/P","img":"https://fd5-photos.leclercdrive.fr/image.ashx?id=2730466&use=l&cat=p&typeid=i","cat":284631},{"id":207561,"n":"Recharge Savon Mains Dettol Miel et Beurre de Karité 250ml","p":3.08,"u":"12,32 €/L","img":"https://fd5-photos.leclercdrive.fr/image.ashx?id=2971751&use=l&cat=p&typeid=i","cat":284597},{"id":207604,"n":"Bandes de cire froide Maillot Veet Expert Peaux sensibles x16","p":4.62,"u":"0,29 €/P","img":"https://fd5-photos.leclercdrive.fr/image.ashx?id=2970798&use=l&cat=p&typeid=i","cat":325351},{"id":207607,"n":"Dentifrice Elmex Anti-caries - 75ml","p":4.27,"u":"56,93 €/L","img":"https://fd5-photos.leclercdrive.fr/image.ashx?id=2721184&use=l&cat=p&typeid=i","cat":284612},{"id":207620,"n":"Sérum Diadermine Expert Actif hyaluronique - 30ml","p":13.32,"u":"444,00 €/L","img":"https://fd5-photos.leclercdrive.fr/image.ashx?id=2527865&use=l&cat=p&typeid=i","cat":325345},{"id":207621,"n":"Carrés démaquillant Feel Natural - +Filet de lavage - x6","p":8.69,"pp":5.21,"img":"https://fd5-photos.leclercdrive.fr/image.ashx?id=2528066&use=l&cat=p&typeid=i","cat":285593},{"id":208197,"n":"Crème Solaire Visage Nivea Sun FPS50+ Anti-taches - 40ml","p":10.67,"u":"266,75 €/L","img":"https://fd5-photos.leclercdrive.fr/image.ashx?id=2967373&use=l&cat=p&typeid=i","cat":325355},{"id":208330,"n":"Lait Corps nourrissant Mixa Effet Soleil Karité - 250ml","p":4.59,"u":"18,36 €/L","img":"https://fd5-photos.leclercdrive.fr/image.ashx?id=2530017&use=l&cat=p&typeid=i","cat":325349},{"id":208419,"n":"Infusion Elephant Mure Myrtille vanille 40g","p":2.69,"u":"67,25 €/KG","img":"https://fd5-photos.leclercdrive.fr/image.ashx?id=2530278&use=l&cat=p&typeid=i","cat":293234},{"id":208426,"n":"Infusion Eléphant Tilleul Citron  - x20 - 28g","p":2.85,"u":"101,79 €/KG","img":"https://fd5-photos.leclercdrive.fr/image.ashx?id=2530284&use=l&cat=p&typeid=i","cat":293234},{"id":208507,"n":"AOC Rosé d'Anjou rosé Plessis-Duval - 75cl","p":4.53,"u":"6,04 €/L","img":"https://fd5-photos.leclercdrive.fr/image.ashx?id=2731789&use=l&cat=p&typeid=i","cat":289558},{"id":208611,"n":"Yaourt à boire Eco+ Vanille - 850g","p":1.33,"u":"1,56 €/KG","img":"https://fd5-photos.leclercdrive.fr/image.ashx?id=2543507&use=l&cat=p&typeid=i","cat":284415},{"id":208616,"n":"Biscuits Bonne Maman La pause choco - 235g","p":2.91,"u":"12,38 €/KG","img":"https://fd5-photos.leclercdrive.fr/image.ashx?id=2533022&use=l&cat=p&typeid=i","cat":284488},{"id":208632,"n":"Crème glacée La Laitière Crème brulée - 490g","p":3.24,"pp":2.27,"u":"4,63 €/KG","img":"https://fd5-photos.leclercdrive.fr/image.ashx?id=2877880&use=l&cat=p&typeid=i","cat":284263},{"id":208633,"n":"Compotes Pom'Potes Gourdes  Pomme Brugnon - 4x90g","p":2.23,"u":"6,19 €/KG","img":"https://fd5-photos.leclercdrive.fr/image.ashx?id=3010903&use=l&cat=p&typeid=i","cat":284508},{"id":208634,"n":"Mochis glacés Little Moons Fruit de la Passion Mangue 192g","p":4.87,"u":"25,36 €/KG","img":"https://fd5-photos.leclercdrive.fr/image.ashx?id=2552078&use=l&cat=p&typeid=i","cat":284266},{"id":208635,"n":"Haricots rouges Vivien Paille 500g","p":1.89,"u":"3,78 €/KG","img":"https://fd5-photos.leclercdrive.fr/image.ashx?id=2533010&use=l&cat=p&typeid=i","cat":284430},{"id":208636,"n":"Purée Mousline Crème et noix de muscade - 500g","p":2.92,"u":"5,84 €/KG","img":"https://fd5-photos.leclercdrive.fr/image.ashx?id=3011728&use=l&cat=p&typeid=i","cat":284431},{"id":208638,"n":"Purée Mousline x3 sachets - 195g","p":1.25,"u":"6,41 €/KG","img":"https://fd5-photos.leclercdrive.fr/image.ashx?id=3004414&use=l&cat=p&typeid=i","cat":284431},{"id":208651,"n":"Purée Mousline  x8 - 1.04 kg","p":4.38,"u":"4,21 €/KG","img":"https://fd5-photos.leclercdrive.fr/image.ashx?id=2986780&use=l&cat=p&typeid=i","cat":284431},{"id":208658,"n":"Biscuit P'tit Deli Chocolat lait blanc - 150g","p":1.75,"u":"11,67 €/KG","img":"https://fd5-photos.leclercdrive.fr/image.ashx?id=2684835&use=l&cat=p&typeid=i","cat":284488},{"id":208749,"n":"Riz long grain 10 min Lustucru  x5 - 900g","p":2.09,"u":"2,32 €/KG","img":"https://fd5-photos.leclercdrive.fr/image.ashx?id=2963739&use=l&cat=p&typeid=i","cat":284428},{"id":208750,"n":"Purée Mousline x3 - 375g","p":2.55,"u":"6,80 €/KG","img":"https://fd5-photos.leclercdrive.fr/image.ashx?id=2940135&use=l&cat=p&typeid=i","cat":284431},{"id":208751,"n":"Riz long grain 10 min Lustucru x5 - 450g","p":1.44,"u":"3,20 €/KG","img":"https://fd5-photos.leclercdrive.fr/image.ashx?id=2955830&use=l&cat=p&typeid=i","cat":284428},{"id":208759,"n":"Purée Mousline  Presse purée - 375g","p":2.85,"u":"7,60 €/KG","img":"https://fd5-photos.leclercdrive.fr/image.ashx?id=2940117&use=l&cat=p&typeid=i","cat":284431},{"id":208761,"n":"Purée Mousline x4 - 125g","p":1.09,"u":"8,72 €/KG","img":"https://fd5-photos.leclercdrive.fr/image.ashx?id=2940126&use=l&cat=p&typeid=i","cat":284431},{"id":208769,"n":"Gelée Felix Tranches avec éffilés - 960g","p":5.5,"u":"5,73 €/KG","img":"https://fd5-photos.leclercdrive.fr/image.ashx?id=2561404&use=l&cat=p&typeid=i","cat":285286},{"id":208772,"n":"Gel douche Sanex Natural Prebiotic - Sensitive - 425ml","p":4.74,"u":"11,15 €/L","img":"https://fd5-photos.leclercdrive.fr/image.ashx?id=2757857&use=l&cat=p&typeid=i","cat":284594},{"id":208773,"n":"Thon Petit Navire À la sauce Catalane - 3x140g","p":4.89,"u":"11,64 €/KG","img":"https://fd5-photos.leclercdrive.fr/image.ashx?id=2999216&use=l&cat=p&typeid=i","cat":303867},{"id":208774,"n":"Crème corps nourrissante Mixa Peaux extra sèches - 400ml","p":4.58,"u":"11,45 €/L","img":"https://fd5-photos.leclercdrive.fr/image.ashx?id=2533862&use=l&cat=p&typeid=i","cat":325350},{"id":208776,"n":"Gel douche Tahiti Vanille et huile de coco 250ml","p":2.17,"u":"8,68 €/L","img":"https://fd5-photos.leclercdrive.fr/image.ashx?id=2533130&use=l&cat=p&typeid=i","cat":284594},{"id":208778,"n":"Thon Petit Navire  Mayonnaise - 3x140g","p":4.89,"u":"11,64 €/KG","img":"https://fd5-photos.leclercdrive.fr/image.ashx?id=2835854&use=l&cat=p&typeid=i","cat":303867},{"id":208779,"n":"Miettes de thon Petit Navire Sauce tomate - 3x140g","p":4.89,"u":"11,64 €/KG","img":"https://fd5-photos.leclercdrive.fr/image.ashx?id=2835857&use=l&cat=p&typeid=i","cat":303867},{"id":208786,"n":"Thé glacé Lipton Ice Tea Pêche La bouteille de 1.25L","p":1.45,"u":"1,16 €/L","img":"https://fd5-photos.leclercdrive.fr/image.ashx?id=2731567&use=l&cat=p&typeid=i","cat":295019},{"id":208788,"n":"Thé glacé Lipton Ice Tea Pêche  Sans sucres bouteille de 1.25L","p":1.53,"u":"1,22 €/L","img":"https://fd5-photos.leclercdrive.fr/image.ashx?id=2731570&use=l&cat=p&typeid=i","cat":295019},{"id":208836,"n":"Lardons végétaux La Vie Fumés - 2x75g","p":2.99,"u":"19,93 €/KG","img":"https://fd5-photos.leclercdrive.fr/image.ashx?id=2965247&use=l&cat=p&typeid=i","cat":316036},{"id":208855,"n":"Brosse à dent Colgate Deep Clean - Souple - x1","p":3.26,"img":"https://fd5-photos.leclercdrive.fr/image.ashx?id=2968938&use=l&cat=p&typeid=i","cat":284614},{"id":208856,"n":"Dentifrice Colgate Tonigencyl Expert - 75ml","p":1.93,"u":"25,73 €/L","img":"https://fd5-photos.leclercdrive.fr/image.ashx?id=2859992&use=l&cat=p&typeid=i","cat":284612},{"id":208859,"n":"Sérum Colgate Max White Blancheur - Nuit - 3ml","p":14.65,"img":"https://fd5-photos.leclercdrive.fr/image.ashx?id=2834095&use=l&cat=p&typeid=i","cat":284612},{"id":208865,"n":"Spray nasal Prorhinel Aloe Vera - Enfant/Adulte 100ml","p":5.79,"u":"57,90 €/L","img":"https://fd5-photos.leclercdrive.fr/image.ashx?id=2917861&use=l&cat=p&typeid=i","cat":284630},{"id":208867,"n":"Serum physiologique Prorhinel 30x5ml","p":2.99,"u":"19,93 €/L","img":"https://fd5-photos.leclercdrive.fr/image.ashx?id=2878303&use=l&cat=p&typeid=i","cat":284741},{"id":208881,"n":"Dosettes café Senseo Café au lait x16","p":3.91,"u":"23,27 €/KG","img":"https://fd5-photos.leclercdrive.fr/image.ashx?id=2662628&use=l&cat=p&typeid=i","cat":293238},{"id":208937,"n":"Barre protéinée Joyfuel Cookie Dough 55g","p":2.41,"u":"43,82 €/KG","img":"https://fd5-photos.leclercdrive.fr/image.ashx?id=2662057&use=l&cat=p&typeid=i","cat":318652},{"id":209057,"n":"Céréales bébé P'TITE CEREALE chocolat biscuit 12M+ - 415g","p":3.24,"u":"7,81 €/KG","img":"https://fd5-photos.leclercdrive.fr/image.ashx?id=2537303&use=l&cat=p&typeid=i","cat":312225},{"id":209059,"n":"P'tite céréale Nestlé Noisettes Biscuit - 12M+ - 415g","p":2.99,"u":"7,20 €/KG","img":"https://fd5-photos.leclercdrive.fr/image.ashx?id=2679389&use=l&cat=p&typeid=i","cat":312225},{"id":209060,"n":"Chips nature Lay's Sel - 6x25g","p":1.94,"u":"12,93 €/KG","img":"https://fd5-photos.leclercdrive.fr/image.ashx?id=3011143&use=l&cat=p&typeid=i","cat":284447},{"id":209064,"n":"Céréales bébé BABICAO Cacao 10M+ - 400g","p":3.42,"u":"8,55 €/KG","img":"https://fd5-photos.leclercdrive.fr/image.ashx?id=2537294&use=l&cat=p&typeid=i","cat":312225},{"id":209066,"n":"Céréales bébé P'TITE CEREALE Vanille Biscuit 12M+ - 415g","p":3.24,"u":"7,81 €/KG","img":"https://fd5-photos.leclercdrive.fr/image.ashx?id=2537297&use=l&cat=p&typeid=i","cat":312225},{"id":209074,"n":"Gel acccélérateur Cicaplast La Roche-Posay - 40ml","p":8.5,"u":"212,50 €/L","img":"https://fd5-photos.leclercdrive.fr/image.ashx?id=2537071&use=l&cat=p&typeid=i","cat":290405},{"id":209093,"n":"Adoucissant Soupline Magnolia & lavande - x60 1.28L","p":6.24,"u":"4,80 €/L","img":"https://fd5-photos.leclercdrive.fr/image.ashx?id=2832569&use=l&cat=p&typeid=i","cat":284650},{"id":209094,"n":"Adoucissant Soupline Concentré Mandarine Vanille x60 - 1.28ml","p":5.73,"u":"4,48 €/L","img":"https://fd5-photos.leclercdrive.fr/image.ashx?id=2832572&use=l&cat=p&typeid=i","cat":284650},{"id":209113,"n":"Pâtes Collezione Barilla Farfalle Generose - 500g","p":1.61,"u":"3,22 €/KG","img":"https://fd5-photos.leclercdrive.fr/image.ashx?id=2654122&use=l&cat=p&typeid=i","cat":284427},{"id":209179,"n":"Crème dépilatoire Expert Veet Bikini Maillot Intégral 200ml","p":7.53,"u":"75,30 €/L","img":"https://fd5-photos.leclercdrive.fr/image.ashx?id=2964968&use=l&cat=p&typeid=i","cat":325351},{"id":209182,"n":"Rasoir Gillette Labs Neon Night Edition - 1 rasoir + 1 lame","p":24.22,"img":"https://fd5-photos.leclercdrive.fr/image.ashx?id=2891740&use=l&cat=p&typeid=i","cat":284616},{"id":209207,"n":"Nouilles précuites Suzi Wan  Ramen pour wok - 2x150g","p":2.76,"u":"8,36 €/KG","img":"https://fd5-photos.leclercdrive.fr/image.ashx?id=2992272&use=l&cat=p&typeid=i","cat":288992},{"id":209210,"n":"Goûter laitier Récré O'Lé Gourdes Saveur Biscuit - 4x85g","p":2.15,"u":"6,32 €/KG","img":"https://fd5-photos.leclercdrive.fr/image.ashx?id=2563799&use=l&cat=p&typeid=i","cat":284506},{"id":209212,"n":"Graines de sésame doré Ducros  45g","p":1.87,"u":"41,56 €/KG","img":"https://fd5-photos.leclercdrive.fr/image.ashx?id=2538605&use=l&cat=p&typeid=i","cat":298297},{"id":209241,"n":"Mélange de noix non salées Vico Avec raisins secs - 180g","p":3.55,"u":"19,72 €/KG","img":"https://fd5-photos.leclercdrive.fr/image.ashx?id=2916893&use=l&cat=p&typeid=i","cat":284448},{"id":209246,"n":"Oignon de France Ducros 42g","p":1.98,"u":"47,14 €/KG","img":"https://fd5-photos.leclercdrive.fr/image.ashx?id=2538593&use=l&cat=p&typeid=i","cat":298297},{"id":209301,"n":"Thé vert glacé Lipton Ice Tea Citron vert menthe - 1.25L","p":1.53,"u":"1,22 €/L","img":"https://fd5-photos.leclercdrive.fr/image.ashx?id=2731579&use=l&cat=p&typeid=i","cat":295019},{"id":209302,"n":"Thé glacé Lipton Ice Tea Citron/citron vert - 1.25L","p":1.53,"u":"1,22 €/L","img":"https://fd5-photos.leclercdrive.fr/image.ashx?id=2731573&use=l&cat=p&typeid=i","cat":295019},{"id":209312,"n":"Couches Pampers Baby Dry Maxi Pack T3 124p","p":55.56,"u":"0,45 €/P","img":"https://fd5-photos.leclercdrive.fr/image.ashx?id=2551564&use=l&cat=p&typeid=i","cat":284737},{"id":209343,"n":"Harengs Petit Pierre Hareng moutarde - 367g","p":2.28,"u":"6,21 €/KG","img":"https://fd5-photos.leclercdrive.fr/image.ashx?id=3005152&use=l&cat=p&typeid=i","cat":305147},{"id":209345,"n":"Chair de crabe Côte de Mer 102g","p":2.57,"u":"24,48 €/KG","img":"https://fd5-photos.leclercdrive.fr/image.ashx?id=2557482&use=l&cat=p&typeid=i","cat":305147},{"id":209351,"n":"Pointes d'asperges Géant Vert blanches - 110g","p":3.38,"u":"15,94 €/L","img":"https://fd5-photos.leclercdrive.fr/image.ashx?id=2840557&use=l&cat=p&typeid=i","cat":312611},{"id":209368,"n":"Thé glacé Lipton Ice Tea Pêche La bouteille de 1.75L","p":1.77,"u":"1,01 €/L","img":"https://fd5-photos.leclercdrive.fr/image.ashx?id=2731594&use=l&cat=p&typeid=i","cat":295019},{"id":209371,"n":"Aneth Ducros 13g","p":1.9,"u":"146,15 €/KG","img":"https://fd5-photos.leclercdrive.fr/image.ashx?id=2538599&use=l&cat=p&typeid=i","cat":298297},{"id":209372,"n":"Gingembre Ducros 29g","p":1.59,"u":"54,83 €/KG","img":"https://fd5-photos.leclercdrive.fr/image.ashx?id=2983216&use=l&cat=p&typeid=i","cat":298297},{"id":209394,"n":"Shampooing Head & Shoulders Pure Intense - 2x250ml","p":10.86,"u":"21,72 €/L","img":"https://fd5-photos.leclercdrive.fr/image.ashx?id=2540079&use=l&cat=p&typeid=i","cat":284606},{"id":209424,"n":"Yaourt bifidus Activia céréales Poire et aux fruits - 4x115g","p":2.2,"u":"4,78 €/KG","img":"https://fd5-photos.leclercdrive.fr/image.ashx?id=2901641&use=l&cat=p&typeid=i","cat":315000},{"id":209430,"n":"Skyr Danone Citron 0%mg - 2x140g","p":2.18,"u":"7,79 €/KG","img":"https://fd5-photos.leclercdrive.fr/image.ashx?id=2851728&use=l&cat=p&typeid=i","cat":315000},{"id":209431,"n":"Skyr Danone Fraise 0%mg - 2x140g","p":1.97,"u":"7,04 €/KG","img":"https://fd5-photos.leclercdrive.fr/image.ashx?id=2755270&use=l&cat=p&typeid=i","cat":315000},{"id":209432,"n":"Skyr Danone Vanille 0%mg - 2x140g","p":1.94,"u":"6,93 €/KG","img":"https://fd5-photos.leclercdrive.fr/image.ashx?id=2944654&use=l&cat=p&typeid=i","cat":315000},{"id":209445,"n":"Mochis glacés Little Moons Noix de coco - x6 - 192g","p":4.8,"u":"25,00 €/KG","img":"https://fd5-photos.leclercdrive.fr/image.ashx?id=2552081&use=l&cat=p&typeid=i","cat":284266},{"id":209446,"n":"Mochis glacés Little Moons Vanille - x6 - 192g","p":4.87,"u":"25,36 €/KG","img":"https://fd5-photos.leclercdrive.fr/image.ashx?id=2554811&use=l&cat=p&typeid=i","cat":284266},{"id":209465,"n":"Sirop Teisseire Ice Tea Pêche Bidon - 60cl","p":3.3,"u":"5,50 €/L","img":"https://fd5-photos.leclercdrive.fr/image.ashx?id=2539710&use=l&cat=p&typeid=i","cat":295020},{"id":209494,"n":"Salade & Cie Sodebo Roma Jambon Speck - 320g","p":2.98,"u":"9,31 €/KG","img":"https://fd5-photos.leclercdrive.fr/image.ashx?id=2732413&use=l&cat=p&typeid=i","cat":333657},{"id":209597,"n":"Compote Allégée en sucres Eco+ Bocal pomme poire - 720g","p":1.13,"u":"1,57 €/KG","img":"https://fd5-photos.leclercdrive.fr/image.ashx?id=2953206&use=l&cat=p&typeid=i","cat":284508},{"id":209598,"n":"Compote Allégée en sucres Eco+ Bocal pomme banane - 720g","p":1.03,"u":"1,43 €/KG","img":"https://fd5-photos.leclercdrive.fr/image.ashx?id=2953209&use=l&cat=p&typeid=i","cat":284508},{"id":209599,"n":"Capsules café L'Or Espresso Lungo Profondo N°8 x50","p":16.01,"u":"61,58 €/KG","img":"https://fd5-photos.leclercdrive.fr/image.ashx?id=2540898&use=l&cat=p&typeid=i","cat":284749},{"id":209600,"n":"Capsules café L'Or Espresso Splendente N°7 x50","p":13.63,"u":"52,42 €/KG","img":"https://fd5-photos.leclercdrive.fr/image.ashx?id=3000477&use=l&cat=p&typeid=i","cat":284749},{"id":209601,"n":"Thé vert Lipton Menthe intense - x20 - 32g","p":1.56,"u":"48,75 €/KG","img":"https://fd5-photos.leclercdrive.fr/image.ashx?id=2540907&use=l&cat=p&typeid=i","cat":293233},{"id":209648,"n":"Briochettes pépites de chocolat Pasquier - 400g","p":2.69,"u":"6,73 €/KG","img":"https://fd5-photos.leclercdrive.fr/image.ashx?id=2541196&use=l&cat=p&typeid=i","cat":296366},{"id":209688,"n":"Thé vert menthe Lipton Asie - x30s - 48g","p":2.69,"u":"56,04 €/KG","img":"https://fd5-photos.leclercdrive.fr/image.ashx?id=2542819&use=l&cat=p&typeid=i","cat":293233},{"id":209691,"n":"Thé vert Lipton x30s - 39g","p":2.64,"u":"67,69 €/KG","img":"https://fd5-photos.leclercdrive.fr/image.ashx?id=2542822&use=l&cat=p&typeid=i","cat":293233},{"id":209700,"n":"Sirop de Barbe à Papa Carambar - 75cl","p":3.15,"u":"4,20 €/L","img":"https://fd5-photos.leclercdrive.fr/image.ashx?id=2542330&use=l&cat=p&typeid=i","cat":295020},{"id":209722,"n":"Dessert Glacé Viennetta Caramel beurre salé - 320g","p":1.92,"u":"6,00 €/KG","img":"https://fd5-photos.leclercdrive.fr/image.ashx?id=2802836&use=l&cat=p&typeid=i","cat":284266},{"id":209724,"n":"Dessert Glacé Viennetta Chocolat -  320g","p":2.52,"u":"7,88 €/KG","img":"https://fd5-photos.leclercdrive.fr/image.ashx?id=3009287&use=l&cat=p&typeid=i","cat":284266},{"id":209733,"n":"Dessert Glacé Viennetta Vanille -  320g","p":1.92,"u":"6,00 €/KG","img":"https://fd5-photos.leclercdrive.fr/image.ashx?id=3009182&use=l&cat=p&typeid=i","cat":284266},{"id":209739,"n":"Adoucissant concentré Soupline Hypoallergénique 64 lav. 1,35L","p":5.02,"u":"3,72 €/L","img":"https://fd5-photos.leclercdrive.fr/image.ashx?id=2831185&use=l&cat=p&typeid=i","cat":284650},{"id":209801,"n":"Rasoirs jetables Wilkinson Xtreme 3 - Pure sensitive - x12","p":11.59,"u":"0,97 €/P","img":"https://fd5-photos.leclercdrive.fr/image.ashx?id=2861719&use=l&cat=p&typeid=i","cat":284616},{"id":209804,"n":"Rasoirs jetables Wilkinson Xtreme 3 Ultimate confort - x8","p":9.31,"img":"https://fd5-photos.leclercdrive.fr/image.ashx?id=2846478&use=l&cat=p&typeid=i","cat":284616},{"id":209840,"n":"Cookies Cadbury Crunchy melts Coeur chocolat - 156g","p":1.62,"u":"10,38 €/KG","img":"https://fd5-photos.leclercdrive.fr/image.ashx?id=2544533&use=l&cat=p&typeid=i","cat":325066},{"id":209850,"n":"Thé vert Lipton  Classique Asie  - x50 - 65g","p":4.39,"u":"67,54 €/KG","img":"https://fd5-photos.leclercdrive.fr/image.ashx?id=2544632&use=l&cat=p&typeid=i","cat":293233},{"id":209854,"n":"Thé vert citron Lipton Asie - x30 - 48g","p":2.62,"u":"54,58 €/KG","img":"https://fd5-photos.leclercdrive.fr/image.ashx?id=2544635&use=l&cat=p&typeid=i","cat":293233},{"id":209855,"n":"Thé vert Tchae menthe x20 - 40g","p":2.48,"u":"62,00 €/KG","img":"https://fd5-photos.leclercdrive.fr/image.ashx?id=2544638&use=l&cat=p&typeid=i","cat":293233},{"id":209856,"n":"Thé vert Tchaé orient  Lipton  x20 - 35g","p":2.59,"u":"74,00 €/KG","img":"https://fd5-photos.leclercdrive.fr/image.ashx?id=2544641&use=l&cat=p&typeid=i","cat":293233},{"id":209859,"n":"Déboucheur Liquide Destop  4 doses - 950ml","p":3.01,"u":"3,17 €/L","img":"https://fd5-photos.leclercdrive.fr/image.ashx?id=2832161&use=l&cat=p&typeid=i","cat":284908},{"id":209865,"n":"Gel anti-calcaire Calgon  4 en 1 - 2,25L","p":13.15,"u":"5,84 €/L","img":"https://fd5-photos.leclercdrive.fr/image.ashx?id=2953932&use=l&cat=p&typeid=i","cat":284653},{"id":209866,"n":"Infusion Elephant  Pêche Abricot - x20 38g","p":2.31,"u":"60,79 €/KG","img":"https://fd5-photos.leclercdrive.fr/image.ashx?id=2544617&use=l&cat=p&typeid=i","cat":293234},{"id":209869,"n":"Infusion Elephant Pomme cannelle - 36g","p":1.77,"u":"49,17 €/KG","img":"https://fd5-photos.leclercdrive.fr/image.ashx?id=2544614&use=l&cat=p&typeid=i","cat":293234},{"id":209872,"n":"Infusion Elephant  Pamplemousse Mandarine x20 38g","p":2.84,"u":"74,74 €/KG","img":"https://fd5-photos.leclercdrive.fr/image.ashx?id=2544620&use=l&cat=p&typeid=i","cat":293234},{"id":209875,"n":"Gel WC 100% Détartrant Harpic 5 min Chrono - 750ml","p":1.46,"u":"1,95 €/L","img":"https://fd5-photos.leclercdrive.fr/image.ashx?id=2864687&use=l&cat=p&typeid=i","cat":284662},{"id":209877,"n":"Aérosol Fabulon  Pressing express - 400ml","p":4.22,"u":"10,55 €/L","img":"https://fd5-photos.leclercdrive.fr/image.ashx?id=2544410&use=l&cat=p&typeid=i","cat":284652},{"id":209878,"n":"Spray vitres Ajax Triple action - 750ml","p":2.01,"u":"2,68 €/L","img":"https://fd5-photos.leclercdrive.fr/image.ashx?id=2544581&use=l&cat=p&typeid=i","cat":325363},{"id":209891,"n":"Nettoyant lave-vaisselle Finish  Intégral Anti-Odeurs - 250ml","p":3.19,"u":"12,76 €/L","img":"https://fd5-photos.leclercdrive.fr/image.ashx?id=2659735&use=l&cat=p&typeid=i","cat":284657},{"id":209893,"n":"Détachant poudre Vanish  940g","p":9.93,"u":"10,56 €/KG","img":"https://fd5-photos.leclercdrive.fr/image.ashx?id=2680308&use=l&cat=p&typeid=i","cat":284651},{"id":209902,"n":"Nettoyant lave linge protection complète Dr Beckmann 50cl","p":5.62,"u":"11,24 €/L","img":"https://fd5-photos.leclercdrive.fr/image.ashx?id=2897291&use=l&cat=p&typeid=i","cat":284653},{"id":210011,"n":"Détachant poudre Vanish  Blanc - 940g","p":9.93,"u":"10,56 €/KG","img":"https://fd5-photos.leclercdrive.fr/image.ashx?id=2680311&use=l&cat=p&typeid=i","cat":284651},{"id":210015,"n":"Nettoyant ménager La Croix Spray - Ultra cuisine - 500ml","p":1.82,"u":"3,64 €/L","img":"https://fd5-photos.leclercdrive.fr/image.ashx?id=2545216&use=l&cat=p&typeid=i","cat":325357},{"id":210019,"n":"Lotion Tonique Visage Nivea Peaux sèches&sensibles - 200ml","p":3.69,"u":"18,45 €/L","img":"https://fd5-photos.leclercdrive.fr/image.ashx?id=3014602&use=l&cat=p&typeid=i","cat":284603},{"id":210024,"n":"Lingettes désinfectantes St  Marc Soleil de Corse - x80","p":2.54,"u":"0,03 €/P","img":"https://fd5-photos.leclercdrive.fr/image.ashx?id=2757440&use=l&cat=p&typeid=i","cat":325358},{"id":210065,"n":"Friandises pour chat Felix nuggets canard - 180g","p":2.75,"u":"15,28 €/KG","img":"https://fd5-photos.leclercdrive.fr/image.ashx?id=2561509&use=l&cat=p&typeid=i","cat":285285},{"id":210067,"n":"Riz Lustucru 900g","p":2.4,"u":"2,67 €/KG","img":"https://fd5-photos.leclercdrive.fr/image.ashx?id=2963742&use=l&cat=p&typeid=i","cat":284428},{"id":210071,"n":"Eyeliner feutre Maybelline Ink Pen ultra-pigmenté","p":10.89,"img":"https://fd5-photos.leclercdrive.fr/image.ashx?id=2546629&use=l&cat=p&typeid=i","cat":287029},{"id":210142,"n":"Soin nuit repulpant So'Bio Etic Bio - 50ml","p":12.24,"u":"244,80 €/L","img":"https://fd5-photos.leclercdrive.fr/image.ashx?id=2997013&use=l&cat=p&typeid=i","cat":325345},{"id":210144,"n":"Nettoyant visage SoBio Etic bio Solide surgras - Aloe vera 70g","p":4.69,"u":"67,00 €/KG","img":"https://fd5-photos.leclercdrive.fr/image.ashx?id=2811251&use=l&cat=p&typeid=i","cat":284603},{"id":210145,"n":"Crème anti-âge So'Bio Etic Eau thermale - 40ml","p":14.98,"u":"374,50 €/L","img":"https://fd5-photos.leclercdrive.fr/image.ashx?id=2735044&use=l&cat=p&typeid=i","cat":325345},{"id":210147,"n":"Baume hydratant bio So'Bio Etic Apaisant - Eau thermale 50ML","p":10.69,"u":"213,80 €/L","img":"https://fd5-photos.leclercdrive.fr/image.ashx?id=2889634&use=l&cat=p&typeid=i","cat":325345},{"id":210153,"n":"Brosse à dents Electrique Oral-B - Noire - IO3S","p":65.74,"u":"Dont 0,10 € d'éco-part.","img":"https://fd5-photos.leclercdrive.fr/image.ashx?id=2553311&use=l&cat=p&typeid=i","cat":297133},{"id":210168,"n":"Thé noir bio Kusmi Tea Anastasia x20 - 40g","p":7.68,"u":"192,00 €/KG","img":"https://fd5-photos.leclercdrive.fr/image.ashx?id=2841463&use=l&cat=p&typeid=i","cat":293233},{"id":210171,"n":"Infusion fruits Bio Kusmi Tea Aqua Rosa x20 - 40g","p":6.9,"u":"172,50 €/KG","img":"https://fd5-photos.leclercdrive.fr/image.ashx?id=2658953&use=l&cat=p&typeid=i","cat":293234},{"id":210172,"n":"Thé vert Bio Kusmi Tea BB Detox x20 - 40g","p":9.88,"u":"247,00 €/KG","img":"https://fd5-photos.leclercdrive.fr/image.ashx?id=2549020&use=l&cat=p&typeid=i","cat":293233},{"id":210177,"n":"Thé noir Bio Kusmi Tea Earl grey bergamote x20 - 40g","p":6.35,"u":"158,75 €/KG","img":"https://fd5-photos.leclercdrive.fr/image.ashx?id=2658249&use=l&cat=p&typeid=i","cat":293233},{"id":210179,"n":"Mélange thés noirs Kusmi Tea English Breakfast Bio x20 - 40g","p":6.58,"u":"164,50 €/KG","img":"https://fd5-photos.leclercdrive.fr/image.ashx?id=2658950&use=l&cat=p&typeid=i","cat":293233},{"id":210202,"n":"Thé vert Bio Kusmi Tea Gingembre citron x20 - 40g","p":6.51,"u":"162,75 €/KG","img":"https://fd5-photos.leclercdrive.fr/image.ashx?id=2658959&use=l&cat=p&typeid=i","cat":293233},{"id":210203,"n":"Thé vert Bio Kusmi Tea Jasmin x20 - 40g","p":6.53,"u":"163,25 €/KG","img":"https://fd5-photos.leclercdrive.fr/image.ashx?id=2658944&use=l&cat=p&typeid=i","cat":293233},{"id":210204,"n":"Thé vert Bio Kusmi Tea Menthe x20 - 40g","p":6.48,"u":"162,00 €/KG","img":"https://fd5-photos.leclercdrive.fr/image.ashx?id=2658947&use=l&cat=p&typeid=i","cat":293233},{"id":210206,"n":"Brossettes Oral-B 3D White x4","p":20.88,"u":"5,22 €/P","img":"https://fd5-photos.leclercdrive.fr/image.ashx?id=2617483&use=l&cat=p&typeid=i","cat":297133},{"id":210208,"n":"Brossettes Oral-B Pro Sensitive Clean - x4","p":22.66,"u":"5,67 €/P","img":"https://fd5-photos.leclercdrive.fr/image.ashx?id=2737552&use=l&cat=p&typeid=i","cat":297133},{"id":210232,"n":"Mon kit d'épilation Wilkinson Corps - x1","p":12.76,"img":"https://fd5-photos.leclercdrive.fr/image.ashx?id=2561317&use=l&cat=p&typeid=i","cat":325351},{"id":210235,"n":"Serviettes Tena Discreet Extra - x10","p":3.54,"u":"0,35 €/P","img":"https://fd5-photos.leclercdrive.fr/image.ashx?id=2597244&use=l&cat=p&typeid=i","cat":284628},{"id":210264,"n":"Fromage blanc Calin Yoplait Nature 0%MG - 8x100g","p":1.97,"u":"2,46 €/KG","img":"https://fd5-photos.leclercdrive.fr/image.ashx?id=2973742&use=l&cat=p&typeid=i","cat":284409},{"id":210267,"n":"Ampoules LED Standard Philips B22 60W Blanc chaud claire x3","p":9.99,"u":"Dont 0,86 € d'éco-part.","img":"https://fd5-photos.leclercdrive.fr/image.ashx?id=2546229&use=l&cat=p&typeid=i","cat":300573},{"id":210320,"n":"Bonbon Tic Tac Extra Fresh x200 - 98g","p":3.3,"u":"33,67 €/KG","img":"https://fd5-photos.leclercdrive.fr/image.ashx?id=2673899&use=l&cat=p&typeid=i","cat":304256},{"id":210321,"n":"Bonbons Tic Tac  Menthe - x200 - 98g","p":3.56,"u":"36,33 €/KG","img":"https://fd5-photos.leclercdrive.fr/image.ashx?id=2674231&use=l&cat=p&typeid=i","cat":304256},{"id":210359,"n":"Crème de jour Grenade Weleda Raffermissante - 40ml","p":24.95,"u":"623,75 €/L","img":"https://fd5-photos.leclercdrive.fr/image.ashx?id=2546623&use=l&cat=p&typeid=i","cat":291168},{"id":210496,"n":"Compotes Materne Intense &  Velouté Bivariétés - 8x97g","p":3.54,"u":"4,56 €/KG","img":"https://fd5-photos.leclercdrive.fr/image.ashx?id=3010879&use=l&cat=p&typeid=i","cat":284508},{"id":210703,"n":"Terrine Tous mes amis Volaille carottes - 1.2kg","p":1.95,"u":"1,63 €/KG","img":"https://fd5-photos.leclercdrive.fr/image.ashx?id=2815758&use=l&cat=p&typeid=i","cat":288578},{"id":210717,"n":"Boulettes de boeuf Eco+ 1.2kg","p":1.53,"img":"https://fd5-photos.leclercdrive.fr/image.ashx?id=2815740&use=l&cat=p&typeid=i","cat":288578},{"id":210718,"n":"Crème relipidante Lipikar La Roche-Posay - AP+M - 400ml","p":19.98,"u":"49,95 €/L","img":"https://fd5-photos.leclercdrive.fr/image.ashx?id=2551213&use=l&cat=p&typeid=i","cat":290421},{"id":210727,"n":"Poivre noir Ducros Bresil - 32g","p":3.14,"u":"98,13 €/KG","img":"https://fd5-photos.leclercdrive.fr/image.ashx?id=2552580&use=l&cat=p&typeid=i","cat":284457},{"id":210728,"n":"Sirop de glucose 250g","p":3.54,"u":"14,16 €/KG","img":"https://fd5-photos.leclercdrive.fr/image.ashx?id=2876308&use=l&cat=p&typeid=i","cat":284504},{"id":210803,"n":"Adoucissant Hyperdou Douceur de pêche - 1.9L - x27","p":2.42,"u":"1,27 €/L","img":"https://fd5-photos.leclercdrive.fr/image.ashx?id=2603015&use=l&cat=p&typeid=i","cat":284650},{"id":210804,"n":"Adoucissant Hyperdou Rêve de fraîcheur - 1.9L - x27","p":2.15,"u":"1,13 €/L","img":"https://fd5-photos.leclercdrive.fr/image.ashx?id=2958762&use=l&cat=p&typeid=i","cat":284650},{"id":210806,"n":"Adoucissant Hyperdou Senstive - 1.9L - x27","p":2.38,"u":"1,25 €/L","img":"https://fd5-photos.leclercdrive.fr/image.ashx?id=2974843&use=l&cat=p&typeid=i","cat":284650},{"id":210821,"n":"Pommes rissolées Findus 590g","p":1.95,"u":"3,31 €/KG","img":"https://fd5-photos.leclercdrive.fr/image.ashx?id=2790099&use=l&cat=p&typeid=i","cat":319792},{"id":210824,"n":"Pommes noisette Findus 900g","p":3.38,"u":"3,76 €/KG","img":"https://fd5-photos.leclercdrive.fr/image.ashx?id=2899500&use=l&cat=p&typeid=i","cat":319792},{"id":210889,"n":"Yaourt à boire Eco+ Fraise - 850g","p":1.33,"u":"1,56 €/KG","img":"https://fd5-photos.leclercdrive.fr/image.ashx?id=2552033&use=l&cat=p&typeid=i","cat":284415},{"id":210946,"n":"Margarine Planta Fin  Demi-sel 100% végétal - 450g","p":2.87,"u":"6,38 €/KG","img":"https://fd5-photos.leclercdrive.fr/image.ashx?id=2989474&use=l&cat=p&typeid=i","cat":315229},{"id":210948,"n":"Margarine Planta Fin Doux 100% végétal - 450g","p":2.42,"u":"5,38 €/KG","img":"https://fd5-photos.leclercdrive.fr/image.ashx?id=2989477&use=l&cat=p&typeid=i","cat":315229},{"id":210951,"n":"Mousse au chocolat Eco+ 4x60g","p":0.84,"u":"3,50 €/KG","img":"https://fd5-photos.leclercdrive.fr/image.ashx?id=2552493&use=l&cat=p&typeid=i","cat":284417},{"id":210956,"n":"Yaourt gourmand Délisse Coco - 2x150g","p":1.09,"u":"3,63 €/KG","img":"https://fd5-photos.leclercdrive.fr/image.ashx?id=2556532&use=l&cat=p&typeid=i","cat":314999},{"id":210958,"n":"Yaourt gourrmand Délisse  2x150g","p":1.13,"u":"3,77 €/KG","img":"https://fd5-photos.leclercdrive.fr/image.ashx?id=2552505&use=l&cat=p&typeid=i","cat":314999},{"id":210960,"n":"Bouchées Tous les Amis 1.2kg","p":2.15,"u":"1,79 €/KG","img":"https://fd5-photos.leclercdrive.fr/image.ashx?id=2815767&use=l&cat=p&typeid=i","cat":288578},{"id":210962,"n":"Emincés en sauce Tous les Amis Assortiment - 6x400g","p":5.28,"u":"2,20 €/KG","img":"https://fd5-photos.leclercdrive.fr/image.ashx?id=2815761&use=l&cat=p&typeid=i","cat":285601},{"id":210963,"n":"Boulettes de bœuf Eco+ 400g","p":0.66,"u":"1,65 €/KG","img":"https://fd5-photos.leclercdrive.fr/image.ashx?id=2815731&use=l&cat=p&typeid=i","cat":285601},{"id":210964,"n":"Cœurs en sucre Vahiné 20g","p":2.67,"u":"133,50 €/KG","img":"https://fd5-photos.leclercdrive.fr/image.ashx?id=2890875&use=l&cat=p&typeid=i","cat":284504},{"id":211041,"n":"Fromage à tartiner Kiri Délicieusement fouetté - 210g","p":3.18,"u":"15,14 €/KG","img":"https://fd5-photos.leclercdrive.fr/image.ashx?id=2686594&use=l&cat=p&typeid=i","cat":314029},{"id":211044,"n":"Gel Toilette Intime Extra Doux Intima Natural Hamamélis 500ml","p":5.88,"u":"11,76 €/L","img":"https://fd5-photos.leclercdrive.fr/image.ashx?id=2959877&use=l&cat=p&typeid=i","cat":284627},{"id":211077,"n":"Jus de pomme bio Pressade Sans sucre ajouté - 1L","p":2.35,"u":"2,35 €/L","img":"https://fd5-photos.leclercdrive.fr/image.ashx?id=2692377&use=l&cat=p&typeid=i","cat":284522},{"id":211079,"n":"Terrine Tous Mes Amis 3x1.2kg","p":5.85,"u":"1,63 €/KG","img":"https://fd5-photos.leclercdrive.fr/image.ashx?id=2815770&use=l&cat=p&typeid=i","cat":288578},{"id":211085,"n":"Thé glacé Lipton Ice Tea pêche Le lot de 4x1.25L","p":5.85,"u":"1,17 €/L","img":"https://fd5-photos.leclercdrive.fr/image.ashx?id=2554133&use=l&cat=p&typeid=i","cat":295019},{"id":211089,"n":"Pâte à sucre rose Vahiné  250g","p":3.17,"u":"12,68 €/KG","img":"https://fd5-photos.leclercdrive.fr/image.ashx?id=2554154&use=l&cat=p&typeid=i","cat":284504},{"id":211090,"n":"Liqueur de menthe Get 27 17,9° - 1L","p":17.35,"u":"17,35 €/L","img":"https://fd5-photos.leclercdrive.fr/image.ashx?id=2858276&use=l&cat=p&typeid=i","cat":286032},{"id":211096,"n":"Ciboulette Ducros 11g","p":2.71,"u":"246,36 €/KG","img":"https://fd5-photos.leclercdrive.fr/image.ashx?id=2554115&use=l&cat=p&typeid=i","cat":298297},{"id":211098,"n":"Emincée Tous Mes Amis Poissons - 4x400g","p":4.02,"u":"2,51 €/KG","img":"https://fd5-photos.leclercdrive.fr/image.ashx?id=2815764&use=l&cat=p&typeid=i","cat":285601},{"id":211117,"n":"Paprika fumé Ducros 40g","p":2.23,"u":"55,75 €/KG","img":"https://fd5-photos.leclercdrive.fr/image.ashx?id=2559484&use=l&cat=p&typeid=i","cat":298297},{"id":211122,"n":"Curry Ducros 100g","p":2.89,"u":"28,90 €/KG","img":"https://fd5-photos.leclercdrive.fr/image.ashx?id=2554118&use=l&cat=p&typeid=i","cat":298297},{"id":211123,"n":"Paprika doux Ducros 100g","p":3.4,"u":"34,00 €/KG","img":"https://fd5-photos.leclercdrive.fr/image.ashx?id=2554121&use=l&cat=p&typeid=i","cat":298297},{"id":211125,"n":"Curry Ducros 47g","p":1.81,"u":"38,51 €/KG","img":"https://fd5-photos.leclercdrive.fr/image.ashx?id=2559496&use=l&cat=p&typeid=i","cat":298297},{"id":211128,"n":"Cerneaux de noix 50g","p":2.77,"u":"55,40 €/KG","img":"https://fd5-photos.leclercdrive.fr/image.ashx?id=2554148&use=l&cat=p&typeid=i","cat":284357},{"id":211157,"n":"Adoucissant Soupline Grand Air - 1,9L","p":3.89,"u":"2,05 €/L","img":"https://fd5-photos.leclercdrive.fr/image.ashx?id=2976878&use=l&cat=p&typeid=i","cat":284650},{"id":211223,"n":"Piment d'Espelette Ducros et origan - 25g","p":9.39,"u":"375,60 €/KG","img":"https://fd5-photos.leclercdrive.fr/image.ashx?id=2555340&use=l&cat=p&typeid=i","cat":298297},{"id":211225,"n":"Poivre blanc Ducros Grains 100g","p":4.47,"u":"44,70 €/KG","img":"https://fd5-photos.leclercdrive.fr/image.ashx?id=2555334&use=l&cat=p&typeid=i","cat":284457},{"id":211228,"n":"Pralines concassées Vahiné 100g","p":2.8,"u":"28,00 €/KG","img":"https://fd5-photos.leclercdrive.fr/image.ashx?id=2569434&use=l&cat=p&typeid=i","cat":284504},{"id":211229,"n":"Pépites chocolat corsé Vahiné 100g","p":3.0,"u":"30,00 €/KG","img":"https://fd5-photos.leclercdrive.fr/image.ashx?id=2555403&use=l&cat=p&typeid=i","cat":284504},{"id":211320,"n":"Sirop Oasis Grenadine - 75cl","p":3.35,"u":"4,47 €/L","img":"https://fd5-photos.leclercdrive.fr/image.ashx?id=2555418&use=l&cat=p&typeid=i","cat":295020},{"id":211321,"n":"Sirop Oasis  Menthe Citron - 75cl","p":3.19,"u":"4,25 €/L","img":"https://fd5-photos.leclercdrive.fr/image.ashx?id=2555421&use=l&cat=p&typeid=i","cat":295020},{"id":211385,"n":"Gummies Luxéol Chute de cheveux - x60","p":19.5,"u":"0,33 €/P","img":"https://fd5-photos.leclercdrive.fr/image.ashx?id=2650723&use=l&cat=p&typeid=i","cat":301266},{"id":211397,"n":"Cacahuetes caramélisées Tokapi Salé - 150g","p":1.4,"u":"9,33 €/KG","img":"https://fd5-photos.leclercdrive.fr/image.ashx?id=2793329&use=l&cat=p&typeid=i","cat":284448},{"id":211398,"n":"Amandes  Tokapi 200g","p":2.78,"u":"13,90 €/KG","img":"https://fd5-photos.leclercdrive.fr/image.ashx?id=2793326&use=l&cat=p&typeid=i","cat":284448},{"id":211413,"n":"Céréales Kit Kat 330g","p":3.65,"u":"11,06 €/KG","img":"https://fd5-photos.leclercdrive.fr/image.ashx?id=2989453&use=l&cat=p&typeid=i","cat":309513},{"id":211415,"n":"Poules aux vermicelles Maggi 3x59g","p":1.31,"u":"7,40 €/KG","img":"https://fd5-photos.leclercdrive.fr/image.ashx?id=2556345&use=l&cat=p&typeid=i","cat":284463},{"id":211426,"n":"Pain burger Eco+ Nature x6 - 330g","p":0.88,"u":"2,67 €/KG","img":"https://fd5-photos.leclercdrive.fr/image.ashx?id=2854195&use=l&cat=p&typeid=i","cat":325067},{"id":211427,"n":"Pain burger Epi d'Or Nature x6 - 330g","p":0.93,"u":"2,82 €/KG","img":"https://fd5-photos.leclercdrive.fr/image.ashx?id=2807303&use=l&cat=p&typeid=i","cat":325067},{"id":211428,"n":"Céréales Special K Kellogg's Nature - 500g","p":3.29,"u":"6,58 €/KG","img":"https://fd5-photos.leclercdrive.fr/image.ashx?id=2583996&use=l&cat=p&typeid=i","cat":309512},{"id":211431,"n":"Oignon Ducros 9g","p":2.89,"u":"321,11 €/KG","img":"https://fd5-photos.leclercdrive.fr/image.ashx?id=2557332&use=l&cat=p&typeid=i","cat":298297},{"id":211432,"n":"Court bouillon Maggi Legumes et vin blanc 150g","p":1.42,"u":"9,47 €/KG","img":"https://fd5-photos.leclercdrive.fr/image.ashx?id=2557740&use=l&cat=p&typeid=i","cat":288379},{"id":211436,"n":"Weetabix crispy  Minis choco - 500g","p":3.75,"u":"7,50 €/KG","img":"https://fd5-photos.leclercdrive.fr/image.ashx?id=2971311&use=l&cat=p&typeid=i","cat":309512},{"id":211470,"n":"Dentifrice Signal Professionnel Action Sensibilité Complet 75ml","p":2.82,"u":"37,60 €/L","img":"https://fd5-photos.leclercdrive.fr/image.ashx?id=2961326&use=l&cat=p&typeid=i","cat":284612},{"id":211520,"n":"Dentifrice Signal Professionnel Sensibilité Gencives 75ml","p":3.47,"u":"46,27 €/L","img":"https://fd5-photos.leclercdrive.fr/image.ashx?id=2961329&use=l&cat=p&typeid=i","cat":284612},{"id":211522,"n":"Dentifrice Signal Professionnel Sensibilité Blancheur 75ml","p":2.82,"u":"37,60 €/L","img":"https://fd5-photos.leclercdrive.fr/image.ashx?id=2961332&use=l&cat=p&typeid=i","cat":284612},{"id":211525,"n":"Lessive tablettes Persil Bouquet de Provence - x32","p":6.4,"u":"6,67 €/KG","img":"https://fd5-photos.leclercdrive.fr/image.ashx?id=2557809&use=l&cat=p&typeid=i","cat":284641},{"id":211527,"n":"Dentifrice Blancheur Signal White Now Super Pure 75ml","p":3.3,"u":"44,00 €/L","img":"https://fd5-photos.leclercdrive.fr/image.ashx?id=2770190&use=l&cat=p&typeid=i","cat":284612},{"id":211544,"n":"Brosse à dents Signal 4D Expert Medium - x2","p":6.66,"u":"3,33 €/P","img":"https://fd5-photos.leclercdrive.fr/image.ashx?id=2558096&use=l&cat=p&typeid=i","cat":284614},{"id":211551,"n":"Déodorant bille homme Axe Aqua bergamot - 50ml","p":4.68,"u":"93,60 €/L","img":"https://fd5-photos.leclercdrive.fr/image.ashx?id=2850829&use=l&cat=p&typeid=i","cat":284618},{"id":211555,"n":"Sun Capsules Lave-Vaisselle Tout en 1 Absolu Brillance x28","p":7.9,"u":"18,81 €/KG","img":"https://fd5-photos.leclercdrive.fr/image.ashx?id=2961350&use=l&cat=p&typeid=i","cat":284656},{"id":211556,"n":"Sun Capsules Lave-Vaisselle Tout en1 Absolu Dégraissant x28","p":7.9,"u":"18,81 €/KG","img":"https://fd5-photos.leclercdrive.fr/image.ashx?id=2961353&use=l&cat=p&typeid=i","cat":284656},{"id":211558,"n":"Sun Capsules Lave-Vaisselle Tout en 1 Absolu Protection x28","p":9.8,"u":"23,33 €/KG","img":"https://fd5-photos.leclercdrive.fr/image.ashx?id=2773934&use=l&cat=p&typeid=i","cat":284656},{"id":211561,"n":"Déodorant Spray Dove Anti- Transpirant Invisible Dry 100ml","p":3.13,"u":"31,30 €/L","img":"https://fd5-photos.leclercdrive.fr/image.ashx?id=2905711&use=l&cat=p&typeid=i","cat":284595},{"id":211562,"n":"Déodorant Spray Compressé Dove Anti-Transpirant Original 100ml","p":3.15,"u":"31,50 €/L","img":"https://fd5-photos.leclercdrive.fr/image.ashx?id=2793098&use=l&cat=p&typeid=i","cat":284595},{"id":211563,"n":"Déodorant Spray Dove Anti- Transpirant Invisible Dry 200ml","p":2.99,"u":"14,95 €/L","img":"https://fd5-photos.leclercdrive.fr/image.ashx?id=2877244&use=l&cat=p&typeid=i","cat":284595},{"id":211564,"n":"Adoucissant concentré Soupline Coco fleurs blanches - 1.28L","p":5.6,"u":"4,38 €/L","img":"https://fd5-photos.leclercdrive.fr/image.ashx?id=2832566&use=l&cat=p&typeid=i","cat":284650},{"id":211573,"n":"Déodorant Spray Dove Anti- Transpirant Original 200ml","p":3.17,"u":"15,85 €/L","img":"https://fd5-photos.leclercdrive.fr/image.ashx?id=2878486&use=l&cat=p&typeid=i","cat":284595},{"id":211584,"n":"Déodorant spray homme Axe Aqua bergamot - 150ml","p":4.18,"u":"27,87 €/L","img":"https://fd5-photos.leclercdrive.fr/image.ashx?id=3004453&use=l&cat=p&typeid=i","cat":284618},{"id":211631,"n":"Desserts Lactés P'TIT BRASSE   Abricot vanille -6m+ - 4x90g","p":1.84,"u":"5,11 €/KG","img":"https://fd5-photos.leclercdrive.fr/image.ashx?id=2600072&use=l&cat=p&typeid=i","cat":312392},{"id":211632,"n":"Desserts Lactés P'TIT ONCTUEUX Nature 6M+ - 8x90g","p":4.24,"u":"5,89 €/KG","img":"https://fd5-photos.leclercdrive.fr/image.ashx?id=2559161&use=l&cat=p&typeid=i","cat":312392},{"id":211706,"n":"Liqueur de menthe Get 27 17,9° - 1.5L","p":23.95,"u":"15,97 €/L","img":"https://fd5-photos.leclercdrive.fr/image.ashx?id=2850707&use=l&cat=p&typeid=i","cat":286032},{"id":211827,"n":"Céréales bébé BABIVANILLE Vanille 10M+ - 400g","p":3.4,"u":"8,50 €/KG","img":"https://fd5-photos.leclercdrive.fr/image.ashx?id=2562651&use=l&cat=p&typeid=i","cat":312225},{"id":211844,"n":"Pur jus Tropicana Orange sans pulpe - 4x1,5L","p":13.5,"pp":10.12,"u":"1,69 €/L","img":"https://fd5-photos.leclercdrive.fr/image.ashx?id=2562546&use=l&cat=p&typeid=i","cat":284521},{"id":211864,"n":"Nouilles de blé Tien Shan Canard - 2x85g+85g offerts","p":1.6,"u":"6,27 €/KG","img":"https://fd5-photos.leclercdrive.fr/image.ashx?id=2562435&use=l&cat=p&typeid=i","cat":288992},{"id":211865,"n":"Nouilles de blé Tien Shan Crevette - 2x85g+85g offerts","p":1.6,"u":"6,27 €/KG","img":"https://fd5-photos.leclercdrive.fr/image.ashx?id=2562438&use=l&cat=p&typeid=i","cat":288992},{"id":211867,"n":"Nouilles de blé Tien Shan Boeuf - 2x85g+85g offerts","p":1.6,"u":"6,27 €/KG","img":"https://fd5-photos.leclercdrive.fr/image.ashx?id=2562444&use=l&cat=p&typeid=i","cat":288992},{"id":211885,"n":"Nettoyant Pro Four 500ml","p":4.39,"u":"8,78 €/L","img":"https://fd5-photos.leclercdrive.fr/image.ashx?id=2660841&use=l&cat=p&typeid=i","cat":325363},{"id":211921,"n":"Eau nettoyante Dodie 3-en-1 - 1L","p":9.95,"u":"9,95 €/L","img":"https://fd5-photos.leclercdrive.fr/image.ashx?id=2562588&use=l&cat=p&typeid=i","cat":290425},{"id":211934,"n":"1ère huile lavante bébé Uriage 500ml","p":12.9,"u":"25,80 €/L","img":"https://fd5-photos.leclercdrive.fr/image.ashx?id=2562570&use=l&cat=p&typeid=i","cat":290425},{"id":212107,"n":"Brosse à dents Colgate Extra-clean médium - x4","p":1.81,"u":"0,45 €/P","img":"https://fd5-photos.leclercdrive.fr/image.ashx?id=2564309&use=l&cat=p&typeid=i","cat":284614},{"id":212110,"n":"Adoucissant Hyperdou Senteur de provence - 1.9L x 27","p":2.39,"u":"1,26 €/L","img":"https://fd5-photos.leclercdrive.fr/image.ashx?id=2603021&use=l&cat=p&typeid=i","cat":284650},{"id":212126,"n":"Boisson aux fruits Oasis Tropical - 24x33cl","p":12.48,"u":"1,58 €/L","img":"https://fd5-photos.leclercdrive.fr/image.ashx?id=2900815&use=l&cat=p&typeid=i","cat":295018},{"id":212128,"n":"Boisson gazeuse Schweppes Agrumes - 24x33cl","p":11.58,"u":"1,46 €/L","img":"https://fd5-photos.leclercdrive.fr/image.ashx?id=2852429&use=l&cat=p&typeid=i","cat":284532},{"id":212248,"n":"Crème glacée La Laitière Chocolat avec copeaux - 490g","p":3.24,"pp":2.27,"u":"4,63 €/KG","img":"https://fd5-photos.leclercdrive.fr/image.ashx?id=3000012&use=l&cat=p&typeid=i","cat":284263},{"id":212309,"n":"Lingettes Dr. Beckmann Anti Décoloration - 2+1 gratuit","p":9.4,"u":"3,13 €/P","img":"https://fd5-photos.leclercdrive.fr/image.ashx?id=2906679&use=l&cat=p&typeid=i","cat":290450},{"id":212326,"n":"Infusions Epices Ethiquable Bio Roobios Afrique du Sud 40g","p":2.04,"u":"51,00 €/KG","img":"https://fd5-photos.leclercdrive.fr/image.ashx?id=2874063&use=l&cat=p&typeid=i","cat":293234},{"id":212383,"n":"Barres de céréales Spécial K Protein Coco cacao cajou -4x28g","p":2.94,"u":"26,25 €/KG","img":"https://fd5-photos.leclercdrive.fr/image.ashx?id=3011809&use=l&cat=p&typeid=i","cat":300032},{"id":212465,"n":"Protège-slip Confort Vania Coton Bio - x30","p":2.43,"img":"https://fd5-photos.leclercdrive.fr/image.ashx?id=2735215&use=l&cat=p&typeid=i","cat":284625},{"id":212468,"n":"Protège-slips Confort Vania Aloe vera - x56","p":2.22,"img":"https://fd5-photos.leclercdrive.fr/image.ashx?id=2735236&use=l&cat=p&typeid=i","cat":284625},{"id":212472,"n":"Capsules lave-vaisselle Finish Ultimate Plus Citron - x33","p":9.2,"u":"22,83 €/KG","img":"https://fd5-photos.leclercdrive.fr/image.ashx?id=2567077&use=l&cat=p&typeid=i","cat":284656},{"id":212473,"n":"Liquide de Rinçage Finish  Citron - 800ml","p":5.49,"u":"6,86 €/L","img":"https://fd5-photos.leclercdrive.fr/image.ashx?id=2881966&use=l&cat=p&typeid=i","cat":284657},{"id":212477,"n":"Déodorant spray Monsavon Compres$sé -  Vanille - 100ml","p":2.62,"u":"26,20 €/L","img":"https://fd5-photos.leclercdrive.fr/image.ashx?id=2566215&use=l&cat=p&typeid=i","cat":284595},{"id":212486,"n":"Film étirable Elembal 50m","p":1.8,"u":"0,04 €/MT","img":"https://fd5-photos.leclercdrive.fr/image.ashx?id=2566146&use=l&cat=p&typeid=i","cat":285194},{"id":212487,"n":"Papier toilette Le Trèfle Maxi douceur - 12+6","p":9.85,"u":"0,55 €/P","img":"https://fd5-photos.leclercdrive.fr/image.ashx?id=2568437&use=l&cat=p&typeid=i","cat":284634},{"id":212593,"n":"Litière chats Tous mes Amis Triple action blanche - 5L","p":4.2,"u":"0,84 €/L","img":"https://fd5-photos.leclercdrive.fr/image.ashx?id=2568361&use=l&cat=p&typeid=i","cat":284683},{"id":212595,"n":"Litière chats Tous mes Amis Parfumée grise - 5L","p":3.1,"u":"0,62 €/L","img":"https://fd5-photos.leclercdrive.fr/image.ashx?id=2568358&use=l&cat=p&typeid=i","cat":284683},{"id":212643,"n":"Margarine Planta Fin Doux 100% végétal - 225g","p":1.53,"u":"6,80 €/KG","img":"https://fd5-photos.leclercdrive.fr/image.ashx?id=2989471&use=l&cat=p&typeid=i","cat":315229},{"id":212645,"n":"Margarine Planta Fin Demi-sel 100% végétal - 225g","p":1.55,"u":"6,89 €/KG","img":"https://fd5-photos.leclercdrive.fr/image.ashx?id=2989465&use=l&cat=p&typeid=i","cat":315229},{"id":212647,"n":"Rhum Arhumatik Isautier Ananas 24° - 70cl","p":21.87,"u":"31,24 €/L","img":"https://fd5-photos.leclercdrive.fr/image.ashx?id=2570232&use=l&cat=p&typeid=i","cat":284551},{"id":212648,"n":"Arhumatik Isautier Passion 24%vol. - 70cl","p":24.32,"u":"34,74 €/L","img":"https://fd5-photos.leclercdrive.fr/image.ashx?id=2569539&use=l&cat=p&typeid=i","cat":284551},{"id":212650,"n":"Arhumatik Isautier Coco 24%vol. - 70cl","p":23.6,"u":"33,71 €/L","img":"https://fd5-photos.leclercdrive.fr/image.ashx?id=2570235&use=l&cat=p&typeid=i","cat":284551},{"id":212749,"n":"Lait bébé Calisma Gallia Pocket 1er âge 0-6 mois 479g","p":16.68,"u":"34,53 €/KG","img":"https://fd5-photos.leclercdrive.fr/image.ashx?id=2983075&use=l&cat=p&typeid=i","cat":284726},{"id":212750,"n":"Petits pots bébé P'TIT SOUPER Pastasotto 12M+ - 2x200g","p":1.72,"u":"4,30 €/KG","img":"https://fd5-photos.leclercdrive.fr/image.ashx?id=2571863&use=l&cat=p&typeid=i","cat":312239},{"id":212751,"n":"Desserts Lactés P'TIT BRASSE Mini BIO Nature SSA 4M+ - 6x50g","p":2.65,"u":"8,83 €/KG","img":"https://fd5-photos.leclercdrive.fr/image.ashx?id=2593182&use=l&cat=p&typeid=i","cat":312392},{"id":212754,"n":"Soupe chinoise Maggi 60g","p":1.06,"u":"17,67 €/KG","img":"https://fd5-photos.leclercdrive.fr/image.ashx?id=2571869&use=l&cat=p&typeid=i","cat":288992},{"id":212770,"n":"Ail & poivre Ducros 45g","p":2.77,"u":"61,56 €/KG","img":"https://fd5-photos.leclercdrive.fr/image.ashx?id=2570166&use=l&cat=p&typeid=i","cat":298297},{"id":212771,"n":"Pepites de chocolats Vahiné  Noisettes - 100g","p":3.29,"u":"32,90 €/KG","img":"https://fd5-photos.leclercdrive.fr/image.ashx?id=2570190&use=l&cat=p&typeid=i","cat":284504},{"id":212773,"n":"Curry Balti Ducros - 39g","p":2.15,"u":"55,13 €/KG","img":"https://fd5-photos.leclercdrive.fr/image.ashx?id=2570169&use=l&cat=p&typeid=i","cat":298297},{"id":212814,"n":"Skyr Siggi's  Céréales Miel & Noix - 2x140g","p":2.06,"u":"7,36 €/KG","img":"https://fd5-photos.leclercdrive.fr/image.ashx?id=2879673&use=l&cat=p&typeid=i","cat":315000},{"id":212817,"n":"Nettoyant vitres Ajax Triple action Recharge - 750ml","p":1.67,"u":"2,23 €/L","img":"https://fd5-photos.leclercdrive.fr/image.ashx?id=2842969&use=l&cat=p&typeid=i","cat":325363},{"id":212826,"n":"Poivre et épices Ducros 200g","p":8.79,"u":"43,95 €/KG","img":"https://fd5-photos.leclercdrive.fr/image.ashx?id=2571194&use=l&cat=p&typeid=i","cat":284457},{"id":212829,"n":"Moulin Ducros 5 baies - 24g","p":3.69,"u":"153,75 €/KG","img":"https://fd5-photos.leclercdrive.fr/image.ashx?id=2571197&use=l&cat=p&typeid=i","cat":298297},{"id":212876,"n":"AOP Champagne Moët & Chandon Brut impérial - 75cl","p":38.6,"u":"51,47 €/L","img":"https://fd5-photos.leclercdrive.fr/image.ashx?id=2578951&use=l&cat=p&typeid=i","cat":284542},{"id":212901,"n":"Pile bouton lithium Varta CR2032 - x4+1 offerte","p":11.5,"u":"2,30 €/P","img":"https://fd5-photos.leclercdrive.fr/image.ashx?id=2572323&use=l&cat=p&typeid=i","cat":300572},{"id":212902,"n":"Pile alcaline Varta  Longlife Power D - x2","p":10.17,"u":"5,09 €/P","img":"https://fd5-photos.leclercdrive.fr/image.ashx?id=2575819&use=l&cat=p&typeid=i","cat":300572},{"id":212922,"n":"Déboucheur Gel Destop  Spécial Cuisine - 1L","p":2.89,"u":"2,89 €/L","img":"https://fd5-photos.leclercdrive.fr/image.ashx?id=2572278&use=l&cat=p&typeid=i","cat":284908},{"id":212934,"n":"Lait bébé poudre Guigoz Optipro 3ème âge - dès 12 mois - 830g","p":10.02,"u":"12,07 €/KG","img":"https://fd5-photos.leclercdrive.fr/image.ashx?id=2895059&use=l&cat=p&typeid=i","cat":290219},{"id":212959,"n":"Spray nettoyant Lysol  Désinfectant multi-usages - 1L","p":4.81,"u":"4,81 €/L","img":"https://fd5-photos.leclercdrive.fr/image.ashx?id=2572613&use=l&cat=p&typeid=i","cat":null},{"id":213020,"n":"Chips Nature Lay's Sel maxi Format - 370g","p":3.0,"u":"8,11 €/KG","img":"https://fd5-photos.leclercdrive.fr/image.ashx?id=2999949&use=l&cat=p&typeid=i","cat":284447},{"id":213023,"n":"Pâtée et morceaux chiens Eco+ Boeuf - 1.2kg","p":1.67,"u":"1,39 €/KG","img":"https://fd5-photos.leclercdrive.fr/image.ashx?id=2815743&use=l&cat=p&typeid=i","cat":288578},{"id":213024,"n":"Boulettes volaille Eco+ 800g","p":1.47,"u":"1,84 €/KG","img":"https://fd5-photos.leclercdrive.fr/image.ashx?id=2815734&use=l&cat=p&typeid=i","cat":285601},{"id":213025,"n":"Boulettes à la volaille Eco+ 1.2kg","p":1.54,"u":"1,28 €/KG","img":"https://fd5-photos.leclercdrive.fr/image.ashx?id=2815737&use=l&cat=p&typeid=i","cat":288578},{"id":213037,"n":"Culottes Drynites Huggies  4/7ans - x16","p":10.81,"u":"0,68 €/P","img":"https://fd5-photos.leclercdrive.fr/image.ashx?id=2844730&use=l&cat=p&typeid=i","cat":290633},{"id":213173,"n":"Tropico l'original 6x33cl","p":3.79,"u":"1,91 €/L","img":"https://fd5-photos.leclercdrive.fr/image.ashx?id=2678155&use=l&cat=p&typeid=i","cat":295018},{"id":213181,"n":"Dentifrice Elmex Sensitive Nettoyage fraîcheur - 2x75ml","p":9.15,"u":"61,00 €/L","img":"https://fd5-photos.leclercdrive.fr/image.ashx?id=2692878&use=l&cat=p&typeid=i","cat":284612},{"id":213186,"n":"Mélange de fruits Sun Mix N°2 - 190g","p":2.99,"u":"15,74 €/KG","img":"https://fd5-photos.leclercdrive.fr/image.ashx?id=2943894&use=l&cat=p&typeid=i","cat":284357},{"id":213187,"n":"Mélange de fruits secs Sun Mix N°3 - 190g","p":2.99,"u":"15,74 €/KG","img":"https://fd5-photos.leclercdrive.fr/image.ashx?id=2943897&use=l&cat=p&typeid=i","cat":284357},{"id":213188,"n":"Mélange de fruits secs Sun Mix N°4 - 190g","p":2.99,"u":"15,74 €/KG","img":"https://fd5-photos.leclercdrive.fr/image.ashx?id=2943900&use=l&cat=p&typeid=i","cat":284357},{"id":213189,"n":"Milky fromage enfant à tartiner Les Croisés 24 portions - 432g","p":3.59,"u":"8,31 €/KG","img":"https://fd5-photos.leclercdrive.fr/image.ashx?id=2791899&use=l&cat=p&typeid=i","cat":314030},{"id":213200,"n":"Gaufrettes Quadro Cémoi Choco noisettes - 187g","p":2.04,"u":"10,91 €/KG","img":"https://fd5-photos.leclercdrive.fr/image.ashx?id=2654731&use=l&cat=p&typeid=i","cat":284488},{"id":213257,"n":"Shampooing Elsève Multi-vitaminé 2en1 - 2x350ml","p":10.48,"u":"14,97 €/L","img":"https://fd5-photos.leclercdrive.fr/image.ashx?id=2581660&use=l&cat=p&typeid=i","cat":284606},{"id":213393,"n":"Lait Cica Réparation Mixa Peaux Sèches, Sensibles - 250ml","p":5.17,"u":"20,68 €/L","img":"https://fd5-photos.leclercdrive.fr/image.ashx?id=2579032&use=l&cat=p&typeid=i","cat":325349},{"id":213396,"n":"Crème céramide Mixa 400ml","p":5.81,"u":"14,53 €/L","img":"https://fd5-photos.leclercdrive.fr/image.ashx?id=2579029&use=l&cat=p&typeid=i","cat":325350},{"id":213420,"n":"Tablettes lave-vaisselle Sun Nettoyant machine - 2x60g","p":10.79,"u":"89,92 €/KG","img":"https://fd5-photos.leclercdrive.fr/image.ashx?id=2580242&use=l&cat=p&typeid=i","cat":284656},{"id":213425,"n":"Brossettes Oral-B 3D White 2x4","p":48.1,"u":"6,01 €/P","img":"https://fd5-photos.leclercdrive.fr/image.ashx?id=2740319&use=l&cat=p&typeid=i","cat":297133},{"id":213432,"n":"Gel Corps et Cheveux Cadum Hypoallergenique - 750ml","p":4.55,"u":"6,07 €/L","img":"https://fd5-photos.leclercdrive.fr/image.ashx?id=2581798&use=l&cat=p&typeid=i","cat":284594},{"id":213443,"n":"Après-Shampoing Franck Provost Expert nutrition - 450ml","p":4.06,"u":"9,02 €/L","img":"https://fd5-photos.leclercdrive.fr/image.ashx?id=2581807&use=l&cat=p&typeid=i","cat":284607},{"id":213454,"n":"Petits pois Eco+ 1kg","p":1.52,"u":"1,52 €/KG","img":"https://fd5-photos.leclercdrive.fr/image.ashx?id=2728225&use=l&cat=p&typeid=i","cat":319805},{"id":213456,"n":"Quart de jambon sec Eco+ 14 tranches - 200g","p":2.33,"u":"11,65 €/KG","img":"https://fd5-photos.leclercdrive.fr/image.ashx?id=2579219&use=l&cat=p&typeid=i","cat":316007},{"id":213457,"n":"Cônes Eco+ Vanille fraise x8 - 512g","p":2.07,"u":"4,04 €/KG","img":"https://fd5-photos.leclercdrive.fr/image.ashx?id=2615576&use=l&cat=p&typeid=i","cat":284264},{"id":213461,"n":"Fromage à Tartiner Tartare  Herbes de Provence - 250g","p":2.79,"u":"11,16 €/KG","img":"https://fd5-photos.leclercdrive.fr/image.ashx?id=2883955&use=l&cat=p&typeid=i","cat":314029},{"id":213464,"n":"Panés Spécial Burger Père Dodu  Chapelure Corn Flakes - x2 - 18","p":2.17,"u":"12,06 €/KG","img":"https://fd5-photos.leclercdrive.fr/image.ashx?id=2957221&use=l&cat=p&typeid=i","cat":333684},{"id":213511,"n":"IGP Pays d'Oc rose Bleu de Mer - 1.5L","p":13.5,"u":"9,00 €/L","img":"https://fd5-photos.leclercdrive.fr/image.ashx?id=2645645&use=l&cat=p&typeid=i","cat":289558},{"id":213537,"n":"Glace Viennetta Façon Cappuccino - 320g","p":2.67,"u":"8,34 €/KG","img":"https://fd5-photos.leclercdrive.fr/image.ashx?id=2580239&use=l&cat=p&typeid=i","cat":284266},{"id":213570,"n":"Gel douche Le Petit Marseillais Bois de cade & fougère  - 250ml","p":1.93,"u":"7,72 €/MT","img":"https://fd5-photos.leclercdrive.fr/image.ashx?id=2684545&use=l&cat=p&typeid=i","cat":284619},{"id":213581,"n":"Gel douche Cadum Crème d'amande - 450ml","p":2.87,"u":"6,38 €/L","img":"https://fd5-photos.leclercdrive.fr/image.ashx?id=2582273&use=l&cat=p&typeid=i","cat":284594},{"id":213605,"n":"Crème de douche Cadum Fleur de coton - 450ml","p":2.78,"u":"6,18 €/L","img":"https://fd5-photos.leclercdrive.fr/image.ashx?id=2582285&use=l&cat=p&typeid=i","cat":284594},{"id":213687,"n":"Shampoing karité Franck Provost Cheveux Secs, très secs - 500ml","p":4.06,"u":"8,12 €/L","img":"https://fd5-photos.leclercdrive.fr/image.ashx?id=2581804&use=l&cat=p&typeid=i","cat":284606},{"id":213688,"n":"Shampoing Karité Franck Provost Cheveux Très Secs épais - 500ml","p":4.06,"u":"8,12 €/L","img":"https://fd5-photos.leclercdrive.fr/image.ashx?id=2582312&use=l&cat=p&typeid=i","cat":284606},{"id":213690,"n":"Shampoing Franck Provost Cheveux abîmés cassants - 500ml","p":4.06,"u":"8,12 €/L","img":"https://fd5-photos.leclercdrive.fr/image.ashx?id=2582315&use=l&cat=p&typeid=i","cat":284606},{"id":213692,"n":"Shampooing Franck Provost Cheveux colorés - 500ml","p":4.06,"u":"8,12 €/L","img":"https://fd5-photos.leclercdrive.fr/image.ashx?id=2582321&use=l&cat=p&typeid=i","cat":284606},{"id":213703,"n":"Gel Corps et Cheveux Cadum Sans Sulfate - 400ml","p":2.8,"u":"7,00 €/L","img":"https://fd5-photos.leclercdrive.fr/image.ashx?id=2582270&use=l&cat=p&typeid=i","cat":284594},{"id":213724,"n":"Bouchée pour chien Eco+ Boeuf, pâtes, carottes - 1.2kg","p":1.93,"u":"1,61 €/KG","img":"https://fd5-photos.leclercdrive.fr/image.ashx?id=2815728&use=l&cat=p&typeid=i","cat":288578},{"id":213751,"n":"Bière blonde Pélican 50cl","p":1.97,"u":"3,94 €/L","img":"https://fd5-photos.leclercdrive.fr/image.ashx?id=2805876&use=l&cat=p&typeid=i","cat":334853},{"id":213818,"n":"Croquettes chats Perfect Fit Stérilisés, dinde - 1.4kg","p":6.9,"u":"4,93 €/KG","img":"https://fd5-photos.leclercdrive.fr/image.ashx?id=2619166&use=l&cat=p&typeid=i","cat":284680},{"id":213821,"n":"Brosse à dents Signal Soins gencives Extra souple x4","p":3.53,"u":"0,88 €/P","img":"https://fd5-photos.leclercdrive.fr/image.ashx?id=2805690&use=l&cat=p&typeid=i","cat":284614},{"id":213828,"n":"Paic Expert anti-calcaire 500 ml","p":2.13,"u":"4,26 €/L","img":"https://fd5-photos.leclercdrive.fr/image.ashx?id=2583485&use=l&cat=p&typeid=i","cat":284655},{"id":213830,"n":"Adoucissant Soupline concentré  3D Grand air - 1,35L","p":5.47,"u":"4,05 €/L","img":"https://fd5-photos.leclercdrive.fr/image.ashx?id=2924950&use=l&cat=p&typeid=i","cat":284650},{"id":213831,"n":"Spray Savon marseille La Croix 500ml","p":2.2,"u":"4,40 €/L","img":"https://fd5-photos.leclercdrive.fr/image.ashx?id=2583530&use=l&cat=p&typeid=i","cat":325357},{"id":213833,"n":"Colgate Chloro intense  75ml","p":1.16,"u":"15,47 €/L","img":"https://fd5-photos.leclercdrive.fr/image.ashx?id=2964231&use=l&cat=p&typeid=i","cat":284612},{"id":213834,"n":"Brosse à dents Colgate Extra-clean souple - x4","p":1.99,"u":"0,50 €/P","img":"https://fd5-photos.leclercdrive.fr/image.ashx?id=3011950&use=l&cat=p&typeid=i","cat":284614},{"id":213836,"n":"Dentifrice Colgate Ultra Brite  Haleine Fraîche - 75ml","p":1.21,"u":"16,13 €/L","img":"https://fd5-photos.leclercdrive.fr/image.ashx?id=2802845&use=l&cat=p&typeid=i","cat":284612},{"id":213865,"n":"Mélange Pizza Ducros 12g","p":2.28,"u":"190,00 €/KG","img":"https://fd5-photos.leclercdrive.fr/image.ashx?id=2583344&use=l&cat=p&typeid=i","cat":298297},{"id":213868,"n":"Mélange pour salade Ducros 17g","p":4.97,"u":"292,35 €/KG","img":"https://fd5-photos.leclercdrive.fr/image.ashx?id=2583341&use=l&cat=p&typeid=i","cat":298297},{"id":213881,"n":"Soupe pot au feu Maggi  Aux vermicelles - 57g","p":0.48,"u":"8,42 €/KG","img":"https://fd5-photos.leclercdrive.fr/image.ashx?id=2614362&use=l&cat=p&typeid=i","cat":284463},{"id":213910,"n":"Taboulé Oriental  Garbit - 525g","p":2.22,"u":"4,23 €/KG","img":"https://fd5-photos.leclercdrive.fr/image.ashx?id=2901899&use=l&cat=p&typeid=i","cat":284429},{"id":213930,"n":"Fromage enfant La Vache qui rit Original 24P à tartiner - 384g","p":3.81,"u":"9,92 €/KG","img":"https://fd5-photos.leclercdrive.fr/image.ashx?id=2945451&use=l&cat=p&typeid=i","cat":314030},{"id":213935,"n":"Jambon végétal fumé La Vie 120g","p":3.03,"u":"25,25 €/KG","img":"https://fd5-photos.leclercdrive.fr/image.ashx?id=2878216&use=l&cat=p&typeid=i","cat":316036},{"id":213958,"n":"Crème Corps Hydratante Mixa Peau très Sèche, terne - 400ml","p":4.85,"u":"12,13 €/L","img":"https://fd5-photos.leclercdrive.fr/image.ashx?id=2595767&use=l&cat=p&typeid=i","cat":325350},{"id":213959,"n":"Nettoyant ménager Pliz Fée du logis - 250ml","p":1.96,"u":"7,84 €/L","img":"https://fd5-photos.leclercdrive.fr/image.ashx?id=2585540&use=l&cat=p&typeid=i","cat":325364},{"id":213968,"n":"Eau minérale naturelle Vittel 6L","p":2.58,"u":"0,43 €/L","img":"https://fd5-photos.leclercdrive.fr/image.ashx?id=2585843&use=l&cat=p&typeid=i","cat":284535},{"id":213972,"n":"Bière brune Malheur 12% - 75cl","p":4.89,"u":"6,52 €/L","img":"https://fd5-photos.leclercdrive.fr/image.ashx?id=2903731&use=l&cat=p&typeid=i","cat":334872},{"id":213974,"n":"Bière La Raoul 33cl","p":1.49,"u":"4,52 €/L","img":"https://fd5-photos.leclercdrive.fr/image.ashx?id=2586165&use=l&cat=p&typeid=i","cat":334872},{"id":214087,"n":"Soda Coca-Cola Original Bouteille - 1,75L","p":2.39,"u":"1,37 €/L","img":"https://fd5-photos.leclercdrive.fr/image.ashx?id=2971745&use=l&cat=p&typeid=i","cat":284530},{"id":214103,"n":"Toasts Aromates spécial saumon Tranches épaisses Harrys 250G","p":1.75,"u":"7,00 €/KG","img":"https://fd5-photos.leclercdrive.fr/image.ashx?id=2587578&use=l&cat=p&typeid=i","cat":285454},{"id":214147,"n":"Twister Junior Dès 3 ans","p":14.9,"img":"https://fd5-photos.leclercdrive.fr/image.ashx?id=2587794&use=l&cat=p&typeid=i","cat":334378},{"id":214290,"n":"Batonnets Tous mes amis x30","p":3.5,"u":"0,12 €/P","img":"https://fd5-photos.leclercdrive.fr/image.ashx?id=2600297&use=l&cat=p&typeid=i","cat":294527},{"id":214291,"n":"Os pressé Tous mes amis 14cm - x2","p":3.19,"img":"https://fd5-photos.leclercdrive.fr/image.ashx?id=2600300&use=l&cat=p&typeid=i","cat":294527},{"id":214301,"n":"Ampoule LED Osram 5.5W E14 - x3","p":7.9,"u":"Dont 0,36 € d'éco-part.","img":"https://fd5-photos.leclercdrive.fr/image.ashx?id=2656868&use=l&cat=p&typeid=i","cat":300573},{"id":214326,"n":"Déodorant spray Dovd Grenade anti-transpirant 200ml","p":2.99,"u":"14,95 €/L","img":"https://fd5-photos.leclercdrive.fr/image.ashx?id=2987035&use=l&cat=p&typeid=i","cat":284595},{"id":214327,"n":"Déodorant Spray Dove Anti- Transpirant Beauty Finish 100ml","p":3.46,"u":"34,60 €/L","img":"https://fd5-photos.leclercdrive.fr/image.ashx?id=2987038&use=l&cat=p&typeid=i","cat":284595},{"id":214328,"n":"Déodorant Spray compressé Dove Anti-Transpirant Original 200ml","p":2.28,"u":"11,40 €/L","img":"https://fd5-photos.leclercdrive.fr/image.ashx?id=2877250&use=l&cat=p&typeid=i","cat":284595},{"id":214332,"n":"Chili Cheese Nuggets Pickers By McCain - 230g","p":3.61,"u":"15,70 €/KG","img":"https://fd5-photos.leclercdrive.fr/image.ashx?id=2958678&use=l&cat=p&typeid=i","cat":319822},{"id":214378,"n":"Fusilli Tomate Mozzarella Di Canossa - 70g","p":1.61,"u":"23,00 €/KG","img":"https://fd5-photos.leclercdrive.fr/image.ashx?id=2589825&use=l&cat=p&typeid=i","cat":284953},{"id":214393,"n":"Gel douche Le Petit Marseillais Homme - Pin & eucalyptus 250ml","p":1.87,"u":"7,48 €/L","img":"https://fd5-photos.leclercdrive.fr/image.ashx?id=2684551&use=l&cat=p&typeid=i","cat":284619},{"id":214394,"n":"Crème de douche Le Petit Marseillais Fleur coton 400ml","p":2.85,"u":"7,13 €/L","img":"https://fd5-photos.leclercdrive.fr/image.ashx?id=2947045&use=l&cat=p&typeid=i","cat":284594},{"id":214397,"n":"Brossettes Oral-B iO Ultimate Clean - x2","p":22.07,"u":"11,04 €/P","img":"https://fd5-photos.leclercdrive.fr/image.ashx?id=2589819&use=l&cat=p&typeid=i","cat":297133},{"id":214403,"n":"Lessive liquide Bonux L'original 50 Lavages - 2.25L","p":9.84,"u":"4,37 €/L","img":"https://fd5-photos.leclercdrive.fr/image.ashx?id=2881993&use=l&cat=p&typeid=i","cat":284640},{"id":214412,"n":"Vin Blanc Mousseux Brut  Café de Paris - 75cl","p":4.49,"u":"5,99 €/L","img":"https://fd5-photos.leclercdrive.fr/image.ashx?id=2848692&use=l&cat=p&typeid=i","cat":284544},{"id":214413,"n":"Vin Blanc Mousseux Demi-sec Café de Paris - 75cl","p":4.49,"u":"5,99 €/L","img":"https://fd5-photos.leclercdrive.fr/image.ashx?id=2848695&use=l&cat=p&typeid=i","cat":284544},{"id":214414,"n":"Vin Rosé Mousseux Demi-sec Café de Paris - 75cl","p":4.49,"u":"5,99 €/L","img":"https://fd5-photos.leclercdrive.fr/image.ashx?id=2914477&use=l&cat=p&typeid=i","cat":284544},{"id":214419,"n":"Lames Gillette Mach3 - Classique - x6","p":17.95,"u":"2,99 €/P","img":"https://fd5-photos.leclercdrive.fr/image.ashx?id=2859908&use=l&cat=p&typeid=i","cat":284616},{"id":214470,"n":"AOP Bordeaux Rouge Mouton Cadet - 75cl","p":13.1,"u":"17,47 €/L","img":"https://fd5-photos.leclercdrive.fr/image.ashx?id=2759960&use=l&cat=p&typeid=i","cat":289556},{"id":214498,"n":"Tablette de chocolat noir  L'original Côte d'Or 100g","p":1.43,"u":"14,30 €/KG","img":"https://fd5-photos.leclercdrive.fr/image.ashx?id=2961221&use=l&cat=p&typeid=i","cat":284956},{"id":214507,"n":"Liégeois au chocolat Andros Au lait d'amande x6 - 540g","p":2.28,"u":"4,22 €/KG","img":"https://fd5-photos.leclercdrive.fr/image.ashx?id=2590815&use=l&cat=p&typeid=i","cat":316071},{"id":214513,"n":"Après-shampooing Nuxe Hair prodigieux - 200ml","p":22.99,"u":"114,95 €/L","img":"https://fd5-photos.leclercdrive.fr/image.ashx?id=2651561&use=l&cat=p&typeid=i","cat":290398},{"id":214518,"n":"Pâte à pizza Herta Épaisse et rectangulaire - 540g","p":3.6,"u":"6,67 €/KG","img":"https://fd5-photos.leclercdrive.fr/image.ashx?id=2731405&use=l&cat=p&typeid=i","cat":333681},{"id":214519,"n":"Shampooing Nuxe Hair Prodigieux 200ml","p":15.99,"u":"79,95 €/L","img":"https://fd5-photos.leclercdrive.fr/image.ashx?id=2651567&use=l&cat=p&typeid=i","cat":290400},{"id":214558,"n":"Café en grains Bio Méo Espresso - 1kg","p":21.33,"u":"21,33 €/KG","img":"https://fd5-photos.leclercdrive.fr/image.ashx?id=2593980&use=l&cat=p&typeid=i","cat":293237},{"id":214726,"n":"Biscuits bébé Kiddylicious  Saveur Fromage dès 9mois 4x12g","p":2.91,"u":"60,63 €/KG","img":"https://fd5-photos.leclercdrive.fr/image.ashx?id=2929143&use=l&cat=p&typeid=i","cat":312394},{"id":214758,"n":"Haché végétal Happyvore 200g","p":3.5,"u":"17,50 €/KG","img":"https://fd5-photos.leclercdrive.fr/image.ashx?id=2768246&use=l&cat=p&typeid=i","cat":316036},{"id":214762,"n":"Nouilles Banzai Noodle poulet  cup - 67g","p":1.2,"u":"17,91 €/KG","img":"https://fd5-photos.leclercdrive.fr/image.ashx?id=2730004&use=l&cat=p&typeid=i","cat":288992},{"id":214800,"n":"Croquettes petit chien   Pedigree au bœuf - 2kg","p":6.87,"u":"3,44 €/KG","img":"https://fd5-photos.leclercdrive.fr/image.ashx?id=2876995&use=l&cat=p&typeid=i","cat":294526},{"id":214808,"n":"Capsule Nescafé Dolce Gusto Neo  Espresso - x12","p":2.98,"u":"45,15 €/KG","img":"https://fd5-photos.leclercdrive.fr/image.ashx?id=2774709&use=l&cat=p&typeid=i","cat":293241},{"id":214809,"n":"Capsule Nescafé Dolce Gusto Neo  Lungo - x12","p":3.61,"u":"52,32 €/KG","img":"https://fd5-photos.leclercdrive.fr/image.ashx?id=2775041&use=l&cat=p&typeid=i","cat":293241},{"id":214810,"n":"Capsule Nescafé Dolce Gusto Neo  Grande - x12","p":4.36,"u":"51,90 €/KG","img":"https://fd5-photos.leclercdrive.fr/image.ashx?id=2947225&use=l&cat=p&typeid=i","cat":293241},{"id":214811,"n":"Capsule Nescafé Dolce Gusto Neo  Hot Chocolate - x12","p":4.35,"u":"20,14 €/KG","img":"https://fd5-photos.leclercdrive.fr/image.ashx?id=2927702&use=l&cat=p&typeid=i","cat":293241},{"id":214812,"n":"Capsule Nescafé Dolce Gusto Neo  Cappuccino - x6 - 122g","p":3.61,"u":"29,59 €/KG","img":"https://fd5-photos.leclercdrive.fr/image.ashx?id=2947228&use=l&cat=p&typeid=i","cat":293241},{"id":214813,"n":"Capsule Nescafé Dolce Gusto Neo Starbucks Caramel Macchiato x12","p":5.03,"u":"41,92 €/KG","img":"https://fd5-photos.leclercdrive.fr/image.ashx?id=2595824&use=l&cat=p&typeid=i","cat":293241},{"id":214814,"n":"Ail en semoule Ducro 335g","p":8.3,"u":"24,78 €/KG","img":"https://fd5-photos.leclercdrive.fr/image.ashx?id=2595665&use=l&cat=p&typeid=i","cat":298297},{"id":214848,"n":"Champignons blancs de Paris  Eco+ - 200g","p":0.95,"u":"4,75 €/KG","img":"https://fd5-photos.leclercdrive.fr/image.ashx?id=2742685&use=l&cat=p&typeid=i","cat":284352},{"id":214876,"n":"Foie gras de canard entier  Secret d'Éleveurs - 180g","p":24.27,"u":"134,83 €/KG","img":"https://fd5-photos.leclercdrive.fr/image.ashx?id=2594929&use=l&cat=p&typeid=i","cat":316008},{"id":214995,"n":"Sel fin La Baleine -30% sodium Essentiel - 125g","p":1.26,"u":"10,08 €/KG","img":"https://fd5-photos.leclercdrive.fr/image.ashx?id=2628701&use=l&cat=p&typeid=i","cat":284457},{"id":215007,"n":"Thé glacé Lipton Ice Tea Pêche sans sucres - 4x1.25L","p":5.85,"u":"1,17 €/L","img":"https://fd5-photos.leclercdrive.fr/image.ashx?id=2596161&use=l&cat=p&typeid=i","cat":295019},{"id":215015,"n":"Crabe des neiges Chatka Alaska et Antarctique - 180g","p":11.98,"u":"66,56 €/KG","img":"https://fd5-photos.leclercdrive.fr/image.ashx?id=2938833&use=l&cat=p&typeid=i","cat":305147},{"id":215016,"n":"Croutons nature Tipiak 220g","p":3.06,"u":"13,91 €/KG","img":"https://fd5-photos.leclercdrive.fr/image.ashx?id=2842061&use=l&cat=p&typeid=i","cat":284464},{"id":215017,"n":"Croutons ail Tipiak 220g","p":3.03,"u":"13,77 €/KG","img":"https://fd5-photos.leclercdrive.fr/image.ashx?id=2688872&use=l&cat=p&typeid=i","cat":284464},{"id":215041,"n":"Lasagnes à la Bolognaise  Fleury Michon - 300g","p":3.7,"u":"12,33 €/KG","img":"https://fd5-photos.leclercdrive.fr/image.ashx?id=3003242&use=l&cat=p&typeid=i","cat":333665},{"id":215122,"n":"Pâtes Alpina Perle - 500g","p":1.25,"u":"2,50 €/KG","img":"https://fd5-photos.leclercdrive.fr/image.ashx?id=2789859&use=l&cat=p&typeid=i","cat":284427},{"id":215125,"n":"Caramel Fudges Vahiné 70g","p":3.47,"u":"49,57 €/KG","img":"https://fd5-photos.leclercdrive.fr/image.ashx?id=2596868&use=l&cat=p&typeid=i","cat":284504},{"id":215126,"n":"Chocolat au lait chunks Vahiné 100g","p":2.69,"u":"26,90 €/KG","img":"https://fd5-photos.leclercdrive.fr/image.ashx?id=2596865&use=l&cat=p&typeid=i","cat":284504},{"id":215207,"n":"Dentifrice Oral-B 3D White Advanced Luxe perfection - 75ml","p":4.26,"u":"56,80 €/L","img":"https://fd5-photos.leclercdrive.fr/image.ashx?id=2737543&use=l&cat=p&typeid=i","cat":284612},{"id":215209,"n":"Spray nettoyant La Croix Bicarbonate de soude - 500ml","p":2.2,"u":"4,40 €/L","img":"https://fd5-photos.leclercdrive.fr/image.ashx?id=2597609&use=l&cat=p&typeid=i","cat":325357},{"id":215213,"n":"Sérum visage repulpant Garnier Acide Hyaluronique & Aloe Vera","p":7.31,"u":"243,67 €/L","img":"https://fd5-photos.leclercdrive.fr/image.ashx?id=2979911&use=l&cat=p&typeid=i","cat":325345},{"id":215214,"n":"Brossettes Oral-B Pro Sensitive clean - x2","p":13.23,"u":"6,62 €/PRT","img":"https://fd5-photos.leclercdrive.fr/image.ashx?id=2909254&use=l&cat=p&typeid=i","cat":297133},{"id":215215,"n":"Rasoir électrique Wilkinson Intuition Bikini - x1","p":14.89,"u":"Dont 0,10 € d'éco-part.","img":"https://fd5-photos.leclercdrive.fr/image.ashx?id=2597531&use=l&cat=p&typeid=i","cat":325352},{"id":215216,"n":"Lames rasoir Wilkinson Intuition - 2 en 1 - 3 lames","p":9.79,"u":"3,26 €/P","img":"https://fd5-photos.leclercdrive.fr/image.ashx?id=2849427&use=l&cat=p&typeid=i","cat":325352},{"id":215222,"n":"Brossettes Oral-B Pro  Cross Action - 2x4","p":43.8,"u":"5,48 €/P","img":"https://fd5-photos.leclercdrive.fr/image.ashx?id=2597573&use=l&cat=p&typeid=i","cat":297133},{"id":215228,"n":"Melange garam masala Ducros 40g","p":3.28,"u":"82,00 €/KG","img":"https://fd5-photos.leclercdrive.fr/image.ashx?id=2597384&use=l&cat=p&typeid=i","cat":298297},{"id":215231,"n":"Petites gambas Fleury Ichon À la persillade - 280g","p":4.75,"u":"16,96 €/KG","img":"https://fd5-photos.leclercdrive.fr/image.ashx?id=2889499&use=l&cat=p&typeid=i","cat":333665},{"id":215234,"n":"Petits pots bébé P'TITE RECETTE Bio Spaghetti bolo 8M+ - 2x190g","p":2.9,"u":"7,63 €/KG","img":"https://fd5-photos.leclercdrive.fr/image.ashx?id=2597558&use=l&cat=p&typeid=i","cat":312236},{"id":215238,"n":"Menu complet Lapin 3KG","p":6.6,"u":"2,20 €/KG","img":"https://fd5-photos.leclercdrive.fr/image.ashx?id=2646815&use=l&cat=p&typeid=i","cat":284677},{"id":215278,"n":"Bonbons Copains Copines Bouée bi-goût acide - 250 g","p":1.59,"u":"6,36 €/KG","img":"https://fd5-photos.leclercdrive.fr/image.ashx?id=2934763&use=l&cat=p&typeid=i","cat":304250},{"id":215283,"n":"Bonbons DinoAcid' Copains Copines - 200g","p":1.19,"u":"5,95 €/KG","img":"https://fd5-photos.leclercdrive.fr/image.ashx?id=2597345&use=l&cat=p&typeid=i","cat":304250},{"id":215311,"n":"P'tit biscuit Nestlé 180g","p":2.02,"u":"11,22 €/KG","img":"https://fd5-photos.leclercdrive.fr/image.ashx?id=2737225&use=l&cat=p&typeid=i","cat":312227},{"id":215378,"n":"Sérum Visage Post-Acné Nivea Anti-taches Luminous - 30ml","p":17.46,"u":"582,00 €/L","img":"https://fd5-photos.leclercdrive.fr/image.ashx?id=2836124&use=l&cat=p&typeid=i","cat":325345},{"id":215379,"n":"Sérum Visage Anti-âge Nivea Anti-taches Luminous - 30ml","p":19.01,"u":"633,67 €/L","img":"https://fd5-photos.leclercdrive.fr/image.ashx?id=2985492&use=l&cat=p&typeid=i","cat":325345},{"id":215381,"n":"Sérum visage Nivea Cellular Liftant - 3 zones - 30ml","p":15.78,"u":"526,00 €/L","img":"https://fd5-photos.leclercdrive.fr/image.ashx?id=3014614&use=l&cat=p&typeid=i","cat":325345},{"id":215716,"n":"Père Noël blanc Milka 90g","p":3.03,"u":"33,67 €/KG","img":"https://fd5-photos.leclercdrive.fr/image.ashx?id=2599946&use=l&cat=p&typeid=i","cat":327592},{"id":215737,"n":"Smarties chocolat Mini Figurines - 147g","p":5.45,"u":"37,07 €/KG","img":"https://fd5-photos.leclercdrive.fr/image.ashx?id=3000450&use=l&cat=p&typeid=i","cat":327592},{"id":215917,"n":"Liquide de Rinçage Finish  800ml","p":4.95,"u":"6,19 €/L","img":"https://fd5-photos.leclercdrive.fr/image.ashx?id=2864678&use=l&cat=p&typeid=i","cat":284657},{"id":215948,"n":"Savon mains recharge  Sans parfum - 280ml","p":3.57,"u":"12,75 €/L","img":"https://fd5-photos.leclercdrive.fr/image.ashx?id=2769708&use=l&cat=p&typeid=i","cat":284597},{"id":215984,"n":"Rhum Trois Rivières  Cellar réserve - 40° - 70cl","p":31.9,"u":"45,57 €/L","img":"https://fd5-photos.leclercdrive.fr/image.ashx?id=2759981&use=l&cat=p&typeid=i","cat":284550},{"id":216007,"n":"Petits pots bébé P'TIT SOUPER Quinotto carottes 8M+ - 2x200g","p":2.14,"u":"5,35 €/KG","img":"https://fd5-photos.leclercdrive.fr/image.ashx?id=2737762&use=l&cat=p&typeid=i","cat":312239},{"id":216018,"n":"Desserts Lactés P'TIT BRASSE BIO Vanille  6M+ - 4X90g","p":2.11,"u":"5,86 €/KG","img":"https://fd5-photos.leclercdrive.fr/image.ashx?id=2601208&use=l&cat=p&typeid=i","cat":312392},{"id":216021,"n":"Desserts Lactés P'TIT ONCTUEUX  Mini Fraise 6M+ - 6x50g","p":2.21,"u":"7,37 €/KG","img":"https://fd5-photos.leclercdrive.fr/image.ashx?id=2601881&use=l&cat=p&typeid=i","cat":312392},{"id":216120,"n":"Yaourt Fruits Panier de Yoplait Fraise Framboise Cerise -8x125g","p":2.71,"u":"2,71 €/KG","img":"https://fd5-photos.leclercdrive.fr/image.ashx?id=2811968&use=l&cat=p&typeid=i","cat":284410},{"id":216123,"n":"Yaourt Fruits Panier de Yoplait Panaché - 16x125g","p":4.56,"u":"2,28 €/KG","img":"https://fd5-photos.leclercdrive.fr/image.ashx?id=2884489&use=l&cat=p&typeid=i","cat":284410},{"id":216126,"n":"Yaourt Panier de Yoplait Fruits Rouges 0%Mg - 8x125g","p":2.73,"u":"2,73 €/KG","img":"https://fd5-photos.leclercdrive.fr/image.ashx?id=2830399&use=l&cat=p&typeid=i","cat":284410},{"id":216128,"n":"Yaourt Fruits Panier de Yoplait Panaché 0%Mg - 16x125g","p":4.5,"u":"2,25 €/KG","img":"https://fd5-photos.leclercdrive.fr/image.ashx?id=2884495&use=l&cat=p&typeid=i","cat":284410},{"id":216278,"n":"Piège mouches sticker fenêtres Pyrel - x6","p":3.97,"u":"0,66 €/P","img":"https://fd5-photos.leclercdrive.fr/image.ashx?id=2604834&use=l&cat=p&typeid=i","cat":298368},{"id":216303,"n":"Riz Méditerranée Ben's original  Express 2mn - 220g","p":1.24,"u":"4,96 €/KG","img":"https://fd5-photos.leclercdrive.fr/image.ashx?id=2995301&use=l&cat=p&typeid=i","cat":287600},{"id":216325,"n":"Gel douche Adidas Active Skin & Mind - Energy Kick - 250ml","p":2.43,"u":"9,72 €/L","img":"https://fd5-photos.leclercdrive.fr/image.ashx?id=2990784&use=l&cat=p&typeid=i","cat":284619},{"id":216350,"n":"Émincés de porc au curry L'Atelier Boucherie - 300g","p":4.59,"u":"15,30 €/KG","img":"https://fd5-photos.leclercdrive.fr/image.ashx?id=2854279&use=l&cat=p&typeid=i","cat":284331},{"id":216353,"n":"Émincés de porc caramel L'Atelier Boucherie - 300g","p":4.59,"u":"15,30 €/KG","img":"https://fd5-photos.leclercdrive.fr/image.ashx?id=2854297&use=l&cat=p&typeid=i","cat":284331},{"id":216381,"n":"Émincés de boeuf Tex-Mex L'Atelier Boucherie - 200g","p":4.79,"u":"23,95 €/KG","img":"https://fd5-photos.leclercdrive.fr/image.ashx?id=2854282&use=l&cat=p&typeid=i","cat":284328},{"id":216395,"n":"Émincés de veau Tomates Herbes L'Atelier Boucherie - 200g","p":4.79,"u":"23,95 €/KG","img":"https://fd5-photos.leclercdrive.fr/image.ashx?id=2854285&use=l&cat=p&typeid=i","cat":284329},{"id":216463,"n":"Lingettes désinfectantes St  Marc Anti-Bactériennes - x80","p":2.08,"u":"0,03 €/P","img":"https://fd5-photos.leclercdrive.fr/image.ashx?id=2811341&use=l&cat=p&typeid=i","cat":325358},{"id":216464,"n":"Tablette de chocolat Poulain Blanc biscuit - 195g","p":3.4,"u":"17,89 €/KG","img":"https://fd5-photos.leclercdrive.fr/image.ashx?id=2607125&use=l&cat=p&typeid=i","cat":284957},{"id":216520,"n":"Skyr Siggi's  Noix de Coco - 2x140g","p":2.05,"u":"7,32 €/KG","img":"https://fd5-photos.leclercdrive.fr/image.ashx?id=2938623&use=l&cat=p&typeid=i","cat":315000},{"id":216597,"n":"Pâte à tartiner Andros be nuts Cacahuète crémeux - 325g","p":3.32,"u":"10,22 €/KG","img":"https://fd5-photos.leclercdrive.fr/image.ashx?id=2916201&use=l&cat=p&typeid=i","cat":284481},{"id":216638,"n":"Nectar multifruits Pressade Bio  - 1L","p":2.63,"u":"2,63 €/L","img":"https://fd5-photos.leclercdrive.fr/image.ashx?id=2692380&use=l&cat=p&typeid=i","cat":284917},{"id":216639,"n":"Nectar orange Pressade Bio  - 1L","p":2.88,"u":"2,88 €/L","img":"https://fd5-photos.leclercdrive.fr/image.ashx?id=2732545&use=l&cat=p&typeid=i","cat":284521},{"id":216999,"n":"Pétales céréales Grainea Nature - 750g","p":2.99,"u":"3,99 €/KG","img":"https://fd5-photos.leclercdrive.fr/image.ashx?id=2609438&use=l&cat=p&typeid=i","cat":309512},{"id":217041,"n":"Gin London Dry Brighton's 37.5% vol - 50cl","p":13.47,"u":"26,94 €/L","img":"https://fd5-photos.leclercdrive.fr/image.ashx?id=2869883&use=l&cat=p&typeid=i","cat":284550},{"id":217096,"n":"Boisson énergisante Crazy Tiger Tropical - 1L","p":1.99,"u":"1,99 €/L","img":"https://fd5-photos.leclercdrive.fr/image.ashx?id=2861078&use=l&cat=p&typeid=i","cat":284533},{"id":217097,"n":"Boisson énergisante Crazy Tiger Cerise - 1L","p":1.99,"u":"1,99 €/L","img":"https://fd5-photos.leclercdrive.fr/image.ashx?id=2859509&use=l&cat=p&typeid=i","cat":284533},{"id":217256,"n":"Champignons de Paris blancs Panier du Primeur - 400g","p":2.39,"u":"5,98 €/KG","img":"https://fd5-photos.leclercdrive.fr/image.ashx?id=2610765&use=l&cat=p&typeid=i","cat":284352},{"id":217377,"n":"Gel Anti-Mites Raid Senteur Lavande - 2 pièces","p":3.82,"u":"1,91 €/P","img":"https://fd5-photos.leclercdrive.fr/image.ashx?id=2612760&use=l&cat=p&typeid=i","cat":298368},{"id":217402,"n":"Baume B5 La Roche-Posay Cicaplast - 15ml","p":4.9,"u":"326,67 €/L","img":"https://fd5-photos.leclercdrive.fr/image.ashx?id=2613480&use=l&cat=p&typeid=i","cat":290421},{"id":217454,"n":"Gel vaginal Replens Hydratant - x8 - 2018","p":10.4,"u":"1,30 €/P","img":"https://fd5-photos.leclercdrive.fr/image.ashx?id=2612655&use=l&cat=p&typeid=i","cat":301348},{"id":217537,"n":"Raclette Gratte Givre Tech9 Orange - 1 pièce","p":2.55,"img":"https://fd5-photos.leclercdrive.fr/image.ashx?id=2613212&use=l&cat=p&typeid=i","cat":298252},{"id":217597,"n":"Boudins blancs morilles Bahier x3 - 375g","p":3.79,"u":"10,11 €/KG","img":"https://fd5-photos.leclercdrive.fr/image.ashx?id=2967019&use=l&cat=p&typeid=i","cat":316012},{"id":217598,"n":"Boudins blancs aux girolles Bahier x3 - 330g","p":3.79,"u":"11,48 €/KG","img":"https://fd5-photos.leclercdrive.fr/image.ashx?id=2967025&use=l&cat=p&typeid=i","cat":316012},{"id":217607,"n":"Les Authentiques Bistro Émile x40 - 477g","p":9.69,"pp":6.4,"u":"13,42 €/KG","img":"https://fd5-photos.leclercdrive.fr/image.ashx?id=2614059&use=l&cat=p&typeid=i","cat":319774},{"id":217611,"n":"Chataigne Bio Village Bio - 195g","p":3.71,"u":"19,03 €/KG","img":"https://fd5-photos.leclercdrive.fr/image.ashx?id=2613747&use=l&cat=p&typeid=i","cat":312612},{"id":217612,"n":"Café en grain Plantation Pur arabica - 1kg","p":13.06,"u":"13,06 €/KG","img":"https://fd5-photos.leclercdrive.fr/image.ashx?id=2824307&use=l&cat=p&typeid=i","cat":293237},{"id":217614,"n":"Chips  Bugles 3D Lay's Format familiale - 150g","p":1.31,"u":"8,73 €/KG","img":"https://fd5-photos.leclercdrive.fr/image.ashx?id=2917420&use=l&cat=p&typeid=i","cat":284449},{"id":217615,"n":"Fèves edamame d'aucy  2x130g","p":3.47,"u":"13,35 €/KG","img":"https://fd5-photos.leclercdrive.fr/image.ashx?id=2614927&use=l&cat=p&typeid=i","cat":312606},{"id":217706,"n":"Brossettes Oral-B Pro Sensitive","p":77.65,"img":"https://fd5-photos.leclercdrive.fr/image.ashx?id=2615191&use=l&cat=p&typeid=i","cat":297133},{"id":217719,"n":"Déodorant spray Dove  Advanced Care - 2x100ml","p":5.14,"u":"25,70 €/L","img":"https://fd5-photos.leclercdrive.fr/image.ashx?id=2903872&use=l&cat=p&typeid=i","cat":284595},{"id":217721,"n":"Déodorant spray Dove Invisible Dry - 2x100ml","p":5.14,"u":"25,70 €/L","img":"https://fd5-photos.leclercdrive.fr/image.ashx?id=2903875&use=l&cat=p&typeid=i","cat":284595},{"id":217900,"n":"Gourdes Fruitées NATURNES Pomme banane  6M+ - 7x90g","p":6.69,"u":"10,62 €/KG","img":"https://fd5-photos.leclercdrive.fr/image.ashx?id=2658102&use=l&cat=p&typeid=i","cat":312393},{"id":217902,"n":"Gourdes fruitées NATURNES Pomme Banane Fraise 6M+ - 7x90g","p":6.67,"u":"10,59 €/KG","img":"https://fd5-photos.leclercdrive.fr/image.ashx?id=2658099&use=l&cat=p&typeid=i","cat":312393},{"id":217959,"n":"Dentifrice Oral-B  3D White luxe - 75ml","p":4.67,"u":"62,27 €/L","img":"https://fd5-photos.leclercdrive.fr/image.ashx?id=2737540&use=l&cat=p&typeid=i","cat":284612},{"id":217987,"n":"Dentifrice Signal Integral 8 Prébiotique complet - 100ml","p":2.41,"u":"24,10 €/L","img":"https://fd5-photos.leclercdrive.fr/image.ashx?id=2738668&use=l&cat=p&typeid=i","cat":284612},{"id":217989,"n":"Dentifrice Integral 8 Signal HaleineFraîche Prébiotique 75ml","p":2.43,"u":"32,40 €/L","img":"https://fd5-photos.leclercdrive.fr/image.ashx?id=2985660&use=l&cat=p&typeid=i","cat":284612},{"id":217991,"n":"Dentifrice Signal Integral 8 Nettoyage intense - 75ml","p":2.43,"u":"32,40 €/L","img":"https://fd5-photos.leclercdrive.fr/image.ashx?id=2818190&use=l&cat=p&typeid=i","cat":284612},{"id":217995,"n":"Dentifrice Signal Integral 8 Resist +Prébiotique - 75ml","p":2.87,"u":"38,27 €/L","img":"https://fd5-photos.leclercdrive.fr/image.ashx?id=2818199&use=l&cat=p&typeid=i","cat":284612},{"id":218000,"n":"Dentifrice Signal Système Blancheur 1 semaine - 75ml","p":1.76,"u":"23,47 €/L","img":"https://fd5-photos.leclercdrive.fr/image.ashx?id=2777516&use=l&cat=p&typeid=i","cat":284612},{"id":218001,"n":"Dentifrice Signal Système Blancheur - Charbon - 75ml","p":2.25,"u":"30,00 €/L","img":"https://fd5-photos.leclercdrive.fr/image.ashx?id=2981421&use=l&cat=p&typeid=i","cat":284612},{"id":218002,"n":"Dentifrice Signal Système Blancheur Eclat brillance 75ml","p":2.53,"u":"33,73 €/L","img":"https://fd5-photos.leclercdrive.fr/image.ashx?id=2981424&use=l&cat=p&typeid=i","cat":284612},{"id":218003,"n":"Brosse à dents Signal Integral  8 - Noir - Souple - x1","p":1.79,"img":"https://fd5-photos.leclercdrive.fr/image.ashx?id=2748707&use=l&cat=p&typeid=i","cat":284614},{"id":218027,"n":"Assortiment Mini Barre Kit Kat Chocolat au lait - 240g","p":4.67,"u":"19,46 €/KG","img":"https://fd5-photos.leclercdrive.fr/image.ashx?id=2792873&use=l&cat=p&typeid=i","cat":284498},{"id":218051,"n":"Soupe japonaise Maggi 50g","p":1.06,"u":"21,20 €/KG","img":"https://fd5-photos.leclercdrive.fr/image.ashx?id=2737768&use=l&cat=p&typeid=i","cat":288992},{"id":218178,"n":"Nuggets de dinde Côté Croc 1kg","p":5.99,"img":"https://fd5-photos.leclercdrive.fr/image.ashx?id=2837072&use=l&cat=p&typeid=i","cat":333684},{"id":218201,"n":"Sardines Connetable Sauce tomate - 140g","p":1.6,"u":"11,43 €/KG","img":"https://fd5-photos.leclercdrive.fr/image.ashx?id=2962608&use=l&cat=p&typeid=i","cat":305146},{"id":218216,"n":"Bonbon surfizz Lutti cola - 200g","p":1.52,"u":"7,60 €/KG","img":"https://fd5-photos.leclercdrive.fr/image.ashx?id=2817446&use=l&cat=p&typeid=i","cat":304250},{"id":218251,"n":"Bonbons Dooo & Fizz Lutti 450g","p":5.03,"u":"11,18 €/KG","img":"https://fd5-photos.leclercdrive.fr/image.ashx?id=2964459&use=l&cat=p&typeid=i","cat":304250},{"id":218304,"n":"Cordon bleu de dinde Côté Croc 1kg","p":5.99,"u":"5,99 €/KG","img":"https://fd5-photos.leclercdrive.fr/image.ashx?id=2617319&use=l&cat=p&typeid=i","cat":333683},{"id":218311,"n":"Pain de mie Epi d'Or Cérales & Graines - 580g","p":2.54,"u":"4,38 €/KG","img":"https://fd5-photos.leclercdrive.fr/image.ashx?id=2728270&use=l&cat=p&typeid=i","cat":284477},{"id":218330,"n":"Mini croque-monsieur Côté Table Truffe x12 - 100g","p":4.99,"u":"49,90 €/KG","img":"https://fd5-photos.leclercdrive.fr/image.ashx?id=2617383&use=l&cat=p&typeid=i","cat":319774},{"id":218332,"n":"Pizza feu de bois Turini Montagnarde - 450g","p":3.24,"u":"7,20 €/KG","img":"https://fd5-photos.leclercdrive.fr/image.ashx?id=2816621&use=l&cat=p&typeid=i","cat":284256},{"id":218333,"n":"Yakitori poulet Ajinomoto Sauce Teriaki - 200g","p":4.5,"u":"22,50 €/KG","img":"https://fd5-photos.leclercdrive.fr/image.ashx?id=2692596&use=l&cat=p&typeid=i","cat":319774},{"id":218336,"n":"Bûche glacée Erhard Marron vanille - 420g","p":9.97,"pp":6.98,"u":"16,62 €/KG","img":"https://fd5-photos.leclercdrive.fr/image.ashx?id=2631135&use=l&cat=p&typeid=i","cat":284266},{"id":218396,"n":"Bougies magiques Vahiné 1p","p":1.85,"img":"https://fd5-photos.leclercdrive.fr/image.ashx?id=2833333&use=l&cat=p&typeid=i","cat":284504},{"id":218402,"n":"Badiane Ducros 25g","p":2.47,"u":"98,80 €/KG","img":"https://fd5-photos.leclercdrive.fr/image.ashx?id=2618891&use=l&cat=p&typeid=i","cat":298297},{"id":218407,"n":"Melange pour curry Ducros 20g","p":1.63,"u":"81,50 €/KG","img":"https://fd5-photos.leclercdrive.fr/image.ashx?id=2618888&use=l&cat=p&typeid=i","cat":298297},{"id":218492,"n":"Brisures de saumon fumé Eco+ 150g","p":3.06,"u":"20,40 €/KG","img":"https://fd5-photos.leclercdrive.fr/image.ashx?id=3005528&use=l&cat=p&typeid=i","cat":285188},{"id":218560,"n":"Tortillas Old El Paso de blé  nature familial x12 - 489g","p":3.35,"u":"0,28 €/P","img":"https://fd5-photos.leclercdrive.fr/image.ashx?id=2737669&use=l&cat=p&typeid=i","cat":288993},{"id":218563,"n":"Sauce Tomates Cuisinées Panzani - 650G","p":2.26,"u":"3,48 €/KG","img":"https://fd5-photos.leclercdrive.fr/image.ashx?id=2977936&use=l&cat=p&typeid=i","cat":287599},{"id":218584,"n":"Curry madras 45G - DUCROS","p":2.06,"u":"45,78 €/KG","img":"https://fd5-photos.leclercdrive.fr/image.ashx?id=2620131&use=l&cat=p&typeid=i","cat":298297},{"id":218586,"n":"Curry korma 42G- DUCROS","p":2.3,"u":"54,76 €/KG","img":"https://fd5-photos.leclercdrive.fr/image.ashx?id=2620134&use=l&cat=p&typeid=i","cat":298297},{"id":218587,"n":"Curry tandoori 37G - DUCROS","p":2.53,"u":"68,38 €/KG","img":"https://fd5-photos.leclercdrive.fr/image.ashx?id=2620137&use=l&cat=p&typeid=i","cat":298297},{"id":218599,"n":"Lait bébé 2A GUIGOZ OPTIPRO  6-12M - 2x600g","p":19.15,"u":"15,96 €/KG","img":"https://fd5-photos.leclercdrive.fr/image.ashx?id=2737756&use=l&cat=p&typeid=i","cat":284727},{"id":218819,"n":"Croquettes chat sénior Perfect  Fit 7+ au poulet - 1,4kg","p":6.53,"u":"4,66 €/KG","img":"https://fd5-photos.leclercdrive.fr/image.ashx?id=2624332&use=l&cat=p&typeid=i","cat":284680},{"id":218831,"n":"Saumon fumé Delpeyrat Écosse 12 tranches - 330g","p":12.43,"u":"37,67 €/KG","img":"https://fd5-photos.leclercdrive.fr/image.ashx?id=2755348&use=l&cat=p&typeid=i","cat":285188},{"id":218833,"n":"Saumon fumé Delpeyrat Norvège - 12 tranches - 360g","p":12.43,"u":"34,53 €/KG","img":"https://fd5-photos.leclercdrive.fr/image.ashx?id=2755345&use=l&cat=p&typeid=i","cat":285188},{"id":218838,"n":"Rillettes de thon MSC Cap Océan - 140g","p":1.88,"u":"13,43 €/KG","img":"https://fd5-photos.leclercdrive.fr/image.ashx?id=3008845&use=l&cat=p&typeid=i","cat":285191},{"id":218862,"n":"Knacki Original Herta x20 - 700g","p":3.41,"u":"4,87 €/KG","img":"https://fd5-photos.leclercdrive.fr/image.ashx?id=2688848&use=l&cat=p&typeid=i","cat":316012},{"id":219070,"n":"Poivre saveur & épices 40g","p":2.68,"u":"67,00 €/KG","img":"https://fd5-photos.leclercdrive.fr/image.ashx?id=2624592&use=l&cat=p&typeid=i","cat":284457},{"id":219142,"n":"Lessive liquide Chanteclair Musc Blanc - 1800ml","p":6.63,"u":"3,68 €/L","img":"https://fd5-photos.leclercdrive.fr/image.ashx?id=2997298&use=l&cat=p&typeid=i","cat":284640},{"id":219252,"n":"AOC Vin blanc Sauvignon Domaine du Grand Cerf - 75cl","p":3.8,"u":"5,07 €/L","img":"https://fd5-photos.leclercdrive.fr/image.ashx?id=2625529&use=l&cat=p&typeid=i","cat":289557},{"id":219283,"n":"Granola extra cookie Chocolat - 6x184g","p":10.5,"pp":7.35,"u":"6,66 €/KG","img":"https://fd5-photos.leclercdrive.fr/image.ashx?id=2629719&use=l&cat=p&typeid=i","cat":284488},{"id":219921,"n":"Saumon fumé Ronde des Mers Islande 4 tranches - 140g","p":4.99,"u":"35,64 €/KG","img":"https://fd5-photos.leclercdrive.fr/image.ashx?id=2833138&use=l&cat=p&typeid=i","cat":285188},{"id":220240,"n":"Sachet fraîcheur chiot Pedigree Mixte en gelée - 12x100g","p":6.43,"u":"5,36 €/KG","img":"https://fd5-photos.leclercdrive.fr/image.ashx?id=2876125&use=l&cat=p&typeid=i","cat":284673},{"id":220243,"n":"Croquettes chien  Pedigree au bœuf - 3kg","p":8.03,"u":"2,68 €/KG","img":"https://fd5-photos.leclercdrive.fr/image.ashx?id=2634328&use=l&cat=p&typeid=i","cat":284672},{"id":220245,"n":"Croquettes chien  Pedigree à la volaille - 7kg","p":19.27,"u":"2,75 €/KG","img":"https://fd5-photos.leclercdrive.fr/image.ashx?id=2813495&use=l&cat=p&typeid=i","cat":284672},{"id":220252,"n":"Croquettes chien  Pedigree à la volaille - 3kg","p":7.83,"u":"2,61 €/KG","img":"https://fd5-photos.leclercdrive.fr/image.ashx?id=2832320&use=l&cat=p&typeid=i","cat":284672},{"id":220254,"n":"Croquettes chien  Pedigree au bœuf - 7kg","p":19.29,"u":"2,76 €/KG","img":"https://fd5-photos.leclercdrive.fr/image.ashx?id=2981286&use=l&cat=p&typeid=i","cat":284672},{"id":220261,"n":"Sachet chien senior Cesar  Sélection en gelée - 12x100g","p":7.93,"u":"6,61 €/KG","img":"https://fd5-photos.leclercdrive.fr/image.ashx?id=2634415&use=l&cat=p&typeid=i","cat":284673},{"id":220289,"n":"Stevia en poudre Edulcorel 200g","p":2.69,"u":"13,45 €/KG","img":"https://fd5-photos.leclercdrive.fr/image.ashx?id=2632680&use=l&cat=p&typeid=i","cat":324846},{"id":220350,"n":"Stevia en comprimés Edulcorel x100 - 7g","p":0.99,"u":"141,43 €/KG","img":"https://fd5-photos.leclercdrive.fr/image.ashx?id=2632915&use=l&cat=p&typeid=i","cat":324846},{"id":220484,"n":"Crémant de Bourgogne brut Couvent des Visitandines 2x75cl","p":14.63,"u":"9,75 €/L","img":"https://fd5-photos.leclercdrive.fr/image.ashx?id=2638661&use=l&cat=p&typeid=i","cat":284545},{"id":220510,"n":"Dentifrice Signal Intégral 8  Complet - 3x75ml","p":4.69,"u":"20,84 €/L","img":"https://fd5-photos.leclercdrive.fr/image.ashx?id=2639840&use=l&cat=p&typeid=i","cat":284612},{"id":220540,"n":"Raisin rosé sans pépins Panier du Primeur - 500g","p":3.99,"u":"7,98 €/KG","img":"https://fd5-photos.leclercdrive.fr/image.ashx?id=2858144&use=l&cat=p&typeid=i","cat":284356},{"id":220545,"n":"Raisin blanc sans pépins Panier du Primeur - 500g","p":3.99,"u":"7,98 €/KG","img":"https://fd5-photos.leclercdrive.fr/image.ashx?id=2858132&use=l&cat=p&typeid=i","cat":284356},{"id":220563,"n":"Dentifrice Signal Intégral 8 Interdentaire - 3x75ml","p":4.69,"u":"20,84 €/L","img":"https://fd5-photos.leclercdrive.fr/image.ashx?id=2639846&use=l&cat=p&typeid=i","cat":284612},{"id":220591,"n":"Brassé végétal Andros Fraise - 6x100g","p":1.89,"u":"3,15 €/KG","img":"https://fd5-photos.leclercdrive.fr/image.ashx?id=2638975&use=l&cat=p&typeid=i","cat":316071},{"id":220689,"n":"Dentifrice Integral 8 Signal Interdentaire Prébiotique 75ml","p":2.15,"u":"28,67 €/L","img":"https://fd5-photos.leclercdrive.fr/image.ashx?id=2940654&use=l&cat=p&typeid=i","cat":284612},{"id":220716,"n":"Boisson gazeuse Schweppes Saveur Agrumes Zéro - 4x1.5L","p":6.84,"u":"1,14 €/P","img":"https://fd5-photos.leclercdrive.fr/image.ashx?id=2852450&use=l&cat=p&typeid=i","cat":284532},{"id":220742,"n":"Savon Le Petit Marseillais  Recharge antibacterien - 250ml","p":1.32,"u":"5,28 €/L","img":"https://fd5-photos.leclercdrive.fr/image.ashx?id=2684230&use=l&cat=p&typeid=i","cat":284597},{"id":220781,"n":"Macédoine de 6 fruits Au sirop léger - 960g","p":8.5,"u":"8,85 €/KG","img":"https://fd5-photos.leclercdrive.fr/image.ashx?id=2636335&use=l&cat=p&typeid=i","cat":284507},{"id":220784,"n":"Lait Fluide SPF30 Garnier Ambre Solaire - 175ml","p":11.65,"u":"66,57 €/L","img":"https://fd5-photos.leclercdrive.fr/image.ashx?id=2638313&use=l&cat=p&typeid=i","cat":325355},{"id":220786,"n":"Papier toilette humide Lotus Confort - x38","p":1.53,"u":"0,04 €/P","img":"https://fd5-photos.leclercdrive.fr/image.ashx?id=2864843&use=l&cat=p&typeid=i","cat":284634},{"id":220788,"n":"Recharge crème lavante mains Le Petit Marseillais Lait 250ml","p":0.78,"u":"3,12 €/L","img":"https://fd5-photos.leclercdrive.fr/image.ashx?id=2735242&use=l&cat=p&typeid=i","cat":284597},{"id":220794,"n":"Sérum Éclat La Provençale Bio Jouvence à la Vitamine C - 30ml","p":10.65,"u":"355,00 €/L","img":"https://fd5-photos.leclercdrive.fr/image.ashx?id=2950363&use=l&cat=p&typeid=i","cat":325345},{"id":220802,"n":"Rasoirs rechargeables Bic Click 3 Soleil - x4","p":4.67,"u":"1,17 €/P","img":"https://fd5-photos.leclercdrive.fr/image.ashx?id=2636072&use=l&cat=p&typeid=i","cat":325352},{"id":220821,"n":"Crème lavante mains Le Petit Marseillais - Amande - 250ml","p":0.83,"u":"3,32 €/L","img":"https://fd5-photos.leclercdrive.fr/image.ashx?id=2684209&use=l&cat=p&typeid=i","cat":284597},{"id":220822,"n":"Gel lavant mains Le Petit Marseillais Antibactérien 300ml","p":1.88,"u":"6,27 €/L","img":"https://fd5-photos.leclercdrive.fr/image.ashx?id=2684557&use=l&cat=p&typeid=i","cat":284597},{"id":220823,"n":"Gel lavant mains Le Petit Marseillais - Lavande - 300ml","p":1.64,"u":"5,47 €/L","img":"https://fd5-photos.leclercdrive.fr/image.ashx?id=2684221&use=l&cat=p&typeid=i","cat":284597},{"id":220824,"n":"Crème lavante mains Le Petit Marseillais - Lait - 300ml","p":1.71,"u":"5,70 €/L","img":"https://fd5-photos.leclercdrive.fr/image.ashx?id=2684224&use=l&cat=p&typeid=i","cat":284597},{"id":220826,"n":"Gel lavant mains Le Petit  Marseillais Le cuisinier 250ml","p":1.11,"u":"4,44 €/L","img":"https://fd5-photos.leclercdrive.fr/image.ashx?id=2684560&use=l&cat=p&typeid=i","cat":284597},{"id":221203,"n":"Jus multivitamines Andros 1,5L","p":3.76,"u":"2,51 €/L","img":"https://fd5-photos.leclercdrive.fr/image.ashx?id=2904269&use=l&cat=p&typeid=i","cat":284917},{"id":221208,"n":"Disques à démaquiller x120","p":0.39,"img":"https://fd5-photos.leclercdrive.fr/image.ashx?id=2640119&use=l&cat=p&typeid=i","cat":285593},{"id":221222,"n":"Mini croustis Italian Bonduelle Aubergine poivron mozza - 240g","p":3.05,"u":"12,71 €/KG","img":"https://fd5-photos.leclercdrive.fr/image.ashx?id=2960708&use=l&cat=p&typeid=i","cat":319822},{"id":221491,"n":"Lotion tonique visage Nivea Douceur 400g","p":7.38,"u":"18,45 €/KG","img":"https://fd5-photos.leclercdrive.fr/image.ashx?id=2643264&use=l&cat=p&typeid=i","cat":284603},{"id":221493,"n":"Stevia en comprimés Eco+ x650 - 42,25g","p":1.52,"u":"36,19 €/KG","img":"https://fd5-photos.leclercdrive.fr/image.ashx?id=2641789&use=l&cat=p&typeid=i","cat":284502},{"id":221505,"n":"Infusion digestion légère  Elephant - x20 - 32g","p":2.09,"u":"65,31 €/KG","img":"https://fd5-photos.leclercdrive.fr/image.ashx?id=2655653&use=l&cat=p&typeid=i","cat":293234},{"id":221506,"n":"Crème lavante mains Fleur d'oranger Bio - 250ml","p":0.81,"u":"3,06 €/L","img":"https://fd5-photos.leclercdrive.fr/image.ashx?id=2684542&use=l&cat=p&typeid=i","cat":284597},{"id":221507,"n":"Infusion nuit tranquille  Elephant - x20 - 30g","p":1.5,"u":"50,00 €/KG","img":"https://fd5-photos.leclercdrive.fr/image.ashx?id=2655647&use=l&cat=p&typeid=i","cat":293234},{"id":221513,"n":"Gel lavant mains Le Petit Marseillais - Olive - 250ml","p":0.9,"img":"https://fd5-photos.leclercdrive.fr/image.ashx?id=2684227&use=l&cat=p&typeid=i","cat":284597},{"id":221881,"n":"Dentifrice Oral-B Pro-Science Soin intense gencives - 2x75ml","p":6.89,"u":"45,93 €/L","img":"https://fd5-photos.leclercdrive.fr/image.ashx?id=2647200&use=l&cat=p&typeid=i","cat":284612},{"id":221882,"n":"Dentifrice Oral-B Pro Repair Original - 2x75ml","p":6.89,"u":"45,93 €/L","img":"https://fd5-photos.leclercdrive.fr/image.ashx?id=2745367&use=l&cat=p&typeid=i","cat":284612},{"id":221884,"n":"Haricots verts extra fins Bonduelle - 3 x 440g","p":5.82,"u":"4,41 €/KG","img":"https://fd5-photos.leclercdrive.fr/image.ashx?id=2856967&use=l&cat=p&typeid=i","cat":312606},{"id":221933,"n":"Dentifrice Oral-B 3D White Advanced Luxe blancheur 2x75ml","p":6.89,"u":"45,93 €/L","img":"https://fd5-photos.leclercdrive.fr/image.ashx?id=2795914&use=l&cat=p&typeid=i","cat":284612},{"id":221934,"n":"Dentifrice Oral-B 3D White Advanced Luxe perfection 2x75ml","p":6.88,"u":"45,87 €/L","img":"https://fd5-photos.leclercdrive.fr/image.ashx?id=2745334&use=l&cat=p&typeid=i","cat":284612},{"id":222027,"n":"Sérum physiologique Prorhinel 2x15cl","p":6.2,"u":"20,67 €/L","img":"https://fd5-photos.leclercdrive.fr/image.ashx?id=2826834&use=l&cat=p&typeid=i","cat":284741},{"id":222028,"n":"Dentifrice Oral-B Pro Science Nettoyage intense 2x75ml","p":7.09,"u":"47,27 €/L","img":"https://fd5-photos.leclercdrive.fr/image.ashx?id=2745361&use=l&cat=p&typeid=i","cat":284612},{"id":222043,"n":"Brossettes Oral-B Pro Cross action - x12","p":77.65,"u":"6,47 €/P","img":"https://fd5-photos.leclercdrive.fr/image.ashx?id=2648355&use=l&cat=p&typeid=i","cat":297133},{"id":222061,"n":"Pomelo rouge 1p","p":1.09,"img":"https://fd5-photos.leclercdrive.fr/image.ashx?id=1636326&use=l&cat=p&typeid=i","cat":284356},{"id":222089,"n":"Shampoing nutrition Ultra Doux Avocat et Karité - 600ml","p":4.88,"u":"8,13 €/L","img":"https://fd5-photos.leclercdrive.fr/image.ashx?id=2944852&use=l&cat=p&typeid=i","cat":284606},{"id":222111,"n":"Radis noir  1p","p":1.99,"img":"https://fd5-photos.leclercdrive.fr/image.ashx?id=578511&use=l&cat=p&typeid=i","cat":284352},{"id":222131,"n":"Poivron doux vert  1p","p":1.19,"img":"https://fd5-photos.leclercdrive.fr/image.ashx?id=1633202&use=l&cat=p&typeid=i","cat":284352},{"id":222163,"n":"Fruit de la passion 1p","p":0.79,"img":"https://fd5-photos.leclercdrive.fr/image.ashx?id=1633904&use=l&cat=p&typeid=i","cat":284356},{"id":222181,"n":"Grenade 1p","p":1.99,"img":"https://fd5-photos.leclercdrive.fr/image.ashx?id=1633898&use=l&cat=p&typeid=i","cat":284356},{"id":222235,"n":"Pomme Pink Lady  1p","p":0.65,"img":"https://fd5-photos.leclercdrive.fr/image.ashx?id=2121659&use=l&cat=p&typeid=i","cat":284356},{"id":222257,"n":"Avocat  1p","p":1.49,"img":"https://fd5-photos.leclercdrive.fr/image.ashx?id=1633637&use=l&cat=p&typeid=i","cat":284352},{"id":222283,"n":"Courgette  1p","p":0.85,"img":"https://fd5-photos.leclercdrive.fr/image.ashx?id=1631964&use=l&cat=p&typeid=i","cat":284352},{"id":222289,"n":"Poivron doux rouge  1p","p":1.2,"img":"https://fd5-photos.leclercdrive.fr/image.ashx?id=1633094&use=l&cat=p&typeid=i","cat":284352},{"id":222453,"n":"Acide citrique Briochin Ecocert - 450g","p":4.11,"u":"9,13 €/KG","img":"https://fd5-photos.leclercdrive.fr/image.ashx?id=3000755&use=l&cat=p&typeid=i","cat":325365},{"id":222455,"n":"Recharge lessive détachante  savon noir 37 lavages - 1,7L","p":5.87,"u":"3,45 €/L","img":"https://fd5-photos.leclercdrive.fr/image.ashx?id=3000782&use=l&cat=p&typeid=i","cat":284640},{"id":222471,"n":"Sachet fraicheur chien Cesar  Sélection en sauce - 12x100g","p":7.36,"u":"0,61 €/KG","img":"https://fd5-photos.leclercdrive.fr/image.ashx?id=2651720&use=l&cat=p&typeid=i","cat":284673},{"id":222479,"n":"Pop corn sucre de canne Vico Micro-ondable 240g","p":1.98,"u":"8,25 €/KG","img":"https://fd5-photos.leclercdrive.fr/image.ashx?id=2651585&use=l&cat=p&typeid=i","cat":304249},{"id":222480,"n":"Pop corn Vico Salé - 240g","p":1.51,"u":"6,29 €/KG","img":"https://fd5-photos.leclercdrive.fr/image.ashx?id=2815049&use=l&cat=p&typeid=i","cat":304249},{"id":222516,"n":"Frites de poulet Maître Coq 800g","p":6.93,"u":"8,66 €/KG","img":"https://fd5-photos.leclercdrive.fr/image.ashx?id=2853931&use=l&cat=p&typeid=i","cat":333684},{"id":222582,"n":"Shampoing Restaurateur Eslève Glycolic Gloss - 200ml","p":6.07,"u":"30,35 €/L","img":"https://fd5-photos.leclercdrive.fr/image.ashx?id=2657157&use=l&cat=p&typeid=i","cat":284606},{"id":222583,"n":"Soin Cheveux Lamination Elsève Glycolic Gloss - 200ml","p":7.11,"u":"35,55 €/L","img":"https://fd5-photos.leclercdrive.fr/image.ashx?id=2656796&use=l&cat=p&typeid=i","cat":284608},{"id":222584,"n":"Pâte à tartiner Nutella 220g","p":2.4,"u":"10,91 €/KG","img":"https://fd5-photos.leclercdrive.fr/image.ashx?id=2755216&use=l&cat=p&typeid=i","cat":284481},{"id":222589,"n":"Sérum Soin Sans Rinçage Elsève Glycolic Gloss - 150ml","p":11.6,"u":"77,33 €/L","img":"https://fd5-photos.leclercdrive.fr/image.ashx?id=2656069&use=l&cat=p&typeid=i","cat":284608},{"id":222591,"n":"Soin anti-tâches L'Oréal Paris Bright Reveal SPF50+ - 50ml","p":13.29,"u":"265,80 €/L","img":"https://fd5-photos.leclercdrive.fr/image.ashx?id=2921879&use=l&cat=p&typeid=i","cat":325345},{"id":222593,"n":"Dentifrice Aquafresh Naturals Blancheur Charbon - 2x75ml","p":3.24,"u":"21,60 €/L","img":"https://fd5-photos.leclercdrive.fr/image.ashx?id=2889289&use=l&cat=p&typeid=i","cat":284612},{"id":222599,"n":"Sérum correcteur L'Oréal Paris  Age Perfect - 30ml","p":11.97,"pp":7.9,"u":"263,33 €/L","img":"https://fd5-photos.leclercdrive.fr/image.ashx?id=2664491&use=l&cat=p&typeid=i","cat":325345},{"id":222631,"n":"Gâteau Savane Brossard Max Barr' Pocket x14 - 420g","p":4.95,"u":"11,79 €/KG","img":"https://fd5-photos.leclercdrive.fr/image.ashx?id=2964721&use=l&cat=p&typeid=i","cat":294776},{"id":222638,"n":"Chocolat pâtissier Nestlé Corsé - 2x200g","p":5.93,"u":"14,83 €/KG","img":"https://fd5-photos.leclercdrive.fr/image.ashx?id=2905654&use=l&cat=p&typeid=i","cat":285562},{"id":222653,"n":"Sauce de poisson Mei Asia 125ml","p":1.72,"u":"13,76 €/L","img":"https://fd5-photos.leclercdrive.fr/image.ashx?id=2653831&use=l&cat=p&typeid=i","cat":288992},{"id":222669,"n":"Tablette chocolat L'Atelier Noir biscuit caramel - 170g","p":3.63,"u":"21,35 €/KG","img":"https://fd5-photos.leclercdrive.fr/image.ashx?id=2674294&use=l&cat=p&typeid=i","cat":284497},{"id":222699,"n":"Bière la Bise Rouge  3°5 - 50cl","p":1.6,"u":"3,20 €/L","img":"https://fd5-photos.leclercdrive.fr/image.ashx?id=2680098&use=l&cat=p&typeid=i","cat":334853},{"id":222701,"n":"Bière la Bise Blanche 4°5 - 50cl","p":1.6,"u":"3,20 €/L","img":"https://fd5-photos.leclercdrive.fr/image.ashx?id=2680101&use=l&cat=p&typeid=i","cat":334853},{"id":222702,"n":"Dentifrice Integral 8 Signal Fraîcheur Intense 75ml","p":2.37,"u":"31,60 €/L","img":"https://fd5-photos.leclercdrive.fr/image.ashx?id=2818196&use=l&cat=p&typeid=i","cat":284612},{"id":222703,"n":"Dentifrice Signal Extra fraîcheur blancheur 75ml","p":1.83,"u":"24,40 €/L","img":"https://fd5-photos.leclercdrive.fr/image.ashx?id=2938328&use=l&cat=p&typeid=i","cat":284612},{"id":222704,"n":"Dentifrice Signal Extra fraîcheur intense - 75ml","p":1.83,"u":"24,40 €/L","img":"https://fd5-photos.leclercdrive.fr/image.ashx?id=2654212&use=l&cat=p&typeid=i","cat":284612},{"id":222735,"n":"Déodorant spray Dove 2x100ml","p":5.84,"u":"29,20 €/L","img":"https://fd5-photos.leclercdrive.fr/image.ashx?id=2905714&use=l&cat=p&typeid=i","cat":284595},{"id":222778,"n":"Eau de javel La Croix Traditionnelle désinfectant- 5L","p":3.82,"u":"0,76 €/L","img":"https://fd5-photos.leclercdrive.fr/image.ashx?id=2672740&use=l&cat=p&typeid=i","cat":284661},{"id":222820,"n":"Bonbons Haribo Pocket Assortiment mini sachets - 340g","p":2.86,"u":"8,41 €/KG","img":"https://fd5-photos.leclercdrive.fr/image.ashx?id=2654653&use=l&cat=p&typeid=i","cat":304250},{"id":222824,"n":"Carottes râpées Notre Jardin 250g","p":1.49,"u":"5,96 €/KG","img":"https://fd5-photos.leclercdrive.fr/image.ashx?id=2693321&use=l&cat=p&typeid=i","cat":284353},{"id":222826,"n":"Chou blanc carotte Notre Jardin 250g","p":1.49,"u":"5,96 €/KG","img":"https://fd5-photos.leclercdrive.fr/image.ashx?id=2680830&use=l&cat=p&typeid=i","cat":284353},{"id":222827,"n":"Complément alimentaire Granions Complexe anti-âge - x60 - 54g","p":19.9,"u":"368,52 €/KG","img":"https://fd5-photos.leclercdrive.fr/image.ashx?id=2735953&use=l&cat=p&typeid=i","cat":301266},{"id":222842,"n":"Acide citrique Clair 500g","p":2.99,"u":"5,98 €/KG","img":"https://fd5-photos.leclercdrive.fr/image.ashx?id=2822147&use=l&cat=p&typeid=i","cat":325365},{"id":222843,"n":"Liquide vaisselle Uni vert Ecolo amande - 500ml","p":1.15,"u":"2,30 €/L","img":"https://fd5-photos.leclercdrive.fr/image.ashx?id=2999523&use=l&cat=p&typeid=i","cat":284655},{"id":222846,"n":"Gel douche Le Petit Marseillais Cerise & jasmin - 250ml","p":1.5,"u":"6,00 €/L","img":"https://fd5-photos.leclercdrive.fr/image.ashx?id=2685198&use=l&cat=p&typeid=i","cat":284594},{"id":222854,"n":"Lingette lavable Swiffer Wetj Wetjet - Microfibre - x1","p":8.65,"pp":5.19,"img":"https://fd5-photos.leclercdrive.fr/image.ashx?id=2656240&use=l&cat=p&typeid=i","cat":325364},{"id":222858,"n":"Pommes bicolores Eco+ x4","p":0.99,"u":"0,25 €/P","img":"https://fd5-photos.leclercdrive.fr/image.ashx?id=2928210&use=l&cat=p&typeid=i","cat":284356},{"id":222898,"n":"Dentifrice Sensodyne Anti-Tâches - 75ml","p":5.47,"u":"72,93 €/L","img":"https://fd5-photos.leclercdrive.fr/image.ashx?id=2997775&use=l&cat=p&typeid=i","cat":284612},{"id":222899,"n":"Dentifrice Sensodyne Email renforcé - 75ml","p":5.47,"u":"72,93 €/L","img":"https://fd5-photos.leclercdrive.fr/image.ashx?id=2997208&use=l&cat=p&typeid=i","cat":284612},{"id":222958,"n":"Sérum bio So'Bio Etic Anti-âge global - Argan - 30ml","p":18.09,"u":"603,00 €/L","img":"https://fd5-photos.leclercdrive.fr/image.ashx?id=2977480&use=l&cat=p&typeid=i","cat":325345},{"id":222959,"n":"Soin jour bio So'Bio Etic Anti-tâches - Lys - 50ml","p":18.3,"u":"366,00 €/L","img":"https://fd5-photos.leclercdrive.fr/image.ashx?id=3000207&use=l&cat=p&typeid=i","cat":325345},{"id":222960,"n":"Soin nuit bio So'Bio Etic Peeling - Anti-tâche - Lys 50ml","p":18.24,"u":"364,80 €/L","img":"https://fd5-photos.leclercdrive.fr/image.ashx?id=2997019&use=l&cat=p&typeid=i","cat":325345},{"id":222961,"n":"Soin regard So'Bio Etic Lift Grenade bio - 15ml","p":12.36,"u":"824,00 €/L","img":"https://fd5-photos.leclercdrive.fr/image.ashx?id=2787113&use=l&cat=p&typeid=i","cat":325345},{"id":222995,"n":"Nouilles Banzai Noodle Curry cup - 67g","p":1.21,"u":"18,06 €/KG","img":"https://fd5-photos.leclercdrive.fr/image.ashx?id=2730007&use=l&cat=p&typeid=i","cat":288992},{"id":223023,"n":"Après-shampooing Herbal Essences - Aloe - 200ml","p":4.15,"u":"20,75 €/L","img":"https://fd5-photos.leclercdrive.fr/image.ashx?id=2759739&use=l&cat=p&typeid=i","cat":284607},{"id":223024,"n":"Shampooing Herbal Essences Aloe - 250ml","p":3.42,"u":"13,68 €/L","img":"https://fd5-photos.leclercdrive.fr/image.ashx?id=2748671&use=l&cat=p&typeid=i","cat":284606},{"id":223030,"n":"Après-shampooing Herbal Essences - Coconut - 200ml","p":3.39,"u":"16,95 €/L","img":"https://fd5-photos.leclercdrive.fr/image.ashx?id=2737813&use=l&cat=p&typeid=i","cat":284606},{"id":223035,"n":"Shampooing Herbal Essences Rose - 250ml","p":3.48,"u":"13,92 €/L","img":"https://fd5-photos.leclercdrive.fr/image.ashx?id=2737819&use=l&cat=p&typeid=i","cat":284606},{"id":223171,"n":"Dentifrice Oral B Pro Repair Gencives et émail - 2x75ml","p":9.8,"u":"65,33 €/L","img":"https://fd5-photos.leclercdrive.fr/image.ashx?id=2661835&use=l&cat=p&typeid=i","cat":284612},{"id":223229,"n":"Dentifrice Parodontax Réparation active gencives 75ml","p":5.29,"u":"70,53 €/L","img":"https://fd5-photos.leclercdrive.fr/image.ashx?id=2917534&use=l&cat=p&typeid=i","cat":284612},{"id":223358,"n":"Bière blonde Queue de charrue 75cl","p":4.5,"u":"6,00 €/L","img":"https://fd5-photos.leclercdrive.fr/image.ashx?id=2662511&use=l&cat=p&typeid=i","cat":334872},{"id":223401,"n":"Bâtonnets Manger Main Bio Yooji Fraise banane avoine - 150g","p":4.2,"u":"28,00 €/KG","img":"https://fd5-photos.leclercdrive.fr/image.ashx?id=2662475&use=l&cat=p&typeid=i","cat":290631},{"id":223402,"n":"Bâtonnets Manger Main Bio Yooji Mangue banane avoine - 150g","p":4.15,"u":"27,67 €/KG","img":"https://fd5-photos.leclercdrive.fr/image.ashx?id=2662478&use=l&cat=p&typeid=i","cat":312394},{"id":223444,"n":"Shampoing 2en1 Fructis Force et brillance - 300ml","p":2.77,"u":"9,23 €/L","img":"https://fd5-photos.leclercdrive.fr/image.ashx?id=2669268&use=l&cat=p&typeid=i","cat":284606},{"id":223445,"n":"Shampoing fortifiant Fructis Force et Brillance - 300ml","p":2.71,"u":"9,03 €/L","img":"https://fd5-photos.leclercdrive.fr/image.ashx?id=2669271&use=l&cat=p&typeid=i","cat":284606},{"id":223446,"n":"Shampoing démêlant Fructis Antipelliculaire - 300ml","p":3.67,"u":"12,23 €/L","img":"https://fd5-photos.leclercdrive.fr/image.ashx?id=2669277&use=l&cat=p&typeid=i","cat":284606},{"id":223500,"n":"Mais croquant Notre Jardin 2x285g","p":1.7,"u":"2,98 €/KG","img":"https://fd5-photos.leclercdrive.fr/image.ashx?id=3005694&use=l&cat=p&typeid=i","cat":312611},{"id":223520,"n":"Biscuit sablé bio  Nocciolata Fourré pâte à tartiner - 250g","p":3.44,"u":"13,76 €/KG","img":"https://fd5-photos.leclercdrive.fr/image.ashx?id=2664244&use=l&cat=p&typeid=i","cat":284488},{"id":223521,"n":"Biscuit bio  Nocciolata bianca Fourré pâte à tartiner - 250g","p":3.48,"u":"13,92 €/KG","img":"https://fd5-photos.leclercdrive.fr/image.ashx?id=2664554&use=l&cat=p&typeid=i","cat":284487},{"id":223537,"n":"Bloc Energy 5 WC Net Actions - Brise aquatique - 38g","p":1.85,"u":"48,68 €/KG","img":"https://fd5-photos.leclercdrive.fr/image.ashx?id=2664449&use=l&cat=p&typeid=i","cat":284662},{"id":223539,"n":"Bloc Energy 5 actions WC Net Fraîcheur givrée et menthe 38g","p":1.69,"u":"44,47 €/KG","img":"https://fd5-photos.leclercdrive.fr/image.ashx?id=2664455&use=l&cat=p&typeid=i","cat":284662},{"id":223540,"n":"Bloc Energy 5 actions WC Net Lavande et patchouli - 38g","p":2.36,"u":"62,11 €/KG","img":"https://fd5-photos.leclercdrive.fr/image.ashx?id=2664458&use=l&cat=p&typeid=i","cat":284662},{"id":223542,"n":"Bloc Energy WC Net Eau bleue / Marine fresh 40g","p":1.78,"u":"44,50 €/KG","img":"https://fd5-photos.leclercdrive.fr/image.ashx?id=2664464&use=l&cat=p&typeid=i","cat":284662},{"id":223554,"n":"Tablettes WC Harpic  Power Plus Fraicheur Active- x6","p":2.8,"u":"20,74 €/KG","img":"https://fd5-photos.leclercdrive.fr/image.ashx?id=2665391&use=l&cat=p&typeid=i","cat":284662},{"id":223575,"n":"Serviettes fuites urinaires Always Discreet - x12","p":8.06,"u":"0,67 €/P","img":"https://fd5-photos.leclercdrive.fr/image.ashx?id=2845650&use=l&cat=p&typeid=i","cat":284628},{"id":223578,"n":"Serviettes fuites urinaires Always Discreet - Long - x26","p":9.15,"u":"0,35 €/P","img":"https://fd5-photos.leclercdrive.fr/image.ashx?id=2685465&use=l&cat=p&typeid=i","cat":284628},{"id":223579,"n":"Serviettes fuites urinaires Always Discreet - Long+ - x8","p":4.09,"u":"0,51 €/P","img":"https://fd5-photos.leclercdrive.fr/image.ashx?id=3005386&use=l&cat=p&typeid=i","cat":284628},{"id":223581,"n":"Serviettes fuites urinaires Always Discreet - Long+ - x16","p":7.99,"u":"0,50 €/P","img":"https://fd5-photos.leclercdrive.fr/image.ashx?id=2685471&use=l&cat=p&typeid=i","cat":284628},{"id":223586,"n":"Serviettes fuites urinaires Always Discreet - Taille S x20","p":3.91,"u":"0,20 €/P","img":"https://fd5-photos.leclercdrive.fr/image.ashx?id=3009221&use=l&cat=p&typeid=i","cat":284628},{"id":223588,"n":"Serviettes fuites urinaires Always Discreet - Nuit - x16","p":8.87,"u":"0,55 €/P","img":"https://fd5-photos.leclercdrive.fr/image.ashx?id=2680479&use=l&cat=p&typeid=i","cat":284628},{"id":223589,"n":"Serviettes fuites urinaires Always Discreet - x8","p":5.65,"u":"0,71 €/P","img":"https://fd5-photos.leclercdrive.fr/image.ashx?id=2953995&use=l&cat=p&typeid=i","cat":284628},{"id":223608,"n":"Crème Douche Tolérance Cadum Sans Sulfate - 400ml","p":2.6,"u":"6,50 €/L","img":"https://fd5-photos.leclercdrive.fr/image.ashx?id=2696007&use=l&cat=p&typeid=i","cat":284594},{"id":223612,"n":"Désodorisant Febreze Petit coin Linge frais - 7.5ml","p":3.43,"u":"428,75 €/L","img":"https://fd5-photos.leclercdrive.fr/image.ashx?id=2955233&use=l&cat=p&typeid=i","cat":311628},{"id":223613,"n":"Désodorisant Febreze Petit coin Coton - 7.5ml","p":3.2,"u":"400,00 €/L","img":"https://fd5-photos.leclercdrive.fr/image.ashx?id=2955236&use=l&cat=p&typeid=i","cat":311628},{"id":223631,"n":"Huile précieuse Gliss Hair Repair - Schwarzkopf - 75ml","p":6.43,"u":"85,73 €/L","img":"https://fd5-photos.leclercdrive.fr/image.ashx?id=2665274&use=l&cat=p&typeid=i","cat":284608},{"id":223649,"n":"Shampooing Head & shoulder 2-en-1 - Classic - 300ml","p":4.69,"u":"15,63 €/L","img":"https://fd5-photos.leclercdrive.fr/image.ashx?id=2863003&use=l&cat=p&typeid=i","cat":284606},{"id":223850,"n":"Déodorant Spray Femme Narta Anti-Trace Blanche 48h - 200ml","p":2.37,"u":"11,85 €/L","img":"https://fd5-photos.leclercdrive.fr/image.ashx?id=2678589&use=l&cat=p&typeid=i","cat":284595},{"id":223851,"n":"Déodorant Spray Homme 48h Narta Fraîcheur Classique - 200mL","p":2.38,"u":"11,90 €/L","img":"https://fd5-photos.leclercdrive.fr/image.ashx?id=2675511&use=l&cat=p&typeid=i","cat":284618},{"id":223852,"n":"Déodorant Spray Homme Sans Alcool - Anti-transpirant 200ml","p":2.37,"u":"11,85 €/L","img":"https://fd5-photos.leclercdrive.fr/image.ashx?id=2681880&use=l&cat=p&typeid=i","cat":284618},{"id":223853,"n":"Déodorant Spray Femme Narta Fraîcheur Cologne 48h - 200ml","p":2.37,"u":"11,85 €/L","img":"https://fd5-photos.leclercdrive.fr/image.ashx?id=2678592&use=l&cat=p&typeid=i","cat":284595},{"id":223855,"n":"Déodorant Spray Homme 48h Narta Anti-Traces Blanches - 200ml","p":2.37,"u":"11,85 €/L","img":"https://fd5-photos.leclercdrive.fr/image.ashx?id=2681883&use=l&cat=p&typeid=i","cat":284618},{"id":223857,"n":"Déodorant Spray Femme Narta 48h Sans Alcool - 200ML","p":2.36,"u":"11,80 €/L","img":"https://fd5-photos.leclercdrive.fr/image.ashx?id=2680242&use=l&cat=p&typeid=i","cat":284595},{"id":223883,"n":"Gel cheveux Taft  Effet mouillé - 300ml","p":4.0,"u":"13,33 €/L","img":"https://fd5-photos.leclercdrive.fr/image.ashx?id=2666773&use=l&cat=p&typeid=i","cat":284609},{"id":223884,"n":"Brossettes Dentamyl Perfect angle - x2","p":6.99,"u":"3,50 €/P","img":"https://fd5-photos.leclercdrive.fr/image.ashx?id=2824298&use=l&cat=p&typeid=i","cat":297133},{"id":223893,"n":"Lingettes de nettoyage Swiffer Wet Jet - x12","p":7.19,"pp":4.31,"u":"0,36 €/P","img":"https://fd5-photos.leclercdrive.fr/image.ashx?id=2948525&use=l&cat=p&typeid=i","cat":325364},{"id":223909,"n":"Couches Pampers Harmonie Maxi T3 - 6-10kg - x87","p":33.5,"u":"0,39 €/P","img":"https://fd5-photos.leclercdrive.fr/image.ashx?id=2685453&use=l&cat=p&typeid=i","cat":284737},{"id":223917,"n":"Filtres à café Melitta Gourmet intense 1x4 - x80","p":1.92,"img":"https://fd5-photos.leclercdrive.fr/image.ashx?id=2882050&use=l&cat=p&typeid=i","cat":284751},{"id":223920,"n":"Film fraîcheur Albal 50m","p":4.13,"img":"https://fd5-photos.leclercdrive.fr/image.ashx?id=2929059&use=l&cat=p&typeid=i","cat":285194},{"id":223925,"n":"Riz Long grain Ben's original Vrac 10mn - 1kg","p":2.91,"u":"2,91 €/KG","img":"https://fd5-photos.leclercdrive.fr/image.ashx?id=2990961&use=l&cat=p&typeid=i","cat":284428},{"id":223972,"n":"Madeleines Saint-Michel Chocolat - 14+33% offert - 475g","p":2.7,"u":"5,68 €/KG","img":"https://fd5-photos.leclercdrive.fr/image.ashx?id=2936296&use=l&cat=p&typeid=i","cat":284492},{"id":224089,"n":"Crème solaire Nivea Sun Kids FPS 50+ 270ml","p":15.03,"u":"55,67 €/L","img":"https://fd5-photos.leclercdrive.fr/image.ashx?id=2668632&use=l&cat=p&typeid=i","cat":null},{"id":224143,"n":"Bun's Burger McCain 460g","p":3.49,"u":"7,59 €/KG","img":"https://fd5-photos.leclercdrive.fr/image.ashx?id=2741183&use=l&cat=p&typeid=i","cat":319822},{"id":224146,"n":"Bun's Raclette McCain 460g","p":3.97,"u":"8,63 €/KG","img":"https://fd5-photos.leclercdrive.fr/image.ashx?id=2750678&use=l&cat=p&typeid=i","cat":319822},{"id":224255,"n":"Recharches lames Wilkinson Intuition complete - x3","p":9.92,"u":"3,31 €/P","img":"https://fd5-photos.leclercdrive.fr/image.ashx?id=2669337&use=l&cat=p&typeid=i","cat":325352},{"id":224263,"n":"Monster Energy zéro sucres 50cl","p":1.52,"u":"3,04 €/L","img":"https://fd5-photos.leclercdrive.fr/image.ashx?id=2669358&use=l&cat=p&typeid=i","cat":284533},{"id":224352,"n":"Rouge à lèvres L'Oréal Paris Color Riche 302 Bois de rose","p":12.84,"img":"https://fd5-photos.leclercdrive.fr/image.ashx?id=3014431&use=l&cat=p&typeid=i","cat":287029},{"id":224359,"n":"Crème Visage Homme Nivea Men Anti-taches Power 2en1 - 50ml","p":13.4,"pp":8.84,"u":"176,80 €/L","img":"https://fd5-photos.leclercdrive.fr/image.ashx?id=3014617&use=l&cat=p&typeid=i","cat":284622},{"id":224360,"n":"Sérum Visage Homme Nivea Men Anti-taches Power 2en1 - 30ml","p":14.62,"pp":9.65,"u":"321,67 €/L","img":"https://fd5-photos.leclercdrive.fr/image.ashx?id=2944915&use=l&cat=p&typeid=i","cat":284622},{"id":224361,"n":"Lait Corps Anti-taches  Nivea Anti-vergeture Luminous - 200ml","p":11.47,"u":"57,35 €/L","img":"https://fd5-photos.leclercdrive.fr/image.ashx?id=2689049&use=l&cat=p&typeid=i","cat":325349},{"id":224362,"n":"Huile Corps Anti-taches  Nivea Anti-vergeture Luminous - 100ml","p":8.16,"u":"81,60 €/L","img":"https://fd5-photos.leclercdrive.fr/image.ashx?id=2689052&use=l&cat=p&typeid=i","cat":325349},{"id":224363,"n":"Piles alcalines Eco+ LR03 - x4","p":0.7,"u":"0,18 €/P","img":"https://fd5-photos.leclercdrive.fr/image.ashx?id=2714829&use=l&cat=p&typeid=i","cat":300572},{"id":224364,"n":"Piles alcalines Eco+ LR6 - x4","p":0.7,"u":"0,18 €/P","img":"https://fd5-photos.leclercdrive.fr/image.ashx?id=2714832&use=l&cat=p&typeid=i","cat":300572},{"id":224416,"n":"Crème radieuse La Provençale Huile d'olive Bio - 2x50ml","p":10.04,"u":"100,40 €/L","img":"https://fd5-photos.leclercdrive.fr/image.ashx?id=2679933&use=l&cat=p&typeid=i","cat":325350},{"id":224612,"n":"AOC vin rouge Cote du rhône Terroir Daronton - 75cl","p":4.8,"u":"6,40 €/L","img":"https://fd5-photos.leclercdrive.fr/image.ashx?id=2672374&use=l&cat=p&typeid=i","cat":289556},{"id":224670,"n":"Eau minérale naturelle Hépar 6x75cl","p":3.82,"u":"0,85 €/L","img":"https://fd5-photos.leclercdrive.fr/image.ashx?id=2673361&use=l&cat=p&typeid=i","cat":284535},{"id":224706,"n":"Gnocchi star à poêler Lustucru  300g","p":1.73,"u":"5,77 €/KG","img":"https://fd5-photos.leclercdrive.fr/image.ashx?id=2921630&use=l&cat=p&typeid=i","cat":333682},{"id":224783,"n":"Liqueur Rivière du Mat L'Onctueux - 70cl","p":12.62,"u":"18,03 €/L","img":"https://fd5-photos.leclercdrive.fr/image.ashx?id=2693539&use=l&cat=p&typeid=i","cat":286032},{"id":224787,"n":"Liqueur Rivière du Mat Vanille Bourbon 17° - 70cl","p":12.93,"u":"18,47 €/L","img":"https://fd5-photos.leclercdrive.fr/image.ashx?id=2740001&use=l&cat=p&typeid=i","cat":286032},{"id":224808,"n":"Riz Citron Ben's original  Express 2mn - 220g","p":1.23,"u":"5,59 €/KG","img":"https://fd5-photos.leclercdrive.fr/image.ashx?id=2906442&use=l&cat=p&typeid=i","cat":287600},{"id":224822,"n":"Muesli energie Bjorg Bio - 375g","p":3.73,"u":"9,95 €/KG","img":"https://fd5-photos.leclercdrive.fr/image.ashx?id=2906259&use=l&cat=p&typeid=i","cat":309512},{"id":224853,"n":"Désinfectant multi-usages Sanytol - Eucalyptus - 730ml","p":5.13,"u":"7,03 €/L","img":"https://fd5-photos.leclercdrive.fr/image.ashx?id=2674578&use=l&cat=p&typeid=i","cat":325357},{"id":224854,"n":"Désinfectant multi-surfaces Sanytol - Eucalyptus - 1.45L","p":4.05,"u":"2,79 €/L","img":"https://fd5-photos.leclercdrive.fr/image.ashx?id=2674590&use=l&cat=p&typeid=i","cat":325357},{"id":224863,"n":"Vinaigre ménager multi-usages Citron - Le Droguiste - 1L","p":1.48,"u":"1,48 €/L","img":"https://fd5-photos.leclercdrive.fr/image.ashx?id=2675076&use=l&cat=p&typeid=i","cat":325365},{"id":224872,"n":"Riz Complet Ben's original  Express 2mn - 220g","p":1.55,"u":"7,05 €/KG","img":"https://fd5-photos.leclercdrive.fr/image.ashx?id=2886969&use=l&cat=p&typeid=i","cat":287600},{"id":224873,"n":"Riz Paella Ben's original Express 2mn - 220g","p":1.43,"u":"6,50 €/KG","img":"https://fd5-photos.leclercdrive.fr/image.ashx?id=2995310&use=l&cat=p&typeid=i","cat":287600},{"id":224874,"n":"Riz Champignons Ben's original Express 2mn - 220g","p":1.26,"u":"5,73 €/KG","img":"https://fd5-photos.leclercdrive.fr/image.ashx?id=2995307&use=l&cat=p&typeid=i","cat":287600},{"id":224877,"n":"Riz Cantonais Ben's original  Express 2mn - 220g","p":1.48,"u":"6,73 €/KG","img":"https://fd5-photos.leclercdrive.fr/image.ashx?id=2995304&use=l&cat=p&typeid=i","cat":287600},{"id":224879,"n":"Riz Curry Ben's original Express 2mn - 220g","p":1.35,"u":"6,14 €/KG","img":"https://fd5-photos.leclercdrive.fr/image.ashx?id=2906433&use=l&cat=p&typeid=i","cat":287600},{"id":224880,"n":"Riz aux Légumes Ben's original Express 2mn - 220g","p":1.42,"u":"6,45 €/KG","img":"https://fd5-photos.leclercdrive.fr/image.ashx?id=2906430&use=l&cat=p&typeid=i","cat":287600},{"id":224881,"n":"Risotto Poulet Ben's original  Express 3mn - 250g","p":2.19,"u":"8,76 €/KG","img":"https://fd5-photos.leclercdrive.fr/image.ashx?id=2886124&use=l&cat=p&typeid=i","cat":287600},{"id":224882,"n":"Riz Long grain Ben's original  Sachet cuisson 10mn - 1kg","p":2.94,"u":"2,94 €/KG","img":"https://fd5-photos.leclercdrive.fr/image.ashx?id=2957272&use=l&cat=p&typeid=i","cat":284428},{"id":224883,"n":"Riz Long Grain Ben's original Sachet cuisson 10mn - 750g","p":2.9,"u":"3,87 €/KG","img":"https://fd5-photos.leclercdrive.fr/image.ashx?id=2886313&use=l&cat=p&typeid=i","cat":284428},{"id":224888,"n":"Riz Long grain Ben's original Vrac 20mn - 1kg","p":3.48,"u":"3,48 €/KG","img":"https://fd5-photos.leclercdrive.fr/image.ashx?id=2886301&use=l&cat=p&typeid=i","cat":284428},{"id":224927,"n":"Boulette oignons bio Cereal Bio  Veggie - 175g","p":2.76,"u":"15,77 €/KG","img":"https://fd5-photos.leclercdrive.fr/image.ashx?id=2675097&use=l&cat=p&typeid=i","cat":284953},{"id":224928,"n":"Boulette barbecue Cereal Bio  Veggie - 175g","p":2.78,"u":"15,89 €/KG","img":"https://fd5-photos.leclercdrive.fr/image.ashx?id=2675094&use=l&cat=p&typeid=i","cat":284953},{"id":224931,"n":"Boisson soja Bjorg Bio Proteines - 1L","p":2.49,"u":"2,49 €/L","img":"https://fd5-photos.leclercdrive.fr/image.ashx?id=2939469&use=l&cat=p&typeid=i","cat":316067},{"id":224937,"n":"Plat en morceaux Bledina 200g","p":2.27,"u":"11,35 €/KG","img":"https://fd5-photos.leclercdrive.fr/image.ashx?id=2866298&use=l&cat=p&typeid=i","cat":312239},{"id":224976,"n":"Shampooing Kératine Ogx Du brésil Cheveux frisés 385ml","p":6.74,"u":"17,51 €/L","img":"https://fd5-photos.leclercdrive.fr/image.ashx?id=2805075&use=l&cat=p&typeid=i","cat":284606},{"id":224980,"n":"Après-shamppoing Kératine OGX Du Brésil Cheveux frisés 385ml","p":6.74,"u":"17,51 €/L","img":"https://fd5-photos.leclercdrive.fr/image.ashx?id=2805078&use=l&cat=p&typeid=i","cat":284607},{"id":225010,"n":"Sac poubelle coulissant Alfapac Ultra-résistant x10 - 50L","p":2.97,"img":"https://fd5-photos.leclercdrive.fr/image.ashx?id=2676693&use=l&cat=p&typeid=i","cat":285168},{"id":225017,"n":"Mayonnaise de Lille Crown's  450g","p":1.66,"u":"3,69 €/KG","img":"https://fd5-photos.leclercdrive.fr/image.ashx?id=2763136&use=l&cat=p&typeid=i","cat":298295},{"id":225019,"n":"Mayonnaise de Lille Crown's - 175g","p":0.79,"u":"4,51 €/KG","img":"https://fd5-photos.leclercdrive.fr/image.ashx?id=2763139&use=l&cat=p&typeid=i","cat":298295},{"id":225046,"n":"Huile à barbe homme King C. Gillette - 30ml","p":8.67,"u":"289,00 €/L","img":"https://fd5-photos.leclercdrive.fr/image.ashx?id=2746358&use=l&cat=p&typeid=i","cat":284622},{"id":225050,"n":"Dentifrice Oral-B 3D White Artic fresh - 3x75ml","p":7.48,"u":"33,24 €/L","img":"https://fd5-photos.leclercdrive.fr/image.ashx?id=2676225&use=l&cat=p&typeid=i","cat":284612},{"id":225052,"n":"Dentifrice Oral-B 3D White Charbon - 3x75ml","p":7.48,"u":"33,24 €/L","img":"https://fd5-photos.leclercdrive.fr/image.ashx?id=2676228&use=l&cat=p&typeid=i","cat":284612},{"id":225053,"n":"Lames Gillette Fusion Proglide x12","p":46.95,"u":"3,91 €/P","img":"https://fd5-photos.leclercdrive.fr/image.ashx?id=2676231&use=l&cat=p&typeid=i","cat":284616},{"id":225210,"n":"Infusion Yogi Bio Gingembre Citron  X15 - 30g","p":2.38,"u":"79,33 €/KG","img":"https://fd5-photos.leclercdrive.fr/image.ashx?id=2677498&use=l&cat=p&typeid=i","cat":293234},{"id":225213,"n":"Thé Matcha Energie Yogi Bio x15 - 27g","p":2.47,"u":"91,48 €/KG","img":"https://fd5-photos.leclercdrive.fr/image.ashx?id=2677495&use=l&cat=p&typeid=i","cat":293234},{"id":225214,"n":"Infusion Yogi bio  Gingembre orange - x15 - 27g","p":2.24,"u":"82,96 €/KG","img":"https://fd5-photos.leclercdrive.fr/image.ashx?id=2677492&use=l&cat=p&typeid=i","cat":293234},{"id":225215,"n":"Infusion Yogi detox Bio énergie - x15 - 27g","p":2.38,"u":"88,15 €/KG","img":"https://fd5-photos.leclercdrive.fr/image.ashx?id=2677489&use=l&cat=p&typeid=i","cat":293234},{"id":225217,"n":"Infusion Nuit Calme Yogi Bio x15 - 27g","p":2.24,"u":"82,96 €/KG","img":"https://fd5-photos.leclercdrive.fr/image.ashx?id=2677486&use=l&cat=p&typeid=i","cat":293234},{"id":225218,"n":"Thé Chaï aux Epices Yogi Bio  x15 - 27g","p":2.18,"u":"72,67 €/KG","img":"https://fd5-photos.leclercdrive.fr/image.ashx?id=2677483&use=l&cat=p&typeid=i","cat":293234},{"id":225223,"n":"Jus de citron Siracuse  1L","p":3.64,"u":"3,64 €/L","img":"https://fd5-photos.leclercdrive.fr/image.ashx?id=2677582&use=l&cat=p&typeid=i","cat":288383},{"id":225247,"n":"Pain nature Gerblé   Sans Gluten  - 200g","p":2.37,"u":"11,85 €/KG","img":"https://fd5-photos.leclercdrive.fr/image.ashx?id=2677303&use=l&cat=p&typeid=i","cat":318654},{"id":225248,"n":"Tartine céréales Gerblé  Matin - 125g","p":1.66,"u":"13,28 €/KG","img":"https://fd5-photos.leclercdrive.fr/image.ashx?id=2688866&use=l&cat=p&typeid=i","cat":318651},{"id":225253,"n":"Recettes du Marché Tramier  Marinade Piment & Paprika 150g","p":2.99,"u":"19,93 €/L","img":"https://fd5-photos.leclercdrive.fr/image.ashx?id=2882614&use=l&cat=p&typeid=i","cat":284450},{"id":225275,"n":"Doomino Chocolat blanc St-Michel - 180g","p":1.79,"u":"9,94 €/KG","img":"https://fd5-photos.leclercdrive.fr/image.ashx?id=2950003&use=l&cat=p&typeid=i","cat":284495},{"id":225276,"n":"Galette moelleuse tigrée Choco blanc - St Michel - 180g","p":1.9,"u":"10,56 €/KG","img":"https://fd5-photos.leclercdrive.fr/image.ashx?id=2953501&use=l&cat=p&typeid=i","cat":284495},{"id":225278,"n":"Petits feuilletés Bonne maman - 250g","p":2.39,"u":"9,56 €/KG","img":"https://fd5-photos.leclercdrive.fr/image.ashx?id=2950012&use=l&cat=p&typeid=i","cat":284488},{"id":225279,"n":"Petits sablés éclats caramel Bonne maman - 250g","p":2.57,"u":"10,28 €/KG","img":"https://fd5-photos.leclercdrive.fr/image.ashx?id=2936275&use=l&cat=p&typeid=i","cat":284487},{"id":225280,"n":"Petits croquants speculoos  Amande - Bonne maman - 250g","p":2.6,"u":"10,40 €/KG","img":"https://fd5-photos.leclercdrive.fr/image.ashx?id=2936272&use=l&cat=p&typeid=i","cat":284487},{"id":225311,"n":"Boisson Tropico Orange Ananas - 1.25 L","p":1.83,"u":"1,46 €/L","img":"https://fd5-photos.leclercdrive.fr/image.ashx?id=2977702&use=l&cat=p&typeid=i","cat":295018},{"id":225312,"n":"Boisson aux fruits Tropico  Fraise Kiwi - Bouteille - 1,25L","p":1.87,"u":"1,50 €/L","img":"https://fd5-photos.leclercdrive.fr/image.ashx?id=2682370&use=l&cat=p&typeid=i","cat":295018},{"id":225316,"n":"Biscuit petit déj Gerblé Chocolat - 200g","p":2.03,"u":"10,15 €/KG","img":"https://fd5-photos.leclercdrive.fr/image.ashx?id=2679014&use=l&cat=p&typeid=i","cat":318651},{"id":225343,"n":"Rasoir Gillette Fusion + 4 lames","p":24.88,"u":"4,98 €/P","img":"https://fd5-photos.leclercdrive.fr/image.ashx?id=2687980&use=l&cat=p&typeid=i","cat":284616},{"id":225377,"n":"Masque cheveux Laura Sims Lissant Smooth and Shine 200ml","p":9.99,"u":"49,95 €/L","img":"https://fd5-photos.leclercdrive.fr/image.ashx?id=2680722&use=l&cat=p&typeid=i","cat":284608},{"id":225378,"n":"Soin capillaire Laura Sims Lissant - 200ml","p":9.99,"u":"49,95 €/L","img":"https://fd5-photos.leclercdrive.fr/image.ashx?id=2680725&use=l&cat=p&typeid=i","cat":284608},{"id":225379,"n":"Soin lissant Laura Sims Smooth & Shine - 100ml","p":13.53,"u":"135,30 €/L","img":"https://fd5-photos.leclercdrive.fr/image.ashx?id=2680728&use=l&cat=p&typeid=i","cat":284608},{"id":225440,"n":"Duo de poissons Fleury Michon Riz cuisiné sauce citron - 280g","p":2.54,"u":"9,07 €/KG","img":"https://fd5-photos.leclercdrive.fr/image.ashx?id=3003266&use=l&cat=p&typeid=i","cat":333665},{"id":225441,"n":"Fusilli au poulet Fleury Michon Sauce champignons - 280g","p":2.54,"u":"9,07 €/KG","img":"https://fd5-photos.leclercdrive.fr/image.ashx?id=3003233&use=l&cat=p&typeid=i","cat":333665},{"id":225442,"n":"Jambon purée Fleury Michon à la crème fraîche - 300g","p":2.87,"u":"9,57 €/KG","img":"https://fd5-photos.leclercdrive.fr/image.ashx?id=3003269&use=l&cat=p&typeid=i","cat":333665},{"id":225446,"n":"Les tranches Fleury Michon Lentilles corail  x4 - 120g","p":1.93,"u":"16,08 €/KG","img":"https://fd5-photos.leclercdrive.fr/image.ashx?id=2900905&use=l&cat=p&typeid=i","cat":316036},{"id":225461,"n":"Déodorant Bille Homme 48h Narta Anti-traces - 50ml","p":2.42,"u":"48,40 €/L","img":"https://fd5-photos.leclercdrive.fr/image.ashx?id=2681859&use=l&cat=p&typeid=i","cat":284618},{"id":225463,"n":"Déodorant Bille Homme 48h Narta Fraîcheur Polaire - 50ml","p":2.39,"u":"47,80 €/L","img":"https://fd5-photos.leclercdrive.fr/image.ashx?id=2681865&use=l&cat=p&typeid=i","cat":284618},{"id":225464,"n":"Déodorant Bille bio Femme Narta Sans Alcool - 50ml","p":2.36,"u":"47,20 €/L","img":"https://fd5-photos.leclercdrive.fr/image.ashx?id=2681868&use=l&cat=p&typeid=i","cat":284595},{"id":225465,"n":"Déodorant Bille Femme Narta Anti-Traces 48h - 50ml","p":2.39,"u":"47,80 €/L","img":"https://fd5-photos.leclercdrive.fr/image.ashx?id=2681871&use=l&cat=p&typeid=i","cat":284595},{"id":225466,"n":"Déodorant Bille Femme Narta Anti-Traces Sans alcool - 50ml","p":2.4,"u":"48,00 €/L","img":"https://fd5-photos.leclercdrive.fr/image.ashx?id=2681874&use=l&cat=p&typeid=i","cat":284595},{"id":225467,"n":"Déodorant Bille Homme 48h Narta Invisible Sans Alcool - 50ml","p":4.36,"u":"87,20 €/L","img":"https://fd5-photos.leclercdrive.fr/image.ashx?id=2681877&use=l&cat=p&typeid=i","cat":284618},{"id":225468,"n":"Déodorant Bille Homme 48h Narta Anti-Traces Blanches - 50ml","p":2.36,"u":"47,20 €/L","img":"https://fd5-photos.leclercdrive.fr/image.ashx?id=2681886&use=l&cat=p&typeid=i","cat":284618},{"id":225471,"n":"Brossettes Oral-B Ultimate Clean - x4","p":39.9,"u":"9,98 €/P","img":"https://fd5-photos.leclercdrive.fr/image.ashx?id=2682409&use=l&cat=p&typeid=i","cat":297133},{"id":225496,"n":"Empanadas Haché végétal Hari&Co  Et poivrons rouges - 120g","p":2.52,"u":"21,00 €/KG","img":"https://fd5-photos.leclercdrive.fr/image.ashx?id=2903608&use=l&cat=p&typeid=i","cat":316036},{"id":225498,"n":"Samossas lentilles corail coco Hari&Co sauce rougail - 140g","p":2.61,"u":"18,64 €/KG","img":"https://fd5-photos.leclercdrive.fr/image.ashx?id=2903614&use=l&cat=p&typeid=i","cat":316036},{"id":225614,"n":"Désinfectant Sanytol Eucalyptus - Multi-usage 500ml","p":2.13,"u":"4,26 €/L","img":"https://fd5-photos.leclercdrive.fr/image.ashx?id=2894800&use=l&cat=p&typeid=i","cat":325357},{"id":225615,"n":"Chips NRT Sel du Morbihan - 125g","p":1.79,"u":"14,32 €/KG","img":"https://fd5-photos.leclercdrive.fr/image.ashx?id=2771432&use=l&cat=p&typeid=i","cat":284447},{"id":225617,"n":"Désinfectant Sanytol Pamplemousse Multi-usage 500ml","p":2.5,"u":"5,00 €/L","img":"https://fd5-photos.leclercdrive.fr/image.ashx?id=2682144&use=l&cat=p&typeid=i","cat":325357},{"id":225619,"n":"Désinfectant nettoyant Sanytol Multi-surfaces - Eucalyptus 1L","p":2.04,"u":"2,04 €/L","img":"https://fd5-photos.leclercdrive.fr/image.ashx?id=2866319&use=l&cat=p&typeid=i","cat":284907},{"id":225621,"n":"Nettoyant désinfectant sols surfaces citron Sanytol - 1L","p":2.54,"u":"2,54 €/L","img":"https://fd5-photos.leclercdrive.fr/image.ashx?id=2682150&use=l&cat=p&typeid=i","cat":325357},{"id":225645,"n":"Crêpes au caramel Whaou x8 - 256g","p":2.37,"u":"9,26 €/KG","img":"https://fd5-photos.leclercdrive.fr/image.ashx?id=2962869&use=l&cat=p&typeid=i","cat":284494},{"id":225647,"n":"Maïs Géant Vert extra tendre sans résidu pesticides - 3x140g","p":2.24,"u":"5,33 €/KG","img":"https://fd5-photos.leclercdrive.fr/image.ashx?id=2977366&use=l&cat=p&typeid=i","cat":312611},{"id":225655,"n":"Huile d'olive Terra Delyssa Vierge extra - 75cl","p":9.43,"u":"12,57 €/L","img":"https://fd5-photos.leclercdrive.fr/image.ashx?id=2686153&use=l&cat=p&typeid=i","cat":284453},{"id":225662,"n":"Purée lisse petits pois Yooji Bio - 4 mois - 400g","p":3.68,"u":"9,20 €/KG","img":"https://fd5-photos.leclercdrive.fr/image.ashx?id=2683187&use=l&cat=p&typeid=i","cat":319805},{"id":225666,"n":"Brochettes boeuf fromage Tables du Monde x6 - 226g","p":5.99,"u":"26,50 €/KG","img":"https://fd5-photos.leclercdrive.fr/image.ashx?id=2682021&use=l&cat=p&typeid=i","cat":319774},{"id":225700,"n":"Bière blonde Leffe Prestige 124 8,5% - 6x25cl","p":7.4,"u":"4,93 €/L","img":"https://fd5-photos.leclercdrive.fr/image.ashx?id=2695007&use=l&cat=p&typeid=i","cat":334852},{"id":225703,"n":"Aérosol répulsif Raid Moustiques - 300ml","p":2.89,"u":"9,63 €/L","img":"https://fd5-photos.leclercdrive.fr/image.ashx?id=2736385&use=l&cat=p&typeid=i","cat":298368},{"id":225706,"n":"Aérosol répulsif Raid Fourmis et cafards - 300ml","p":3.07,"u":"10,23 €/L","img":"https://fd5-photos.leclercdrive.fr/image.ashx?id=2736382&use=l&cat=p&typeid=i","cat":298368},{"id":225708,"n":"Recharge électrique Raid Essentials - Moustiques - x2","p":9.19,"u":"4,60 €/P","img":"https://fd5-photos.leclercdrive.fr/image.ashx?id=2683245&use=l&cat=p&typeid=i","cat":298368},{"id":225709,"n":"Piège lumineux Raid Essentials Diffuseur - Insectes - x1","p":12.81,"img":"https://fd5-photos.leclercdrive.fr/image.ashx?id=2911549&use=l&cat=p&typeid=i","cat":298368},{"id":225711,"n":"Infusion Yogi Relaxation Bio - x15 - 27g","p":2.4,"u":"88,89 €/KG","img":"https://fd5-photos.leclercdrive.fr/image.ashx?id=2683193&use=l&cat=p&typeid=i","cat":293234},{"id":225712,"n":"Infusion Yogi Bio Défenses immunitaires x15 - 30g","p":2.47,"u":"82,33 €/KG","img":"https://fd5-photos.leclercdrive.fr/image.ashx?id=2683196&use=l&cat=p&typeid=i","cat":293234},{"id":225717,"n":"Infusion Yogi Bio Curcuma gingembre - x15 - 30g","p":2.49,"u":"83,00 €/KG","img":"https://fd5-photos.leclercdrive.fr/image.ashx?id=2683202&use=l&cat=p&typeid=i","cat":293234},{"id":225732,"n":"Bonbons Haribo méga fête Assortiment mini sachets - 880g","p":9.3,"u":"10,57 €/KG","img":"https://fd5-photos.leclercdrive.fr/image.ashx?id=2984961&use=l&cat=p&typeid=i","cat":304250},{"id":225745,"n":"Coloration Permanente Garnier Color Sensation 4.0 Châtain","p":4.08,"img":"https://fd5-photos.leclercdrive.fr/image.ashx?id=2684245&use=l&cat=p&typeid=i","cat":288899},{"id":225749,"n":"Masque Lissant Ultra Doux Eau de Riz - 340ml","p":4.71,"u":"13,85 €/L","img":"https://fd5-photos.leclercdrive.fr/image.ashx?id=2684233&use=l&cat=p&typeid=i","cat":284608},{"id":225751,"n":"Shampoing Lissant Ultra Doux Cheveux longs - 250ml","p":2.39,"u":"9,56 €/L","img":"https://fd5-photos.leclercdrive.fr/image.ashx?id=2684236&use=l&cat=p&typeid=i","cat":284606},{"id":225752,"n":"Après-shampooing Garnier Ultra Doux - Eau de riz - 200ml","p":2.65,"u":"13,25 €/L","img":"https://fd5-photos.leclercdrive.fr/image.ashx?id=2684239&use=l&cat=p&typeid=i","cat":284607},{"id":225755,"n":"Crème dépilatoire Veet Men Peaux sensibles - 400ml","p":8.84,"u":"22,10 €/L","img":"https://fd5-photos.leclercdrive.fr/image.ashx?id=2785448&use=l&cat=p&typeid=i","cat":284617},{"id":225766,"n":"Shampooing OGX Huile argan Maroc - 385ml","p":6.97,"u":"18,10 €/L","img":"https://fd5-photos.leclercdrive.fr/image.ashx?id=2805081&use=l&cat=p&typeid=i","cat":284606},{"id":225768,"n":"Protèges-slips Eco+ A plat -  Normal - x50","p":0.87,"u":"0,02 €/P","img":"https://fd5-photos.leclercdrive.fr/image.ashx?id=2824745&use=l&cat=p&typeid=i","cat":284625},{"id":225770,"n":"Filtres à café Plantation N°2 - x80","p":1.33,"u":"0,02 €/P","img":"https://fd5-photos.leclercdrive.fr/image.ashx?id=2756940&use=l&cat=p&typeid=i","cat":284751},{"id":225773,"n":"Mouchoirs Lotus Sensitive - x110","p":2.37,"u":"0,02 €/P","img":"https://fd5-photos.leclercdrive.fr/image.ashx?id=2684296&use=l&cat=p&typeid=i","cat":284638},{"id":225785,"n":"Bandes de cire Veet Pure Jambes - x20","p":4.66,"u":"0,23 €/P","img":"https://fd5-photos.leclercdrive.fr/image.ashx?id=2964956&use=l&cat=p&typeid=i","cat":325351},{"id":225786,"n":"Lingettes Intima Regul'Active - x20","p":1.93,"u":"0,10 €/P","img":"https://fd5-photos.leclercdrive.fr/image.ashx?id=2689787&use=l&cat=p&typeid=i","cat":284627},{"id":225789,"n":"Bandes de cire Veet Maillot - x16","p":4.39,"u":"0,27 €/P","img":"https://fd5-photos.leclercdrive.fr/image.ashx?id=2865662&use=l&cat=p&typeid=i","cat":325351},{"id":225790,"n":"Gel Intima Régulateur - 500ml","p":8.72,"u":"17,44 €/L","img":"https://fd5-photos.leclercdrive.fr/image.ashx?id=2889274&use=l&cat=p&typeid=i","cat":284627},{"id":225795,"n":"Lubrifiant Saforelle Intime - 30ml","p":9.75,"u":"325,00 €/L","img":"https://fd5-photos.leclercdrive.fr/image.ashx?id=2684164&use=l&cat=p&typeid=i","cat":328622},{"id":225798,"n":"Crème hydraliane SVR Hydratation intense - 50ml","p":13.99,"u":"279,80 €/L","img":"https://fd5-photos.leclercdrive.fr/image.ashx?id=2968355&use=l&cat=p&typeid=i","cat":291171},{"id":225819,"n":"Canderel liquide 200 ml","p":2.54,"u":"12,70 €/L","img":"https://fd5-photos.leclercdrive.fr/image.ashx?id=2812828&use=l&cat=p&typeid=i","cat":324846},{"id":225869,"n":"Blanc de poulet nature Herta - 4 tranches - 120g","p":1.67,"u":"13,92 €/KG","img":"https://fd5-photos.leclercdrive.fr/image.ashx?id=2684961&use=l&cat=p&typeid=i","cat":316010},{"id":225891,"n":"Bière blonde 1664 5,5° - 18x25cl","p":11.4,"pp":8.55,"u":"1,90 €/L","img":"https://fd5-photos.leclercdrive.fr/image.ashx?id=2684931&use=l&cat=p&typeid=i","cat":334873},{"id":225931,"n":"Tuiles Monster Munch  Crazy barbecue - 150g","p":1.9,"u":"12,67 €/KG","img":"https://fd5-photos.leclercdrive.fr/image.ashx?id=2923993&use=l&cat=p&typeid=i","cat":287899},{"id":225933,"n":"Jus d'orange avec pulpe Montebelo - 1L","p":2.69,"u":"2,69 €/L","img":"https://fd5-photos.leclercdrive.fr/image.ashx?id=2743502&use=l&cat=p&typeid=i","cat":284354},{"id":225936,"n":"Jus d'orange sans pulpe Montebelo - 1L","p":2.69,"u":"2,69 €/L","img":"https://fd5-photos.leclercdrive.fr/image.ashx?id=2743505&use=l&cat=p&typeid=i","cat":284354},{"id":225937,"n":"Citronnade duo de citrons Montebelo - 1L","p":1.99,"pp":1.31,"u":"1,31 €/L","img":"https://fd5-photos.leclercdrive.fr/image.ashx?id=2743523&use=l&cat=p&typeid=i","cat":284354},{"id":225939,"n":"Jus d'orange maracuja Montebelo - 1L","p":3.47,"u":"3,47 €/L","img":"https://fd5-photos.leclercdrive.fr/image.ashx?id=2896381&use=l&cat=p&typeid=i","cat":284354},{"id":225941,"n":"Jus de mangue ananas Montebelo  Citron vert 1L","p":2.99,"pp":1.97,"u":"1,97 €/L","img":"https://fd5-photos.leclercdrive.fr/image.ashx?id=2903668&use=l&cat=p&typeid=i","cat":284354},{"id":225943,"n":"Jus d'orange eau de coco mangue Montebelo - 1L","p":2.99,"pp":1.97,"u":"1,97 €/L","img":"https://fd5-photos.leclercdrive.fr/image.ashx?id=2903671&use=l&cat=p&typeid=i","cat":284354},{"id":225945,"n":"Boisson Gazeuse Maison Perrier Magnetic Juice Citron 4x25cl","p":2.97,"u":"2,97 €/L","img":"https://fd5-photos.leclercdrive.fr/image.ashx?id=2924884&use=l&cat=p&typeid=i","cat":284536},{"id":225947,"n":"Bière blonde 1664 5,5° 24x25cl","p":14.88,"u":"2,48 €/L","img":"https://fd5-photos.leclercdrive.fr/image.ashx?id=2686597&use=l&cat=p&typeid=i","cat":334873},{"id":226036,"n":"Parfum de linge Lenor Unstoppable aérien x19 235g","p":6.68,"u":"28,43 €/KG","img":"https://fd5-photos.leclercdrive.fr/image.ashx?id=2863018&use=l&cat=p&typeid=i","cat":325302},{"id":226111,"n":"Muesli  Grainea Chocolat noir - 500g","p":2.27,"u":"4,54 €/KG","img":"https://fd5-photos.leclercdrive.fr/image.ashx?id=2931859&use=l&cat=p&typeid=i","cat":309512},{"id":226113,"n":"Brioches Pitch Pépites de chocolats -300g","p":2.02,"u":"6,73 €/KG","img":"https://fd5-photos.leclercdrive.fr/image.ashx?id=2687872&use=l&cat=p&typeid=i","cat":293505},{"id":226115,"n":"Gourde compotes Pom'potes 5 fruits jaunes - 4x90g","p":2.19,"u":"6,08 €/KG","img":"https://fd5-photos.leclercdrive.fr/image.ashx?id=2991825&use=l&cat=p&typeid=i","cat":284508},{"id":226116,"n":"Chewing-gum Mentos Pure Fresh  Fresh Mint sans sucres - 100g","p":2.87,"u":"28,70 €/KG","img":"https://fd5-photos.leclercdrive.fr/image.ashx?id=2687707&use=l&cat=p&typeid=i","cat":304251},{"id":226122,"n":"Biscuits Delacre Cigarettes Russes - 230g","p":1.8,"u":"7,83 €/KG","img":"https://fd5-photos.leclercdrive.fr/image.ashx?id=2688833&use=l&cat=p&typeid=i","cat":284490},{"id":226134,"n":"Gel wc canard Fresh disc 1p","p":3.17,"img":"https://fd5-photos.leclercdrive.fr/image.ashx?id=2690093&use=l&cat=p&typeid=i","cat":284662},{"id":226137,"n":"Sun caps  x39 - 585g","p":11.48,"u":"19,62 €/KG","img":"https://fd5-photos.leclercdrive.fr/image.ashx?id=2877262&use=l&cat=p&typeid=i","cat":284656},{"id":226141,"n":"Purée lisse Bio Yooji Patate douce - Dès 4 mois 400g","p":4.26,"u":"10,65 €/KG","img":"https://fd5-photos.leclercdrive.fr/image.ashx?id=2689246&use=l&cat=p&typeid=i","cat":290631},{"id":226142,"n":"Purée lisse bébé Yooji Potiron Bio - 4 mois - 400g","p":4.25,"u":"10,63 €/KG","img":"https://fd5-photos.leclercdrive.fr/image.ashx?id=2689243&use=l&cat=p&typeid=i","cat":290631},{"id":226160,"n":"Couches Pampers Harmonie Maxi pack - T2 - 4-8kg - x96","p":34.65,"u":"0,36 €/P","img":"https://fd5-photos.leclercdrive.fr/image.ashx?id=2737867&use=l&cat=p&typeid=i","cat":284737},{"id":226194,"n":"Tomates cerises gustatives Panier du Primeur - 300g","p":3.99,"u":"13,30 €/KG","img":"https://fd5-photos.leclercdrive.fr/image.ashx?id=2686350&use=l&cat=p&typeid=i","cat":284352},{"id":226206,"n":"Compote Materne Pommes d'Occitanie  - 1.2kg","p":4.85,"u":"4,04 €/KG","img":"https://fd5-photos.leclercdrive.fr/image.ashx?id=3003125&use=l&cat=p&typeid=i","cat":284416},{"id":226302,"n":"Pâtes fraîches RANA Ravioli  Cèpes Champignons Ricotta -250g","p":3.38,"u":"13,52 €/KG","img":"https://fd5-photos.leclercdrive.fr/image.ashx?id=2737381&use=l&cat=p&typeid=i","cat":333682},{"id":226315,"n":"Croquettes Vitafit Friskies Boeuf - 12kg","p":24.95,"u":"2,08 €/KG","img":"https://fd5-photos.leclercdrive.fr/image.ashx?id=2986996&use=l&cat=p&typeid=i","cat":284672},{"id":226317,"n":"Croquettes Vitafit Friskies Light Poulet légumes 7 kg","p":18.67,"u":"2,67 €/KG","img":"https://fd5-photos.leclercdrive.fr/image.ashx?id=2986993&use=l&cat=p&typeid=i","cat":284672},{"id":226330,"n":"Croziflette Alpina Savoie 400g","p":2.6,"u":"6,50 €/KG","img":"https://fd5-photos.leclercdrive.fr/image.ashx?id=2692374&use=l&cat=p&typeid=i","cat":284427},{"id":226341,"n":"Barre muffin Chocolat - 4x30g","p":2.59,"u":"21,58 €/KG","img":"https://fd5-photos.leclercdrive.fr/image.ashx?id=2745355&use=l&cat=p&typeid=i","cat":285869},{"id":226343,"n":"Barre de céréales Nature Valley  Crunchy caramel x8 - 160g","p":2.87,"u":"17,94 €/KG","img":"https://fd5-photos.leclercdrive.fr/image.ashx?id=2692797&use=l&cat=p&typeid=i","cat":300032},{"id":226346,"n":"Boisson Gazeuse Maison Perrier Forever Gingembre Citron 1L","p":1.0,"u":"1,00 €/L","img":"https://fd5-photos.leclercdrive.fr/image.ashx?id=2692818&use=l&cat=p&typeid=i","cat":284536},{"id":226348,"n":"Céréales P'tit Déli Caramel & Chocolat - 400g","p":2.12,"u":"5,30 €/KG","img":"https://fd5-photos.leclercdrive.fr/image.ashx?id=2691528&use=l&cat=p&typeid=i","cat":309513},{"id":226349,"n":"Boisson Gazeuse Maison Perrier Chic Citrus Fizz 4x25cl","p":2.98,"u":"2,98 €/L","img":"https://fd5-photos.leclercdrive.fr/image.ashx?id=2841595&use=l&cat=p&typeid=i","cat":284536},{"id":226350,"n":"Boisson Gazeuse Maison Perrier Chic Lemonjito 4x25cl","p":2.74,"u":"2,74 €/L","img":"https://fd5-photos.leclercdrive.fr/image.ashx?id=2692809&use=l&cat=p&typeid=i","cat":284536},{"id":226352,"n":"Boisson énergisante Maison Perrier mûre - 4x25cl","p":3.0,"u":"3,00 €/L","img":"https://fd5-photos.leclercdrive.fr/image.ashx?id=2692815&use=l&cat=p&typeid=i","cat":284533},{"id":226397,"n":"Barre muffin Nature Valley 4x30g","p":2.5,"u":"20,83 €/KG","img":"https://fd5-photos.leclercdrive.fr/image.ashx?id=2745358&use=l&cat=p&typeid=i","cat":300032},{"id":226410,"n":"Choucroute Charles Christ Nature - 390g","p":1.3,"u":"3,33 €/KG","img":"https://fd5-photos.leclercdrive.fr/image.ashx?id=2693479&use=l&cat=p&typeid=i","cat":312611},{"id":226412,"n":"Barre de céréales Nature Valley  Protéine cranberries x4 -160g","p":2.8,"u":"17,50 €/KG","img":"https://fd5-photos.leclercdrive.fr/image.ashx?id=2693869&use=l&cat=p&typeid=i","cat":285869},{"id":226414,"n":"Roulé Balconi 6x32g","p":1.49,"u":"7,76 €/KG","img":"https://fd5-photos.leclercdrive.fr/image.ashx?id=2922212&use=l&cat=p&typeid=i","cat":284495},{"id":226430,"n":"Café grains Plantation Pérou pur arabica - 500g","p":8.29,"u":"16,58 €/KG","img":"https://fd5-photos.leclercdrive.fr/image.ashx?id=2824313&use=l&cat=p&typeid=i","cat":293237},{"id":226434,"n":"Bonbons Bool's poom  180g","p":1.68,"u":"9,33 €/KG","img":"https://fd5-photos.leclercdrive.fr/image.ashx?id=2693701&use=l&cat=p&typeid=i","cat":304250},{"id":226438,"n":"Soda Coca-Cola Original Canette - Pack 6x20CL","p":3.67,"u":"3,06 €/L","img":"https://fd5-photos.leclercdrive.fr/image.ashx?id=2766571&use=l&cat=p&typeid=i","cat":284530},{"id":226442,"n":"Lingettes anti-transfert Vanish x40","p":6.11,"u":"0,15 €/P","img":"https://fd5-photos.leclercdrive.fr/image.ashx?id=2693740&use=l&cat=p&typeid=i","cat":290450},{"id":226443,"n":"Miel Tradition 1912 200g","p":1.73,"u":"8,65 €/KG","img":"https://fd5-photos.leclercdrive.fr/image.ashx?id=2803763&use=l&cat=p&typeid=i","cat":287643},{"id":226455,"n":"Chewing-gum Mentos Pure Fresh  Fresh Chloro sans sucres - 100g","p":2.89,"u":"28,90 €/KG","img":"https://fd5-photos.leclercdrive.fr/image.ashx?id=2693434&use=l&cat=p&typeid=i","cat":304251},{"id":226478,"n":"Liqueurs Baileys  Expresso coffee - 70cl","p":12.15,"u":"17,36 €/L","img":"https://fd5-photos.leclercdrive.fr/image.ashx?id=2736448&use=l&cat=p&typeid=i","cat":286032},{"id":226482,"n":"Wafers Balconi Noisettes - 10x45g","p":2.46,"u":"5,47 €/KG","img":"https://fd5-photos.leclercdrive.fr/image.ashx?id=2695061&use=l&cat=p&typeid=i","cat":294777},{"id":226484,"n":"Cookies Crunchy Kinder Pépites au cacao et lait - 136g","p":2.62,"u":"19,26 €/KG","img":"https://fd5-photos.leclercdrive.fr/image.ashx?id=2691995&use=l&cat=p&typeid=i","cat":325066},{"id":226485,"n":"Biscuits Cadbury 260g","p":2.48,"u":"9,54 €/KG","img":"https://fd5-photos.leclercdrive.fr/image.ashx?id=2719678&use=l&cat=p&typeid=i","cat":284488},{"id":226486,"n":"Whisky West Cork Bourbon cask 40% - 70cl","p":18.5,"u":"26,43 €/L","img":"https://fd5-photos.leclercdrive.fr/image.ashx?id=2845023&use=l&cat=p&typeid=i","cat":284547},{"id":226489,"n":"Speculoos Lotus Biscoff 8x125g","p":5.83,"u":"5,83 €/KG","img":"https://fd5-photos.leclercdrive.fr/image.ashx?id=2861749&use=l&cat=p&typeid=i","cat":284487},{"id":226496,"n":"Biscuit Lotus Biscoff Speculoos Original Pocket 186g (12x2p)","p":1.53,"u":"8,23 €/KG","img":"https://fd5-photos.leclercdrive.fr/image.ashx?id=2695004&use=l&cat=p&typeid=i","cat":284487},{"id":226514,"n":"Filet de cabillaud Fish & Chips L'Atelier Poissonnerie - 200g","p":3.89,"u":"19,45 €/KG","img":"https://fd5-photos.leclercdrive.fr/image.ashx?id=2714456&use=l&cat=p&typeid=i","cat":284344},{"id":226530,"n":"Olives noires Tramier Dénoyautées - 25% 220g","p":3.35,"u":"15,23 €/KG","img":"https://fd5-photos.leclercdrive.fr/image.ashx?id=2840826&use=l&cat=p&typeid=i","cat":284450},{"id":226532,"n":"Olives noires Tramier  Denoyautées - 100g","p":1.64,"u":"16,40 €/KG","img":"https://fd5-photos.leclercdrive.fr/image.ashx?id=2693458&use=l&cat=p&typeid=i","cat":284450},{"id":226583,"n":"Boisson gazeuse Maison Perrier Magnetic Juice Fraise 4x25cl","p":2.99,"u":"2,99 €/L","img":"https://fd5-photos.leclercdrive.fr/image.ashx?id=2887314&use=l&cat=p&typeid=i","cat":284536},{"id":226646,"n":"Boisson Gazeuse Maison Perrier Forever Citron Vert 1L","p":0.94,"u":"0,94 €/L","img":"https://fd5-photos.leclercdrive.fr/image.ashx?id=2695103&use=l&cat=p&typeid=i","cat":284536},{"id":226657,"n":"Boisson Gazeuse Maison Perrier Forever Citron 1L","p":0.92,"u":"0,92 €/L","img":"https://fd5-photos.leclercdrive.fr/image.ashx?id=2887311&use=l&cat=p&typeid=i","cat":284536},{"id":226659,"n":"Boisson Gazeuse Maison Perrier Forever Orange 1L","p":0.98,"u":"0,98 €/L","img":"https://fd5-photos.leclercdrive.fr/image.ashx?id=2695106&use=l&cat=p&typeid=i","cat":284536},{"id":226661,"n":"Boisson Gazeuse Maison Perrier Forever Menthe 1L","p":0.98,"u":"0,98 €/L","img":"https://fd5-photos.leclercdrive.fr/image.ashx?id=2695112&use=l&cat=p&typeid=i","cat":284536},{"id":226667,"n":"Boisson Gazeuse Maison Perrier Forever Citron 6x33cl","p":3.27,"u":"1,65 €/L","img":"https://fd5-photos.leclercdrive.fr/image.ashx?id=2878447&use=l&cat=p&typeid=i","cat":284536},{"id":226668,"n":"Boisson Gazeuse Maison Perrier Forever Citron Vert 6x33cl","p":3.52,"u":"1,78 €/L","img":"https://fd5-photos.leclercdrive.fr/image.ashx?id=2887308&use=l&cat=p&typeid=i","cat":284536},{"id":226779,"n":"Thé noir citron Lipton 20 sachets - 34g","p":2.34,"u":"68,82 €/KG","img":"https://fd5-photos.leclercdrive.fr/image.ashx?id=2695365&use=l&cat=p&typeid=i","cat":293233},{"id":226781,"n":"Thé noir pêche mangue Lipton 20 sachets - 34g","p":2.27,"u":"66,76 €/KG","img":"https://fd5-photos.leclercdrive.fr/image.ashx?id=2695362&use=l&cat=p&typeid=i","cat":293233},{"id":226795,"n":"Glace mini cone Extreme Café x8 - 312g","p":3.66,"u":"11,73 €/KG","img":"https://fd5-photos.leclercdrive.fr/image.ashx?id=2694668&use=l&cat=p&typeid=i","cat":284264},{"id":226796,"n":"Parfum de linge billes Lenor  Fleur de soie pivoine x19 doses","p":7.05,"u":"30,00 €/KG","img":"https://fd5-photos.leclercdrive.fr/image.ashx?id=2863015&use=l&cat=p&typeid=i","cat":325302},{"id":226797,"n":"Parfum de linge billes Lenor  Bouquet floral - x19 doses","p":7.66,"u":"32,60 €/KG","img":"https://fd5-photos.leclercdrive.fr/image.ashx?id=2839454&use=l&cat=p&typeid=i","cat":325302},{"id":226801,"n":"Parfum de linge billes Lenor  Jasmin Rose de mai x19 doses","p":7.52,"u":"32,00 €/KG","img":"https://fd5-photos.leclercdrive.fr/image.ashx?id=2841598&use=l&cat=p&typeid=i","cat":325302},{"id":226803,"n":"Adoucissant Lenor Fresh Soleil tropical x36 - 0.5L","p":5.17,"u":"10,26 €/L","img":"https://fd5-photos.leclercdrive.fr/image.ashx?id=2696163&use=l&cat=p&typeid=i","cat":284650},{"id":226806,"n":"Liquide de rinçage Sun Brillance - 500ml","p":3.34,"u":"6,68 €/L","img":"https://fd5-photos.leclercdrive.fr/image.ashx?id=2829099&use=l&cat=p&typeid=i","cat":284657},{"id":226807,"n":"Liquide de rinçage Sun Séchage - 500ml","p":3.66,"u":"7,32 €/L","img":"https://fd5-photos.leclercdrive.fr/image.ashx?id=2738716&use=l&cat=p&typeid=i","cat":284657},{"id":226808,"n":"Adoucissant Lenor Fresh air Rayons de soleil x36","p":5.3,"u":"10,52 €/L","img":"https://fd5-photos.leclercdrive.fr/image.ashx?id=2696445&use=l&cat=p&typeid=i","cat":284650},{"id":226811,"n":"Adoucissant Lenor Fresh air Solstice Boréal x36 - 0.5L","p":5.07,"u":"10,06 €/L","img":"https://fd5-photos.leclercdrive.fr/image.ashx?id=2696169&use=l&cat=p&typeid=i","cat":284650},{"id":226815,"n":"Dentifrice Oral-B kids 0-6ans - 50ml","p":2.05,"u":"41,00 €/L","img":"https://fd5-photos.leclercdrive.fr/image.ashx?id=2737801&use=l&cat=p&typeid=i","cat":288898},{"id":226818,"n":"Dentifrice Sensodyne Soin  complet Triple action - 75ml","p":3.67,"u":"48,93 €/L","img":"https://fd5-photos.leclercdrive.fr/image.ashx?id=2997778&use=l&cat=p&typeid=i","cat":284612},{"id":226819,"n":"Dentifrice Sensodyne Soin gencives Triple action - 75ml","p":3.99,"u":"53,20 €/L","img":"https://fd5-photos.leclercdrive.fr/image.ashx?id=3000384&use=l&cat=p&typeid=i","cat":284612},{"id":226824,"n":"Dentifrice Sensodyne Soin  Blancheur naturelle 24h - 75ml","p":4.27,"u":"56,93 €/L","img":"https://fd5-photos.leclercdrive.fr/image.ashx?id=2694944&use=l&cat=p&typeid=i","cat":284612},{"id":226825,"n":"Dentifrice Sensodyne Répare & protège Novamin - 75ml","p":4.5,"u":"60,00 €/L","img":"https://fd5-photos.leclercdrive.fr/image.ashx?id=2694947&use=l&cat=p&typeid=i","cat":284612},{"id":226826,"n":"Dentifrice Sensodyne Soin Blancheur triple action - 75ml","p":4.3,"u":"57,33 €/L","img":"https://fd5-photos.leclercdrive.fr/image.ashx?id=3000381&use=l&cat=p&typeid=i","cat":284612},{"id":226829,"n":"Dentifrice Sensodyne Répare & protège extra fresh - 75ml","p":4.75,"u":"63,33 €/L","img":"https://fd5-photos.leclercdrive.fr/image.ashx?id=2694956&use=l&cat=p&typeid=i","cat":284612},{"id":226830,"n":"Dentifrice Sensodyne Répare & protège Blancheur - 75ml","p":4.68,"u":"62,40 €/L","img":"https://fd5-photos.leclercdrive.fr/image.ashx?id=2872955&use=l&cat=p&typeid=i","cat":284612},{"id":226834,"n":"Savon extra pur Lot 5x100g","p":2.5,"u":"5,00 €/KG","img":"https://fd5-photos.leclercdrive.fr/image.ashx?id=2694578&use=l&cat=p&typeid=i","cat":325365},{"id":226856,"n":"P'tit onctueux pêche Nestlé sans sucres ajoutés - 4x90g","p":2.14,"u":"5,94 €/KG","img":"https://fd5-photos.leclercdrive.fr/image.ashx?id=2695124&use=l&cat=p&typeid=i","cat":312392},{"id":226876,"n":"P'tit brassé banane Nestlé mangue sans sucre - 4x90g","p":1.87,"u":"5,19 €/KG","img":"https://fd5-photos.leclercdrive.fr/image.ashx?id=2696133&use=l&cat=p&typeid=i","cat":312392},{"id":226881,"n":"Infusion detox Pukka Fruits rouges x20 - 34g","p":4.48,"u":"131,76 €/KG","img":"https://fd5-photos.leclercdrive.fr/image.ashx?id=2859803&use=l&cat=p&typeid=i","cat":293234},{"id":226899,"n":"Mini bille chocolaté M&Ms 176g","p":2.48,"u":"14,09 €/KG","img":"https://fd5-photos.leclercdrive.fr/image.ashx?id=3009074&use=l&cat=p&typeid=i","cat":304238},{"id":226903,"n":"Boisson énergisante Maison Perrier mûre - 25cl","p":0.75,"u":"3,00 €/L","img":"https://fd5-photos.leclercdrive.fr/image.ashx?id=2696130&use=l&cat=p&typeid=i","cat":284533},{"id":226912,"n":"Boisson énergisante Maison Perrier pêche - 25cl","p":0.79,"u":"3,16 €/L","img":"https://fd5-photos.leclercdrive.fr/image.ashx?id=2696142&use=l&cat=p&typeid=i","cat":284533},{"id":226921,"n":"Boisson énergisante Maison Perrier citron - 25cl","p":0.68,"u":"2,72 €/L","img":"https://fd5-photos.leclercdrive.fr/image.ashx?id=2696145&use=l&cat=p&typeid=i","cat":284533},{"id":226970,"n":"Tablette lave-vaisselle Sun  Expert Plus x40 -700g","p":7.9,"u":"11,29 €/KG","img":"https://fd5-photos.leclercdrive.fr/image.ashx?id=2738734&use=l&cat=p&typeid=i","cat":284656},{"id":226971,"n":"Sun Tablettes Lave-Vaisselle Tout en 1 Expert Plus x40","p":7.9,"u":"11,29 €/KG","img":"https://fd5-photos.leclercdrive.fr/image.ashx?id=2942012&use=l&cat=p&typeid=i","cat":284656},{"id":226973,"n":"Sun Tablettes Lave-Vaisselle Tout en 1 Citron Ecolabel x46","p":7.9,"u":"10,41 €/KG","img":"https://fd5-photos.leclercdrive.fr/image.ashx?id=3000905&use=l&cat=p&typeid=i","cat":284656},{"id":226975,"n":"Crème de douche Corine de Farme Soin nourrissant - Monoï 500ml","p":3.24,"u":"6,48 €/L","img":"https://fd5-photos.leclercdrive.fr/image.ashx?id=2696613&use=l&cat=p&typeid=i","cat":284594},{"id":226978,"n":"Crème Anti-Âge Rose Re-Fortifiant - 50ml","p":11.97,"pp":7.9,"u":"158,00 €/L","img":"https://fd5-photos.leclercdrive.fr/image.ashx?id=2757425&use=l&cat=p&typeid=i","cat":325345},{"id":226983,"n":"Boisson lactée protéinée Arla Chocolat - 482ml","p":2.45,"u":"5,08 €/L","img":"https://fd5-photos.leclercdrive.fr/image.ashx?id=2696667&use=l&cat=p&typeid=i","cat":284415},{"id":227043,"n":"Soin intime Saforelle Miss Et corporel - 500ml","p":11.15,"u":"22,30 €/L","img":"https://fd5-photos.leclercdrive.fr/image.ashx?id=2697174&use=l&cat=p&typeid=i","cat":328622},{"id":227044,"n":"Soin lavant Saforelle Fraîcheur - 250ml","p":6.75,"u":"27,00 €/L","img":"https://fd5-photos.leclercdrive.fr/image.ashx?id=2711659&use=l&cat=p&typeid=i","cat":301348},{"id":227063,"n":"Gaufrettes Wafers Balconi  Noisette - 3x300g","p":4.39,"u":"4,88 €/KG","img":"https://fd5-photos.leclercdrive.fr/image.ashx?id=2697321&use=l&cat=p&typeid=i","cat":284488},{"id":227065,"n":"Pack wafers cacao  3x300g","p":4.39,"u":"4,88 €/KG","img":"https://fd5-photos.leclercdrive.fr/image.ashx?id=2697324&use=l&cat=p&typeid=i","cat":284488},{"id":227070,"n":"Thé glacé pétillant Lipton Ice Tea pêche - bouteille 1.25L","p":1.63,"u":"1,30 €/L","img":"https://fd5-photos.leclercdrive.fr/image.ashx?id=2887704&use=l&cat=p&typeid=i","cat":295019},{"id":227071,"n":"Thé pétillant Lipton Ice Tea Citron citron vert - 1.25L","p":1.61,"u":"1,29 €/L","img":"https://fd5-photos.leclercdrive.fr/image.ashx?id=2887707&use=l&cat=p&typeid=i","cat":295019},{"id":227154,"n":"Couches Carryboo de nos Régions Couches locales Taille 3 - x50","p":14.85,"u":"0,30 €/P","img":"https://fd5-photos.leclercdrive.fr/image.ashx?id=2833801&use=l&cat=p&typeid=i","cat":284737},{"id":227165,"n":"Serum Acide Hyaluronique Mixa 30mL","p":8.04,"u":"268,00 €/L","img":"https://fd5-photos.leclercdrive.fr/image.ashx?id=2698711&use=l&cat=p&typeid=i","cat":325345},{"id":227167,"n":"Serum anti-imperfections Niacinamide Mixa 30mL","p":8.04,"u":"268,00 €/L","img":"https://fd5-photos.leclercdrive.fr/image.ashx?id=2698717&use=l&cat=p&typeid=i","cat":325345},{"id":227220,"n":"Eau pétillante aromatisée Diabolo grenadine - Lorina - 1L","p":2.34,"u":"2,34 €/L","img":"https://fd5-photos.leclercdrive.fr/image.ashx?id=2705593&use=l&cat=p&typeid=i","cat":284536},{"id":227224,"n":"Sacs poubelle Poubel Sak Lot de 2 rouleaux de 10 + 1","p":12.99,"u":"0,43 €/P","img":"https://fd5-photos.leclercdrive.fr/image.ashx?id=2698441&use=l&cat=p&typeid=i","cat":285168},{"id":227243,"n":"Soin lavant Saforelle Ultra Hydratant - Eco recharge 400ml","p":9.75,"u":"24,38 €/L","img":"https://fd5-photos.leclercdrive.fr/image.ashx?id=2697839&use=l&cat=p&typeid=i","cat":301348},{"id":227247,"n":"Crème Sebiaclear SVR Matifiant hydratant - 40ml","p":10.9,"u":"272,50 €/L","img":"https://fd5-photos.leclercdrive.fr/image.ashx?id=2967893&use=l&cat=p&typeid=i","cat":291166},{"id":227298,"n":"Biscuits sablés McVitie's  Flocon avoine chocolat 300g","p":2.45,"u":"8,17 €/KG","img":"https://fd5-photos.leclercdrive.fr/image.ashx?id=2700641&use=l&cat=p&typeid=i","cat":284487},{"id":227307,"n":"Café capsules Dolce Gusto Starbucks White Moka - 123g","p":4.39,"u":"35,69 €/KG","img":"https://fd5-photos.leclercdrive.fr/image.ashx?id=3000459&use=l&cat=p&typeid=i","cat":284749},{"id":227318,"n":"P'tite Céréale Nestlé Vanille - 415g","p":2.56,"u":"6,17 €/KG","img":"https://fd5-photos.leclercdrive.fr/image.ashx?id=2700773&use=l&cat=p&typeid=i","cat":312225},{"id":227325,"n":"P'tite céréales Nestlé Saveur biscuit - 415g","p":2.93,"u":"7,06 €/KG","img":"https://fd5-photos.leclercdrive.fr/image.ashx?id=2700776&use=l&cat=p&typeid=i","cat":312225},{"id":227329,"n":"P'tite céréale Nestlé 415g","p":3.08,"u":"7,42 €/KG","img":"https://fd5-photos.leclercdrive.fr/image.ashx?id=2700770&use=l&cat=p&typeid=i","cat":312225},{"id":227341,"n":"Céréales Lion Nestlé 1.05kg","p":6.08,"u":"6,08 €/KG","img":"https://fd5-photos.leclercdrive.fr/image.ashx?id=2995433&use=l&cat=p&typeid=i","cat":309513},{"id":227347,"n":"Déodorant Spray L'Oréal Paris Men Expert 48h - 150ml","p":2.93,"u":"19,53 €/L","img":"https://fd5-photos.leclercdrive.fr/image.ashx?id=2802509&use=l&cat=p&typeid=i","cat":284618},{"id":227375,"n":"Capsule Nescafé Farmers Origins  Brazil Int 8 - x10","p":2.32,"u":"52,73 €/KG","img":"https://fd5-photos.leclercdrive.fr/image.ashx?id=2952166&use=l&cat=p&typeid=i","cat":284749},{"id":227376,"n":"Croquette Friskies Vitafit  Boeuf - 3kg","p":6.22,"u":"2,07 €/KG","img":"https://fd5-photos.leclercdrive.fr/image.ashx?id=2986999&use=l&cat=p&typeid=i","cat":284672},{"id":227381,"n":"Croquettes Friskies Vitafit Poulet & legumes - 3kg","p":6.22,"u":"2,07 €/KG","img":"https://fd5-photos.leclercdrive.fr/image.ashx?id=2986981&use=l&cat=p&typeid=i","cat":284672},{"id":227406,"n":"Déodorant stick Rexona Sensitive dry - 45ml","p":6.08,"u":"135,11 €/L","img":"https://fd5-photos.leclercdrive.fr/image.ashx?id=2906880&use=l&cat=p&typeid=i","cat":284595},{"id":227411,"n":"Dentifrice Sensodyne  Soin blancheur - 2x75ml","p":5.75,"u":"19,17 €/L","img":"https://fd5-photos.leclercdrive.fr/image.ashx?id=3000378&use=l&cat=p&typeid=i","cat":284612},{"id":227421,"n":"Etuis mouchoirs Lotus Classic+ - x24","p":3.57,"img":"https://fd5-photos.leclercdrive.fr/image.ashx?id=2700686&use=l&cat=p&typeid=i","cat":284638},{"id":227422,"n":"Etuis mouchoirs Lotus Classic+ - x12","p":1.83,"img":"https://fd5-photos.leclercdrive.fr/image.ashx?id=2700689&use=l&cat=p&typeid=i","cat":284638},{"id":227423,"n":"Etuis mouchoirs Lotus Compact+ - x24","p":3.59,"img":"https://fd5-photos.leclercdrive.fr/image.ashx?id=2700692&use=l&cat=p&typeid=i","cat":284638},{"id":227424,"n":"Etuis mouchoirs Lotus Compact+ - x18","p":2.6,"img":"https://fd5-photos.leclercdrive.fr/image.ashx?id=2988680&use=l&cat=p&typeid=i","cat":284638},{"id":227425,"n":"Boîte mouchoirs Lotus Classic+ - Pur Blanc - x80","p":1.41,"img":"https://fd5-photos.leclercdrive.fr/image.ashx?id=2700698&use=l&cat=p&typeid=i","cat":284638},{"id":227507,"n":"Capsule Nescafé Farmers Origins  India Int 9 - x10","p":2.28,"u":"51,82 €/KG","img":"https://fd5-photos.leclercdrive.fr/image.ashx?id=2952169&use=l&cat=p&typeid=i","cat":284749},{"id":227515,"n":"Chips Savour Vinaigre de cidre - 120g","p":1.71,"u":"14,25 €/KG","img":"https://fd5-photos.leclercdrive.fr/image.ashx?id=2743822&use=l&cat=p&typeid=i","cat":284447},{"id":227520,"n":"Chips Lay's Sel & vinaigre - 130g","p":1.21,"u":"9,31 €/KG","img":"https://fd5-photos.leclercdrive.fr/image.ashx?id=3011161&use=l&cat=p&typeid=i","cat":284447},{"id":227528,"n":"Chips Lay's Poulet - 135g","p":1.16,"u":"8,59 €/KG","img":"https://fd5-photos.leclercdrive.fr/image.ashx?id=2995079&use=l&cat=p&typeid=i","cat":284447},{"id":227532,"n":"Chips Lay's Barbecue - 250g","p":1.91,"u":"7,64 €/KG","img":"https://fd5-photos.leclercdrive.fr/image.ashx?id=2994488&use=l&cat=p&typeid=i","cat":284447},{"id":227534,"n":"Chips Lay's Barbecue - 135g","p":1.12,"u":"8,30 €/KG","img":"https://fd5-photos.leclercdrive.fr/image.ashx?id=2994485&use=l&cat=p&typeid=i","cat":284447},{"id":227542,"n":"Croquettes pour chien Friskies Vitafit 12kg","p":21.84,"u":"1,82 €/KG","img":"https://fd5-photos.leclercdrive.fr/image.ashx?id=2986987&use=l&cat=p&typeid=i","cat":284672},{"id":227558,"n":"Biscuit goûter fourré Gullon Méga duo tout chocolat - 500g","p":1.99,"u":"3,98 €/KG","img":"https://fd5-photos.leclercdrive.fr/image.ashx?id=2700755&use=l&cat=p&typeid=i","cat":284488},{"id":227602,"n":"Croquettes Friskies  Poulet & légumes  1,5 kg","p":5.5,"u":"3,67 €/KG","img":"https://fd5-photos.leclercdrive.fr/image.ashx?id=2701400&use=l&cat=p&typeid=i","cat":284680},{"id":227605,"n":"Croquettes petit chien Friskies Poulet & légumes - 1.5kg","p":5.05,"u":"3,37 €/KG","img":"https://fd5-photos.leclercdrive.fr/image.ashx?id=2986314&use=l&cat=p&typeid=i","cat":294526},{"id":227608,"n":"Croquettes Friskies Junior  Poulet avec du lait - 3kg","p":6.91,"u":"2,30 €/KG","img":"https://fd5-photos.leclercdrive.fr/image.ashx?id=2986900&use=l&cat=p&typeid=i","cat":284672},{"id":227612,"n":"Croquettes chien light Friskies Poulet & légumes - 3kg","p":8.55,"u":"2,85 €/KG","img":"https://fd5-photos.leclercdrive.fr/image.ashx?id=2987002&use=l&cat=p&typeid=i","cat":284672},{"id":227633,"n":"Barres chocolatées Twix  x10 -210g","p":2.15,"u":"10,24 €/KG","img":"https://fd5-photos.leclercdrive.fr/image.ashx?id=2980091&use=l&cat=p&typeid=i","cat":284498},{"id":227639,"n":"Canard WC Fresh disc Tropical - 2 recharges","p":4.32,"img":"https://fd5-photos.leclercdrive.fr/image.ashx?id=2845584&use=l&cat=p&typeid=i","cat":284662},{"id":227645,"n":"Barres Bounty chocolat & noix de coco x5 - 285g","p":2.77,"u":"9,72 €/KG","img":"https://fd5-photos.leclercdrive.fr/image.ashx?id=2701022&use=l&cat=p&typeid=i","cat":284498},{"id":227656,"n":"Bière Rince cochon ambrée  Triple - 75cl","p":3.85,"u":"5,13 €/L","img":"https://fd5-photos.leclercdrive.fr/image.ashx?id=2701211&use=l&cat=p&typeid=i","cat":334872},{"id":227658,"n":"Tropico original 6x20cl","p":2.6,"u":"2,17 €/L","img":"https://fd5-photos.leclercdrive.fr/image.ashx?id=2757800&use=l&cat=p&typeid=i","cat":295018},{"id":227669,"n":"Boisson Gazeuse Maison Perrier Chic Roséllini 4x25cl","p":3.07,"u":"3,07 €/L","img":"https://fd5-photos.leclercdrive.fr/image.ashx?id=2701403&use=l&cat=p&typeid=i","cat":284536},{"id":227671,"n":"Bière aromatisée Desperados Tropical -  6X33cl","p":8.8,"u":"4,44 €/L","img":"https://fd5-photos.leclercdrive.fr/image.ashx?id=2701142&use=l&cat=p&typeid=i","cat":334878},{"id":227684,"n":"Barres chocolatées Twix x7 - 350g","p":3.22,"u":"9,20 €/KG","img":"https://fd5-photos.leclercdrive.fr/image.ashx?id=2701028&use=l&cat=p&typeid=i","cat":284498},{"id":227702,"n":"Fromage enfant La Vache qui rit Pik&Croq 8 portions - 280g","p":3.29,"u":"11,75 €/KG","img":"https://fd5-photos.leclercdrive.fr/image.ashx?id=2945436&use=l&cat=p&typeid=i","cat":314030},{"id":227716,"n":"Mouchoirs miniétuits Le Trèfle  Douceur Bambou - x10","p":1.74,"u":"0,17 €/P","img":"https://fd5-photos.leclercdrive.fr/image.ashx?id=2792996&use=l&cat=p&typeid=i","cat":284638},{"id":227738,"n":"Capsule Nescafé Farmers Origins  Africas Int 10 - x10","p":2.35,"u":"53,41 €/KG","img":"https://fd5-photos.leclercdrive.fr/image.ashx?id=2952172&use=l&cat=p&typeid=i","cat":284749},{"id":227739,"n":"Capsule Nescafé Farmers Origins  Colombia Décaféiné Int 6 - x10","p":2.71,"u":"51,13 €/KG","img":"https://fd5-photos.leclercdrive.fr/image.ashx?id=2701977&use=l&cat=p&typeid=i","cat":284749},{"id":227744,"n":"Capsule Nescafé Farmers Origins  Andes Int 5 - x10","p":2.78,"u":"63,18 €/KG","img":"https://fd5-photos.leclercdrive.fr/image.ashx?id=2701965&use=l&cat=p&typeid=i","cat":284749},{"id":227745,"n":"Lait Combiotic Hipp Bio jusqu' à 6mois 800g","p":19.38,"u":"24,23 €/KG","img":"https://fd5-photos.leclercdrive.fr/image.ashx?id=2926843&use=l&cat=p&typeid=i","cat":284726},{"id":227746,"n":"Lait Combiotic nutrigest Hipp Bio - 800g","p":20.84,"u":"26,05 €/KG","img":"https://fd5-photos.leclercdrive.fr/image.ashx?id=2926840&use=l&cat=p&typeid=i","cat":284726},{"id":227766,"n":"Diffuseur électrique Pyrel Eucalyptus - 45 nuits - 32ml","p":6.95,"u":"217,19 €/L","img":"https://fd5-photos.leclercdrive.fr/image.ashx?id=2973967&use=l&cat=p&typeid=i","cat":311629},{"id":227767,"n":"Gel douche Men Expert Barber club - 300ml","p":2.8,"u":"9,33 €/L","img":"https://fd5-photos.leclercdrive.fr/image.ashx?id=3008773&use=l&cat=p&typeid=i","cat":284619},{"id":227780,"n":"Liqueur GET Menthe & Citrons 17,9° - 70cl","p":12.99,"u":"18,56 €/L","img":"https://fd5-photos.leclercdrive.fr/image.ashx?id=2840629&use=l&cat=p&typeid=i","cat":286032},{"id":227818,"n":"Fromage enfant La Vache qui rit Pik&Croq 5 portions - 175g","p":2.25,"u":"12,86 €/KG","img":"https://fd5-photos.leclercdrive.fr/image.ashx?id=2945433&use=l&cat=p&typeid=i","cat":314030},{"id":227823,"n":"Chips Lay's Emmental - 135g","p":1.17,"u":"8,67 €/KG","img":"https://fd5-photos.leclercdrive.fr/image.ashx?id=3011155&use=l&cat=p&typeid=i","cat":284447},{"id":227831,"n":"Spray Nettoyant Menager Cif  Anti-calcaire Universel 750 ml","p":2.17,"u":"2,89 €/L","img":"https://fd5-photos.leclercdrive.fr/image.ashx?id=2890520&use=l&cat=p&typeid=i","cat":325362},{"id":227839,"n":"Yaourt hyperprotéiné Sport Citron - 4x120g","p":2.65,"u":"5,52 €/KG","img":"https://fd5-photos.leclercdrive.fr/image.ashx?id=2881253&use=l&cat=p&typeid=i","cat":315000},{"id":227841,"n":"Yaourt hyperprotéiné Sport Fraise framboise - 4x120g","p":2.65,"u":"5,76 €/P","img":"https://fd5-photos.leclercdrive.fr/image.ashx?id=2716988&use=l&cat=p&typeid=i","cat":315000},{"id":227884,"n":"Bâtonnet Magnum White choco Cookie - x3 - 222g","p":2.6,"u":"11,71 €/KG","img":"https://fd5-photos.leclercdrive.fr/image.ashx?id=2793071&use=l&cat=p&typeid=i","cat":284265},{"id":227896,"n":"Glace Carte d'Or Les Essentiels Vanille de Madagascar 700ml","p":2.7,"pp":1.89,"u":"5,15 €/KG","img":"https://fd5-photos.leclercdrive.fr/image.ashx?id=2831149&use=l&cat=p&typeid=i","cat":284263},{"id":227900,"n":"Glace Bâtonnet MAGNUM Chocolat Blanc 4x100ml","p":3.07,"u":"10,44 €/KG","img":"https://fd5-photos.leclercdrive.fr/image.ashx?id=3011944&use=l&cat=p&typeid=i","cat":284265},{"id":227908,"n":"Mini bâtonnet Magnum Chocolat blanc Amande x6 - 257g","p":3.75,"u":"14,59 €/KG","img":"https://fd5-photos.leclercdrive.fr/image.ashx?id=2849367&use=l&cat=p&typeid=i","cat":284265},{"id":227933,"n":"Chewing-gum Freedent Refresher  fraise citron x8 - 17g","p":0.95,"u":"55,88 €/KG","img":"https://fd5-photos.leclercdrive.fr/image.ashx?id=2833915&use=l&cat=p&typeid=i","cat":304251},{"id":227935,"n":"Chewing-gum Freedent Refreshers Bubble menthe x8 -17g","p":0.95,"u":"52,78 €/KG","img":"https://fd5-photos.leclercdrive.fr/image.ashx?id=2863785&use=l&cat=p&typeid=i","cat":304251},{"id":227962,"n":"Concentré agrumes sans sucres Sodastream - 440ml","p":5.45,"u":"12,39 €/L","img":"https://fd5-photos.leclercdrive.fr/image.ashx?id=2871133&use=l&cat=p&typeid=i","cat":295020},{"id":227963,"n":"Tartines croustillantes Wasa Flocons d'avoine - 265g","p":2.89,"u":"10,91 €/KG","img":"https://fd5-photos.leclercdrive.fr/image.ashx?id=2749527&use=l&cat=p&typeid=i","cat":284479},{"id":227964,"n":"Tartines croustillantes Wasa Sensation graines de chia -245g","p":2.97,"u":"12,12 €/KG","img":"https://fd5-photos.leclercdrive.fr/image.ashx?id=2749524&use=l&cat=p&typeid=i","cat":284479},{"id":227994,"n":"Concentré adoucissant Soupline Mandarine Vanille - 2x1,28L","p":10.55,"u":"4,12 €/L","img":"https://fd5-photos.leclercdrive.fr/image.ashx?id=2706683&use=l&cat=p&typeid=i","cat":284650},{"id":228005,"n":"Concentré adoucissant Soupline Ultra 3D coco - 2x1.28L","p":10.54,"u":"4,12 €/L","img":"https://fd5-photos.leclercdrive.fr/image.ashx?id=2703873&use=l&cat=p&typeid=i","cat":284650},{"id":228007,"n":"Concentré adoucissant Soupline Ultra 3D hypoallergénique  2,7L","p":10.54,"u":"3,90 €/L","img":"https://fd5-photos.leclercdrive.fr/image.ashx?id=2703876&use=l&cat=p&typeid=i","cat":284650},{"id":228008,"n":"Concentré adoucissant Soupline Ultra 3D lavande - x2 2,7L","p":10.54,"u":"3,90 €/L","img":"https://fd5-photos.leclercdrive.fr/image.ashx?id=2703879&use=l&cat=p&typeid=i","cat":284650},{"id":228102,"n":"Thé glacé Lipton Ice Tea Pêche Sans sucres - bouteille 1.75l","p":2.17,"u":"1,24 €/L","img":"https://fd5-photos.leclercdrive.fr/image.ashx?id=2857060&use=l&cat=p&typeid=i","cat":295019},{"id":228103,"n":"Thé glacé Lipton Ice Tea Pêche Zéro sucres - canettes 6x33cl","p":3.57,"u":"1,80 €/L","img":"https://fd5-photos.leclercdrive.fr/image.ashx?id=2959442&use=l&cat=p&typeid=i","cat":295019},{"id":228127,"n":"Lasagnes saumon épinards  Comptoir des marées - 900g","p":5.9,"u":"6,56 €/KG","img":"https://fd5-photos.leclercdrive.fr/image.ashx?id=2732668&use=l&cat=p&typeid=i","cat":284254},{"id":228192,"n":"Coca-cola sans sucre Sans caféine  - 6x20cl","p":3.57,"u":"2,98 €/L","img":"https://fd5-photos.leclercdrive.fr/image.ashx?id=3009062&use=l&cat=p&typeid=i","cat":284530},{"id":228193,"n":"Tropico original Orange ananas - 1.75L","p":2.13,"u":"1,22 €/L","img":"https://fd5-photos.leclercdrive.fr/image.ashx?id=2705731&use=l&cat=p&typeid=i","cat":295018},{"id":228196,"n":"Sirop Frucci  Pêche - 1.3L","p":3.99,"u":"3,07 €/L","img":"https://fd5-photos.leclercdrive.fr/image.ashx?id=2898047&use=l&cat=p&typeid=i","cat":295020},{"id":228197,"n":"Sirop Frucci Fraise - 1.3L","p":3.77,"u":"2,90 €/L","img":"https://fd5-photos.leclercdrive.fr/image.ashx?id=2898041&use=l&cat=p&typeid=i","cat":295020},{"id":228198,"n":"Sirop Frucci Grenadine - 1.3L","p":3.28,"u":"2,52 €/L","img":"https://fd5-photos.leclercdrive.fr/image.ashx?id=2909921&use=l&cat=p&typeid=i","cat":295020},{"id":228199,"n":"Sirop Frucci Menthe - 1.3L","p":3.02,"u":"2,32 €/L","img":"https://fd5-photos.leclercdrive.fr/image.ashx?id=2898038&use=l&cat=p&typeid=i","cat":295020},{"id":228460,"n":"Capsules lave-vaisselle Sun Tout-en-1 Absolu Plus 390g x26","p":7.9,"u":"20,26 €/KG","img":"https://fd5-photos.leclercdrive.fr/image.ashx?id=2960282&use=l&cat=p&typeid=i","cat":284656},{"id":228461,"n":"Spray Nettoyant Menager Cif  Cleanboost Technology - 750 ml","p":2.13,"u":"2,84 €/L","img":"https://fd5-photos.leclercdrive.fr/image.ashx?id=2866214&use=l&cat=p&typeid=i","cat":325357},{"id":228463,"n":"Liquide vaisselle mini Paic Citron - 500ml","p":1.73,"u":"3,46 €/L","img":"https://fd5-photos.leclercdrive.fr/image.ashx?id=2708020&use=l&cat=p&typeid=i","cat":284655},{"id":228465,"n":"Nettoyant ménager Ajax Fête des fleurs muguets 1.25L","p":2.3,"u":"1,84 €/L","img":"https://fd5-photos.leclercdrive.fr/image.ashx?id=2926072&use=l&cat=p&typeid=i","cat":284907},{"id":228466,"n":"Liquide vaisselle et mains Paic Citron - 500ml","p":2.05,"u":"4,10 €/L","img":"https://fd5-photos.leclercdrive.fr/image.ashx?id=2708038&use=l&cat=p&typeid=i","cat":284655},{"id":228467,"n":"Spray nettoyant ménager Ajax Salle de bain - 500ml","p":2.68,"u":"5,36 €/L","img":"https://fd5-photos.leclercdrive.fr/image.ashx?id=2708041&use=l&cat=p&typeid=i","cat":325357},{"id":228468,"n":"Spray nettoyant ménager Ajax Multi-surfaces - 500ml","p":2.68,"u":"5,36 €/L","img":"https://fd5-photos.leclercdrive.fr/image.ashx?id=2708044&use=l&cat=p&typeid=i","cat":325357},{"id":228469,"n":"Perles de linge Soupline Grand Air - 230g","p":5.97,"u":"25,96 €/KG","img":"https://fd5-photos.leclercdrive.fr/image.ashx?id=2708032&use=l&cat=p&typeid=i","cat":325302},{"id":228477,"n":"Brosse à dents Signal Triple Action - Medium - x4","p":1.43,"u":"0,36 €/P","img":"https://fd5-photos.leclercdrive.fr/image.ashx?id=2708310&use=l&cat=p&typeid=i","cat":284614},{"id":228480,"n":"Gel Douche Dove Advanced Care Nutrition Intense 225ml","p":2.8,"u":"12,44 €/L","img":"https://fd5-photos.leclercdrive.fr/image.ashx?id=2968580&use=l&cat=p&typeid=i","cat":284594},{"id":228481,"n":"Gel Douche Dove Advanced Care Nutrition Intense 400ml","p":4.34,"u":"10,85 €/L","img":"https://fd5-photos.leclercdrive.fr/image.ashx?id=2991036&use=l&cat=p&typeid=i","cat":284594},{"id":228484,"n":"Gel Douche Dove Hydratant 450ml","p":3.85,"u":"8,56 €/L","img":"https://fd5-photos.leclercdrive.fr/image.ashx?id=2993499&use=l&cat=p&typeid=i","cat":284594},{"id":228501,"n":"Lessive liquide X-tra Total Savon de Marseille x63  -2.835L","p":9.78,"u":"3,45 €/L","img":"https://fd5-photos.leclercdrive.fr/image.ashx?id=2921564&use=l&cat=p&typeid=i","cat":284640},{"id":228503,"n":"Recharge lessive Maison Verte Huiles essentielles x33 -1.485L","p":6.59,"u":"4,44 €/L","img":"https://fd5-photos.leclercdrive.fr/image.ashx?id=2890625&use=l&cat=p&typeid=i","cat":284644},{"id":228509,"n":"Lessive liquide Mir Laine Textile délicat x27 - 1.35L","p":5.64,"u":"4,18 €/L","img":"https://fd5-photos.leclercdrive.fr/image.ashx?id=2890118&use=l&cat=p&typeid=i","cat":284644},{"id":228510,"n":"Lessive liquide Super Croix X-tra Bora Bora x42 - 1.89L","p":7.7,"u":"4,07 €/L","img":"https://fd5-photos.leclercdrive.fr/image.ashx?id=2876263&use=l&cat=p&typeid=i","cat":284640},{"id":228511,"n":"Lessive liquide Maison Verte Fraîcheur d'été - 1.485L x33","p":7.06,"u":"4,75 €/L","img":"https://fd5-photos.leclercdrive.fr/image.ashx?id=2890121&use=l&cat=p&typeid=i","cat":284640},{"id":228541,"n":"Sirop Teisseire  Menthe verte - 1,30L","p":5.23,"u":"4,02 €/L","img":"https://fd5-photos.leclercdrive.fr/image.ashx?id=2709094&use=l&cat=p&typeid=i","cat":295020},{"id":228631,"n":"Soda Coca-Cola Sans Sucres Canette - Pack 6x20CL","p":3.41,"u":"2,84 €/L","img":"https://fd5-photos.leclercdrive.fr/image.ashx?id=2709352&use=l&cat=p&typeid=i","cat":284530},{"id":228685,"n":"Bière aromatisée cerise La Bête 8° - 6x25cl","p":8.38,"u":"5,59 €/L","img":"https://fd5-photos.leclercdrive.fr/image.ashx?id=2766731&use=l&cat=p&typeid=i","cat":334872},{"id":228862,"n":"Lait bébé Candia Baby croissance 3ème âge - 18x25cl","p":10.1,"u":"2,24 €/L","img":"https://fd5-photos.leclercdrive.fr/image.ashx?id=2963367&use=l&cat=p&typeid=i","cat":284728},{"id":228902,"n":"Boisson lactée Candy'up  Choco coco - 6x20cl","p":2.85,"u":"2,38 €/L","img":"https://fd5-photos.leclercdrive.fr/image.ashx?id=2890241&use=l&cat=p&typeid=i","cat":295246},{"id":228926,"n":"Lait infantile Guigoz Optipro 2ème age -1,3L","p":5.63,"u":"4,33 €/L","img":"https://fd5-photos.leclercdrive.fr/image.ashx?id=2712145&use=l&cat=p&typeid=i","cat":284727},{"id":228929,"n":"Lait infantile Guigoz Optipro - 1er age 1,3L","p":5.92,"u":"0,46 €/L","img":"https://fd5-photos.leclercdrive.fr/image.ashx?id=2813068&use=l&cat=p&typeid=i","cat":284726},{"id":228932,"n":"Lait croissance Guigoz Optipro 3 - 6x500ml","p":7.87,"u":"2,62 €/L","img":"https://fd5-photos.leclercdrive.fr/image.ashx?id=2712139&use=l&cat=p&typeid=i","cat":284728},{"id":228934,"n":"P'tit brassé Pomme  Nestlé Framboise céréale 2X115g","p":1.67,"u":"7,26 €/KG","img":"https://fd5-photos.leclercdrive.fr/image.ashx?id=2712130&use=l&cat=p&typeid=i","cat":312392},{"id":228935,"n":"Dessert P'tit brassé Nestlé Banane mangue céréales 2x115g","p":1.67,"u":"7,26 €/KG","img":"https://fd5-photos.leclercdrive.fr/image.ashx?id=2712127&use=l&cat=p&typeid=i","cat":312392},{"id":228940,"n":"Naturnes Nestlé Jardinière de légumes 2x190g","p":2.08,"u":"5,47 €/KG","img":"https://fd5-photos.leclercdrive.fr/image.ashx?id=2712124&use=l&cat=p&typeid=i","cat":312235},{"id":228948,"n":"Biscuits Mulino Bianco Nascondini - 330g","p":3.44,"u":"10,42 €/KG","img":"https://fd5-photos.leclercdrive.fr/image.ashx?id=2850258&use=l&cat=p&typeid=i","cat":289010},{"id":228950,"n":"Biscuits Mulino Bianco Macine - 350g","p":2.32,"u":"6,63 €/KG","img":"https://fd5-photos.leclercdrive.fr/image.ashx?id=2880567&use=l&cat=p&typeid=i","cat":289010},{"id":228952,"n":"Biscuits Mulino Bianco Galetti - 350g","p":2.99,"u":"8,54 €/KG","img":"https://fd5-photos.leclercdrive.fr/image.ashx?id=2850252&use=l&cat=p&typeid=i","cat":289010},{"id":228957,"n":"Dessert P'tit brassé  Mini banane - 300g","p":2.07,"u":"6,90 €/KG","img":"https://fd5-photos.leclercdrive.fr/image.ashx?id=2958203&use=l&cat=p&typeid=i","cat":312392},{"id":228958,"n":"Dessert mini P'tit brassé Nature -300g","p":1.97,"u":"6,57 €/KG","img":"https://fd5-photos.leclercdrive.fr/image.ashx?id=2712112&use=l&cat=p&typeid=i","cat":312392},{"id":228963,"n":"Thé noir en vrac Lipton à l'Orange d'Espagne - 150g","p":7.16,"u":"47,73 €/KG","img":"https://fd5-photos.leclercdrive.fr/image.ashx?id=2746316&use=l&cat=p&typeid=i","cat":293234},{"id":228964,"n":"P'tite céréales  Vanille - 270g","p":3.12,"u":"11,56 €/KG","img":"https://fd5-photos.leclercdrive.fr/image.ashx?id=2737777&use=l&cat=p&typeid=i","cat":312225},{"id":228965,"n":"P'tite céréales Nestlé Saveur biscuit - 270g","p":3.14,"u":"1,16 €/L","img":"https://fd5-photos.leclercdrive.fr/image.ashx?id=2712813&use=l&cat=p&typeid=i","cat":312225},{"id":228966,"n":"Infusion Pukka Bio Digestion - x20 - 40g","p":4.74,"u":"118,50 €/KG","img":"https://fd5-photos.leclercdrive.fr/image.ashx?id=2903719&use=l&cat=p&typeid=i","cat":293234},{"id":228969,"n":"Infusion Pukka bio Nuit enchanté x20 - 32g","p":4.87,"u":"152,19 €/KG","img":"https://fd5-photos.leclercdrive.fr/image.ashx?id=2938824&use=l&cat=p&typeid=i","cat":293234},{"id":228970,"n":"Chips Tortilla Doritos Chili - 250g","p":2.67,"u":"10,68 €/KG","img":"https://fd5-photos.leclercdrive.fr/image.ashx?id=2959439&use=l&cat=p&typeid=i","cat":287899},{"id":228974,"n":"Chips Tortilla Doritos Nature corn - 250g","p":2.85,"u":"11,40 €/KG","img":"https://fd5-photos.leclercdrive.fr/image.ashx?id=2986224&use=l&cat=p&typeid=i","cat":287899},{"id":228975,"n":"Plat cuisiné Paysan Breton Porc champignons - 300g","p":3.28,"u":"10,93 €/KG","img":"https://fd5-photos.leclercdrive.fr/image.ashx?id=2712582&use=l&cat=p&typeid=i","cat":284953},{"id":228976,"n":"Infusion Saveurs du soir Lipton Grand sud - 32g","p":1.15,"u":"35,94 €/KG","img":"https://fd5-photos.leclercdrive.fr/image.ashx?id=2718741&use=l&cat=p&typeid=i","cat":293234},{"id":228986,"n":"Thé noir au citron d'Espagne Lipton Russian earl grey - 150g","p":6.98,"u":"46,53 €/KG","img":"https://fd5-photos.leclercdrive.fr/image.ashx?id=2745100&use=l&cat=p&typeid=i","cat":293233},{"id":228992,"n":"Thé vert Lipton Bio  x20 - 28g","p":2.79,"u":"99,64 €/KG","img":"https://fd5-photos.leclercdrive.fr/image.ashx?id=2739405&use=l&cat=p&typeid=i","cat":293233},{"id":228995,"n":"Coffret thé noir Lipton Sensations x50 - 82g","p":9.5,"pp":6.65,"u":"81,10 €/KG","img":"https://fd5-photos.leclercdrive.fr/image.ashx?id=2719636&use=l&cat=p&typeid=i","cat":293233},{"id":228998,"n":"Infusion verveine Elephant  Menthe poivrée x20 - 34g","p":2.43,"u":"71,47 €/KG","img":"https://fd5-photos.leclercdrive.fr/image.ashx?id=2719633&use=l&cat=p&typeid=i","cat":293234},{"id":229001,"n":"Biscuits mini fourrés BN  Framboise - x5 - 175g","p":2.01,"u":"11,49 €/KG","img":"https://fd5-photos.leclercdrive.fr/image.ashx?id=2748230&use=l&cat=p&typeid=i","cat":284489},{"id":229009,"n":"Kit Tacos Old El Paso Street Vibes al pastor - 257g","p":3.77,"u":"14,67 €/KG","img":"https://fd5-photos.leclercdrive.fr/image.ashx?id=2764634&use=l&cat=p&typeid=i","cat":288993},{"id":229010,"n":"Kit tacos Old El Paso Street Vibes barbacoa - 255g","p":3.77,"u":"14,78 €/KG","img":"https://fd5-photos.leclercdrive.fr/image.ashx?id=2764631&use=l&cat=p&typeid=i","cat":288993},{"id":229011,"n":"Mini tortillas Old El Paso Street Vibes x8 - 220g","p":1.55,"u":"7,05 €/KG","img":"https://fd5-photos.leclercdrive.fr/image.ashx?id=2858288&use=l&cat=p&typeid=i","cat":288993},{"id":229015,"n":"Sauce soja Suzi Wan 135ml","p":1.88,"u":"13,93 €/L","img":"https://fd5-photos.leclercdrive.fr/image.ashx?id=2906664&use=l&cat=p&typeid=i","cat":288992},{"id":229031,"n":"Biscuit apéritif Ancel Bretzels - 260g","p":2.99,"u":"11,50 €/KG","img":"https://fd5-photos.leclercdrive.fr/image.ashx?id=2749137&use=l&cat=p&typeid=i","cat":297000},{"id":229045,"n":"Sauce de piment Mei Asia Sriracha - 455ml","p":3.33,"u":"7,32 €/L","img":"https://fd5-photos.leclercdrive.fr/image.ashx?id=2750039&use=l&cat=p&typeid=i","cat":288992},{"id":229056,"n":"Nouilles instantanées Tanoshi Blé curry - sachet 85g","p":0.8,"u":"9,41 €/KG","img":"https://fd5-photos.leclercdrive.fr/image.ashx?id=2912053&use=l&cat=p&typeid=i","cat":288992},{"id":229072,"n":"Biscuits chocolats Kinder Duo Chocolat blanc et lait - 2x150g","p":4.0,"u":"13,33 €/KG","img":"https://fd5-photos.leclercdrive.fr/image.ashx?id=2718188&use=l&cat=p&typeid=i","cat":284488},{"id":229102,"n":"Capsule Nescafé Farmers Origins  Africas Int 10 - x18","p":4.22,"u":"53,42 €/KG","img":"https://fd5-photos.leclercdrive.fr/image.ashx?id=2714588&use=l&cat=p&typeid=i","cat":284749},{"id":229104,"n":"Gaufre goût chocolat Rita - 325g","p":2.97,"u":"9,14 €/KG","img":"https://fd5-photos.leclercdrive.fr/image.ashx?id=2714546&use=l&cat=p&typeid=i","cat":294777},{"id":229109,"n":"Capsule Nescafé Farmers Origins Intensité 7 - x10 - 44g","p":2.75,"u":"62,50 €/KG","img":"https://fd5-photos.leclercdrive.fr/image.ashx?id=2714585&use=l&cat=p&typeid=i","cat":284749},{"id":229127,"n":"Ampoules led Flamme E14 40w - x3","p":3.99,"u":"Dont 0,86 € d'éco-part.","img":"https://fd5-photos.leclercdrive.fr/image.ashx?id=2713503&use=l&cat=p&typeid=i","cat":300573},{"id":229156,"n":"Vin efferverscent Perlino Prosecco brut - 75cl","p":7.5,"u":"10,00 €/L","img":"https://fd5-photos.leclercdrive.fr/image.ashx?id=2873333&use=l&cat=p&typeid=i","cat":289461},{"id":229170,"n":"Bière aromatisée Desperados  Tropical - 12x33cl","p":15.93,"u":"4,02 €/L","img":"https://fd5-photos.leclercdrive.fr/image.ashx?id=2981491&use=l&cat=p&typeid=i","cat":334878},{"id":229224,"n":"Glace pâte à tartiner Nutella 230g","p":3.87,"u":"16,83 €/KG","img":"https://fd5-photos.leclercdrive.fr/image.ashx?id=2905672&use=l&cat=p&typeid=i","cat":284725},{"id":229234,"n":"Glace Cacolac Fudge  Lait et Cacao - 348g","p":4.09,"u":"11,75 €/KG","img":"https://fd5-photos.leclercdrive.fr/image.ashx?id=2733841&use=l&cat=p&typeid=i","cat":284265},{"id":229235,"n":"Glace Cacolac praliné noisette 348g","p":4.09,"u":"11,75 €/KG","img":"https://fd5-photos.leclercdrive.fr/image.ashx?id=2733844&use=l&cat=p&typeid=i","cat":284265},{"id":229237,"n":"Glace Cacolac vanille  348g","p":4.09,"u":"11,75 €/KG","img":"https://fd5-photos.leclercdrive.fr/image.ashx?id=2733847&use=l&cat=p&typeid=i","cat":284265},{"id":229288,"n":"Glace Carte d'Or Café - 374g","p":2.82,"pp":1.97,"u":"5,27 €/KG","img":"https://fd5-photos.leclercdrive.fr/image.ashx?id=2973348&use=l&cat=p&typeid=i","cat":284263},{"id":229289,"n":"Glace Carte d'Or Chocolat Noir - 374g","p":2.69,"pp":1.88,"u":"5,03 €/KG","img":"https://fd5-photos.leclercdrive.fr/image.ashx?id=2849370&use=l&cat=p&typeid=i","cat":284263},{"id":229291,"n":"Glace Carte d'Or Rhum raisin - 394g","p":2.92,"pp":2.04,"u":"5,18 €/KG","img":"https://fd5-photos.leclercdrive.fr/image.ashx?id=3009305&use=l&cat=p&typeid=i","cat":284263},{"id":229292,"n":"Glace Carte d'Or Caramel fleur de sel - 373g","p":2.75,"pp":1.92,"u":"5,15 €/KG","img":"https://fd5-photos.leclercdrive.fr/image.ashx?id=3009302&use=l&cat=p&typeid=i","cat":284263},{"id":229325,"n":"Bière Leffe Ruby 5% - 50cl canette","p":1.91,"u":"3,82 €/L","img":"https://fd5-photos.leclercdrive.fr/image.ashx?id=2716657&use=l&cat=p&typeid=i","cat":334853},{"id":229394,"n":"Crème glacée La Laitière Café - 490g","p":3.24,"pp":2.27,"u":"4,63 €/KG","img":"https://fd5-photos.leclercdrive.fr/image.ashx?id=3000021&use=l&cat=p&typeid=i","cat":284263},{"id":229395,"n":"Crème glacée La Laitière Menthe Chocolat - 490g","p":3.24,"pp":2.27,"u":"4,63 €/KG","img":"https://fd5-photos.leclercdrive.fr/image.ashx?id=2877889&use=l&cat=p&typeid=i","cat":284263},{"id":229414,"n":"Chocolat Poulain maxi Lait Feuilleté - 190g","p":3.0,"u":"15,79 €/KG","img":"https://fd5-photos.leclercdrive.fr/image.ashx?id=2867140&use=l&cat=p&typeid=i","cat":284497},{"id":229421,"n":"Biscuits BN Flipz  Chocolat au lait - 90g","p":1.81,"u":"20,11 €/KG","img":"https://fd5-photos.leclercdrive.fr/image.ashx?id=2716084&use=l&cat=p&typeid=i","cat":284488},{"id":229451,"n":"Croquettes Friskies junior  Poulet avec du lait - 7kg","p":18.78,"u":"2,68 €/KG","img":"https://fd5-photos.leclercdrive.fr/image.ashx?id=2986990&use=l&cat=p&typeid=i","cat":284672},{"id":229494,"n":"Bière Lindemans pomme 5%vol. - 25cl","p":1.43,"u":"5,72 €/L","img":"https://fd5-photos.leclercdrive.fr/image.ashx?id=2830891&use=l&cat=p&typeid=i","cat":334872},{"id":229524,"n":"Thé glacé pétillant Lipton Ice Tea pêche - canettes 6x33cl","p":3.66,"u":"1,85 €/L","img":"https://fd5-photos.leclercdrive.fr/image.ashx?id=2900833&use=l&cat=p&typeid=i","cat":295019},{"id":229546,"n":"Cassonade Saint Louis 1kg","p":2.59,"u":"2,59 €/KG","img":"https://fd5-photos.leclercdrive.fr/image.ashx?id=2717595&use=l&cat=p&typeid=i","cat":284502},{"id":229593,"n":"Tablettes lave-vaisselle Visior Tout en 1 citron x45 - 765g","p":5.79,"u":"7,57 €/KG","img":"https://fd5-photos.leclercdrive.fr/image.ashx?id=2954905&use=l&cat=p&typeid=i","cat":284656},{"id":229603,"n":"Vin de France rosé Papote  75cl","p":4.15,"u":"5,53 €/L","img":"https://fd5-photos.leclercdrive.fr/image.ashx?id=2717568&use=l&cat=p&typeid=i","cat":289558},{"id":229605,"n":"Vin de France rouge 75cl","p":3.9,"u":"5,20 €/L","img":"https://fd5-photos.leclercdrive.fr/image.ashx?id=2717565&use=l&cat=p&typeid=i","cat":289556},{"id":229611,"n":"AOP vin rosé ventoux  Rives et Terrasses 3L","p":9.99,"u":"3,33 €/L","img":"https://fd5-photos.leclercdrive.fr/image.ashx?id=2717294&use=l&cat=p&typeid=i","cat":289558},{"id":229612,"n":"Prosecco  Eco+ 75cl","p":3.99,"u":"5,32 €/L","img":"https://fd5-photos.leclercdrive.fr/image.ashx?id=2931760&use=l&cat=p&typeid=i","cat":289461},{"id":229614,"n":"Jus tropical Tropicana 1.5L","p":2.09,"u":"1,39 €/L","img":"https://fd5-photos.leclercdrive.fr/image.ashx?id=3010798&use=l&cat=p&typeid=i","cat":284916},{"id":229765,"n":"Café capsules L'OR Espresso Forza - x50 - 260g","p":11.27,"u":"43,35 €/KG","img":"https://fd5-photos.leclercdrive.fr/image.ashx?id=2719864&use=l&cat=p&typeid=i","cat":284749},{"id":229769,"n":"Café capsules L'OR Espresso Ristretto - x50 - 260g","p":11.27,"u":"43,35 €/KG","img":"https://fd5-photos.leclercdrive.fr/image.ashx?id=2719867&use=l&cat=p&typeid=i","cat":284749},{"id":229811,"n":"Crème fixative Polident Original 0% -44g -","p":3.22,"u":"73,18 €/KG","img":"https://fd5-photos.leclercdrive.fr/image.ashx?id=2719615&use=l&cat=p&typeid=i","cat":285158},{"id":229814,"n":"Crème fixative Polident Original 0% - 77g","p":5.79,"u":"75,19 €/KG","img":"https://fd5-photos.leclercdrive.fr/image.ashx?id=2719618&use=l&cat=p&typeid=i","cat":285158},{"id":229846,"n":"Serviettes fuites urinaires  Always Discreet - 3x10p","p":12.56,"u":"0,42 €/P","img":"https://fd5-photos.leclercdrive.fr/image.ashx?id=2721433&use=l&cat=p&typeid=i","cat":284628},{"id":229847,"n":"Serviettes fuites urinaires Always Discreet - x18p","p":12.56,"u":"0,70 €/P","img":"https://fd5-photos.leclercdrive.fr/image.ashx?id=2721436&use=l&cat=p&typeid=i","cat":284628},{"id":229848,"n":"Serviettes fuites urinaires Always Discreet - x24","p":12.56,"u":"0,52 €/P","img":"https://fd5-photos.leclercdrive.fr/image.ashx?id=2721439&use=l&cat=p&typeid=i","cat":284628},{"id":229849,"n":"Serviettes fuites urinaires Always Discreet -x48","p":12.56,"u":"0,26 €/P","img":"https://fd5-photos.leclercdrive.fr/image.ashx?id=2721442&use=l&cat=p&typeid=i","cat":284628},{"id":229850,"n":"Serviettes fuites urinaires Always Distreet - x36","p":12.56,"u":"0,35 €/P","img":"https://fd5-photos.leclercdrive.fr/image.ashx?id=2902430&use=l&cat=p&typeid=i","cat":284628},{"id":229852,"n":"Serviettes fuites urinaires  Always Distreet - x24","p":12.56,"u":"0,52 €/P","img":"https://fd5-photos.leclercdrive.fr/image.ashx?id=2721451&use=l&cat=p&typeid=i","cat":284628},{"id":229853,"n":"Serviettes fuites urinaires Always Distreet - x24","p":12.56,"u":"0,52 €/P","img":"https://fd5-photos.leclercdrive.fr/image.ashx?id=2818157&use=l&cat=p&typeid=i","cat":284628},{"id":229891,"n":"Pain de mie complet Harrys Sandwich Sans sucre ajouté 600g","p":1.6,"u":"2,67 €/KG","img":"https://fd5-photos.leclercdrive.fr/image.ashx?id=2962473&use=l&cat=p&typeid=i","cat":284477},{"id":229896,"n":"Pain de mie nature Harrys American Sandwich 550g","p":1.44,"u":"2,62 €/KG","img":"https://fd5-photos.leclercdrive.fr/image.ashx?id=2962446&use=l&cat=p&typeid=i","cat":284477},{"id":229897,"n":"Pain de mie nature Harrys Sandwich Sans sucre ajouté 825g","p":2.05,"u":"2,48 €/KG","img":"https://fd5-photos.leclercdrive.fr/image.ashx?id=2962449&use=l&cat=p&typeid=i","cat":284477},{"id":229898,"n":"Pain de mie nature Harrys Sandwich Tranches épaisses 550g","p":2.02,"u":"3,67 €/KG","img":"https://fd5-photos.leclercdrive.fr/image.ashx?id=2962455&use=l&cat=p&typeid=i","cat":284477},{"id":229920,"n":"Pain de mie rustique Harrys Sandwich Sans sucre ajouté 500g","p":2.37,"u":"4,74 €/KG","img":"https://fd5-photos.leclercdrive.fr/image.ashx?id=2962458&use=l&cat=p&typeid=i","cat":284477},{"id":229921,"n":"Pain de mie céréales Harrys Sandwich Sans sucre ajouté 550g","p":1.82,"u":"3,31 €/KG","img":"https://fd5-photos.leclercdrive.fr/image.ashx?id=2962452&use=l&cat=p&typeid=i","cat":284477},{"id":229957,"n":"12 Minis Babybel + 6 offerts - 396g","p":4.59,"u":"11,59 €/KG","img":"https://fd5-photos.leclercdrive.fr/image.ashx?id=2771705&use=l&cat=p&typeid=i","cat":314030},{"id":229982,"n":"Coulommiers Eco+ 320g","p":1.78,"u":"5,56 €/KG","img":"https://fd5-photos.leclercdrive.fr/image.ashx?id=2726824&use=l&cat=p&typeid=i","cat":314033},{"id":229988,"n":"Lamelles kebab Maître Coq 600g","p":6.89,"u":"11,48 €/KG","img":"https://fd5-photos.leclercdrive.fr/image.ashx?id=2719075&use=l&cat=p&typeid=i","cat":null},{"id":230095,"n":"Barre chocolatée Kitkat Noisette - x4 - 166g","p":2.81,"u":"16,93 €/KG","img":"https://fd5-photos.leclercdrive.fr/image.ashx?id=2895056&use=l&cat=p&typeid=i","cat":284498},{"id":230145,"n":"Tablette Chocolat Pur Via  Caramel pointe de sel - 100g","p":2.47,"u":"24,70 €/KG","img":"https://fd5-photos.leclercdrive.fr/image.ashx?id=2789946&use=l&cat=p&typeid=i","cat":284497},{"id":230146,"n":"Tablette chocolat Pure Via  100g","p":1.88,"u":"18,80 €/KG","img":"https://fd5-photos.leclercdrive.fr/image.ashx?id=2789934&use=l&cat=p&typeid=i","cat":284956},{"id":230147,"n":"Tablette chocolat Pure Via Eclats de noisettes - 100g","p":2.64,"u":"26,40 €/KG","img":"https://fd5-photos.leclercdrive.fr/image.ashx?id=2789937&use=l&cat=p&typeid=i","cat":284497},{"id":230148,"n":"Tablette de chocolat Pure Via Noir pointe de sel - 100g","p":2.2,"u":"22,00 €/KG","img":"https://fd5-photos.leclercdrive.fr/image.ashx?id=2789940&use=l&cat=p&typeid=i","cat":284956},{"id":230149,"n":"Tablette de chocolat Pur Via Noir - 100g","p":2.29,"u":"22,90 €/KG","img":"https://fd5-photos.leclercdrive.fr/image.ashx?id=2789943&use=l&cat=p&typeid=i","cat":284956},{"id":230151,"n":"Tablette de chocolat Lindt Création blanc rocher - 145g","p":4.0,"u":"27,59 €/KG","img":"https://fd5-photos.leclercdrive.fr/image.ashx?id=2720446&use=l&cat=p&typeid=i","cat":284957},{"id":230155,"n":"Tablette chocolat Poulain Noir extra - 400g","p":4.0,"u":"10,00 €/KG","img":"https://fd5-photos.leclercdrive.fr/image.ashx?id=2964502&use=l&cat=p&typeid=i","cat":284956},{"id":230158,"n":"Tablette de chocolat Poulain Noir extra mini carrés - 210g","p":3.7,"u":"17,62 €/KG","img":"https://fd5-photos.leclercdrive.fr/image.ashx?id=2720761&use=l&cat=p&typeid=i","cat":284497},{"id":230160,"n":"Chocolat gianduja Novi Noisettes - 130g","p":3.19,"u":"24,54 €/KG","img":"https://fd5-photos.leclercdrive.fr/image.ashx?id=2778602&use=l&cat=p&typeid=i","cat":284497},{"id":230161,"n":"Tablette de chocolat Lindt Excellence noir dentelle - 100g","p":2.78,"u":"27,80 €/KG","img":"https://fd5-photos.leclercdrive.fr/image.ashx?id=2720440&use=l&cat=p&typeid=i","cat":284497},{"id":230162,"n":"Tablette de chocolat Lindt Excellence noir gaufrette  100g","p":2.72,"u":"27,20 €/KG","img":"https://fd5-photos.leclercdrive.fr/image.ashx?id=2720437&use=l&cat=p&typeid=i","cat":284956},{"id":230171,"n":"Bière Picon 1L","p":10.26,"u":"10,26 €/L","img":"https://fd5-photos.leclercdrive.fr/image.ashx?id=2720908&use=l&cat=p&typeid=i","cat":334872},{"id":230174,"n":"Bière blonde Fischer Tradition 6% - 66cl","p":1.83,"u":"2,77 €/L","img":"https://fd5-photos.leclercdrive.fr/image.ashx?id=3008128&use=l&cat=p&typeid=i","cat":334873},{"id":230193,"n":"Nettoyant ménager La Croix Gel utra dégraissant - 1L","p":1.84,"u":"1,84 €/L","img":"https://fd5-photos.leclercdrive.fr/image.ashx?id=2721534&use=l&cat=p&typeid=i","cat":325357},{"id":230198,"n":"Gel nettoyant WC La Croix Ultra WC - 750ml","p":1.25,"u":"1,67 €/L","img":"https://fd5-photos.leclercdrive.fr/image.ashx?id=2721531&use=l&cat=p&typeid=i","cat":284662},{"id":230318,"n":"Talc boîte poudreuse Felce Azzurra - 200g","p":2.27,"u":"11,35 €/KG","img":"https://fd5-photos.leclercdrive.fr/image.ashx?id=2938935&use=l&cat=p&typeid=i","cat":284741},{"id":230740,"n":"Serviettes incontinence Eco+ Extra - x10","p":1.68,"img":"https://fd5-photos.leclercdrive.fr/image.ashx?id=2722979&use=l&cat=p&typeid=i","cat":284628},{"id":230754,"n":"Huile solaire Lovea Solaire - SPF30 - 150ml","p":11.99,"u":"79,93 €/L","img":"https://fd5-photos.leclercdrive.fr/image.ashx?id=2723827&use=l&cat=p&typeid=i","cat":325349},{"id":230757,"n":"Crème fixante Polident Soin & tolérance 0% - 44g","p":3.86,"u":"87,73 €/KG","img":"https://fd5-photos.leclercdrive.fr/image.ashx?id=2723893&use=l&cat=p&typeid=i","cat":285158},{"id":230775,"n":"Huile sèche Corine de Farme SPF30 - 150ml","p":9.89,"u":"65,93 €/L","img":"https://fd5-photos.leclercdrive.fr/image.ashx?id=2772119&use=l&cat=p&typeid=i","cat":325355},{"id":231020,"n":"Tube harissa El Manar - 70g","p":0.62,"u":"8,86 €/KG","img":"https://fd5-photos.leclercdrive.fr/image.ashx?id=2725810&use=l&cat=p&typeid=i","cat":289013},{"id":231095,"n":"Mayonnaise de Dijon Amora 605g","p":3.35,"u":"5,54 €/KG","img":"https://fd5-photos.leclercdrive.fr/image.ashx?id=2877292&use=l&cat=p&typeid=i","cat":298295},{"id":231098,"n":"Thon Rio Mare 195g","p":4.44,"u":"22,77 €/KG","img":"https://fd5-photos.leclercdrive.fr/image.ashx?id=2725867&use=l&cat=p&typeid=i","cat":303867},{"id":231126,"n":"Thon entier MSC Rio Mare Filet d'huile d'olive - 120g","p":3.14,"u":"26,17 €/KG","img":"https://fd5-photos.leclercdrive.fr/image.ashx?id=2726263&use=l&cat=p&typeid=i","cat":303867},{"id":231127,"n":"Filets de thon Rio Mare Huile d'olive & piment 130g","p":3.91,"u":"30,08 €/KG","img":"https://fd5-photos.leclercdrive.fr/image.ashx?id=2726260&use=l&cat=p&typeid=i","cat":303867},{"id":231147,"n":"Bonbons exotix 180g","p":1.75,"u":"9,72 €/KG","img":"https://fd5-photos.leclercdrive.fr/image.ashx?id=2984970&use=l&cat=p&typeid=i","cat":304250},{"id":231181,"n":"Capsules Absolu + Bicarbonate Sun - Lave-vaiselle x26 - 390g","p":7.9,"u":"20,26 €/KG","img":"https://fd5-photos.leclercdrive.fr/image.ashx?id=2960279&use=l&cat=p&typeid=i","cat":284656},{"id":231203,"n":"Lessive liquide Super Croix  X-tra Japon x42- 1.89L","p":8.39,"u":"4,44 €/L","img":"https://fd5-photos.leclercdrive.fr/image.ashx?id=2876272&use=l&cat=p&typeid=i","cat":284640},{"id":231254,"n":"Bonbons Asti Pik Haribo  180g","p":1.75,"u":"9,72 €/KG","img":"https://fd5-photos.leclercdrive.fr/image.ashx?id=2984967&use=l&cat=p&typeid=i","cat":304250},{"id":231255,"n":"Bonbons pixels Haribo 180g","p":1.65,"u":"9,17 €/KG","img":"https://fd5-photos.leclercdrive.fr/image.ashx?id=2984964&use=l&cat=p&typeid=i","cat":304250},{"id":231282,"n":"Chips Street food Vico  Saveur tzatziki - 120g","p":1.25,"u":"10,42 €/KG","img":"https://fd5-photos.leclercdrive.fr/image.ashx?id=2985192&use=l&cat=p&typeid=i","cat":284447},{"id":231313,"n":"Arrangé Isautier Café  50cl","p":15.91,"u":"31,82 €/L","img":"https://fd5-photos.leclercdrive.fr/image.ashx?id=2728474&use=l&cat=p&typeid=i","cat":284551},{"id":231314,"n":"Arrangé Isautier Ananas vanille piment  50cl","p":13.13,"u":"26,26 €/L","img":"https://fd5-photos.leclercdrive.fr/image.ashx?id=2728477&use=l&cat=p&typeid=i","cat":284551},{"id":231362,"n":"Barquettes de terrine Cesar Bio Natural Goodness - 100g","p":0.87,"u":"8,70 €/KG","img":"https://fd5-photos.leclercdrive.fr/image.ashx?id=2728657&use=l&cat=p&typeid=i","cat":284673},{"id":231364,"n":"Barquettes terrine Cesar Bio Natural Goodness - 100g","p":0.82,"u":"8,20 €/KG","img":"https://fd5-photos.leclercdrive.fr/image.ashx?id=2728654&use=l&cat=p&typeid=i","cat":284673},{"id":231368,"n":"Capsules café L'Or Espresso Supremo N°10 x30","p":8.95,"u":"57,37 €/KG","img":"https://fd5-photos.leclercdrive.fr/image.ashx?id=2788052&use=l&cat=p&typeid=i","cat":284749},{"id":231371,"n":"Capsules café L'Or Espresso Forza N°9 x30","p":9.08,"u":"58,21 €/KG","img":"https://fd5-photos.leclercdrive.fr/image.ashx?id=3000468&use=l&cat=p&typeid=i","cat":284749},{"id":231404,"n":"Capsules café L'Or Espresso Decaffeinato N°6 x30","p":9.33,"u":"59,81 €/KG","img":"https://fd5-photos.leclercdrive.fr/image.ashx?id=2728834&use=l&cat=p&typeid=i","cat":284749},{"id":231410,"n":"AOC Muscadet blanc Plessis Duval - 75cl","p":4.77,"u":"6,36 €/L","img":"https://fd5-photos.leclercdrive.fr/image.ashx?id=2728417&use=l&cat=p&typeid=i","cat":289557},{"id":231657,"n":"Tablettes lave-vaisselle Finish Power Plus - x35","p":7.68,"u":"13,71 €/KG","img":"https://fd5-photos.leclercdrive.fr/image.ashx?id=2749431&use=l&cat=p&typeid=i","cat":284656},{"id":231690,"n":"Crème soin Mixa Cica réparatrice - 10en1 150ml","p":7.56,"u":"50,40 €/L","img":"https://fd5-photos.leclercdrive.fr/image.ashx?id=2819403&use=l&cat=p&typeid=i","cat":325350},{"id":231692,"n":"Crème corps Mixa Réparatrice - 150ml","p":3.05,"u":"20,33 €/L","img":"https://fd5-photos.leclercdrive.fr/image.ashx?id=2867557&use=l&cat=p&typeid=i","cat":325350},{"id":231700,"n":"Lingette désinfectantes St Marc Anti-bactériennes - x126","p":3.65,"img":"https://fd5-photos.leclercdrive.fr/image.ashx?id=2740781&use=l&cat=p&typeid=i","cat":325358},{"id":231704,"n":"Lessive multi-usages St Marc  à la Résine de pin - 1,4kg","p":4.39,"u":"3,14 €/KG","img":"https://fd5-photos.leclercdrive.fr/image.ashx?id=2884645&use=l&cat=p&typeid=i","cat":325365},{"id":231706,"n":"Capsules lave-vaisselle Finish  Ultimate Citron - x42","p":8.91,"u":"16,44 €/KG","img":"https://fd5-photos.leclercdrive.fr/image.ashx?id=2749446&use=l&cat=p&typeid=i","cat":284656},{"id":231708,"n":"Capsules lave-vaisselle Finish  Quantum - x46","p":9.4,"u":"19,67 €/KG","img":"https://fd5-photos.leclercdrive.fr/image.ashx?id=2749440&use=l&cat=p&typeid=i","cat":284656},{"id":231709,"n":"Capsules lave-vaisselle Finish Ultimate Plus Citron - x35","p":8.95,"u":"20,96 €/KG","img":"https://fd5-photos.leclercdrive.fr/image.ashx?id=2749437&use=l&cat=p&typeid=i","cat":284656},{"id":231710,"n":"Capsules lave-vaisselle Finish Ultimate Plus - x35","p":9.87,"u":"23,11 €/KG","img":"https://fd5-photos.leclercdrive.fr/image.ashx?id=2749434&use=l&cat=p&typeid=i","cat":284656},{"id":231713,"n":"Spray nettoyant Cillit Bang Expert crasse & calcaire 750ml","p":2.9,"u":"3,87 €/L","img":"https://fd5-photos.leclercdrive.fr/image.ashx?id=2839755&use=l&cat=p&typeid=i","cat":325362},{"id":231714,"n":"Spray nettoyant Cillit Bang  Expert Anti-moisissures - 750ml","p":3.02,"u":"4,03 €/L","img":"https://fd5-photos.leclercdrive.fr/image.ashx?id=2790114&use=l&cat=p&typeid=i","cat":325357},{"id":231715,"n":"Spray nettoyant Cillit Bang  Expert Javel - 750ml","p":2.92,"u":"3,89 €/L","img":"https://fd5-photos.leclercdrive.fr/image.ashx?id=2793653&use=l&cat=p&typeid=i","cat":325357},{"id":231717,"n":"ST MARC Liquide Nettoyant Multi Usages Côtes Bretonnes - 1L","p":2.49,"u":"2,49 €/L","img":"https://fd5-photos.leclercdrive.fr/image.ashx?id=2859074&use=l&cat=p&typeid=i","cat":284907},{"id":231718,"n":"Nettoyant liquide St Marc Multi usages Forêt des Landes - 1L","p":2.21,"u":"2,21 €/L","img":"https://fd5-photos.leclercdrive.fr/image.ashx?id=2844208&use=l&cat=p&typeid=i","cat":284907},{"id":231731,"n":"Crème glacée L'Angélys Stracciatella chocolat - 300g","p":4.99,"u":"16,63 €/KG","img":"https://fd5-photos.leclercdrive.fr/image.ashx?id=2963769&use=l&cat=p&typeid=i","cat":284725},{"id":232043,"n":"Lessive liquide X-tra Total 4+1 - Ecopack - 1.26L - x28","p":5.02,"u":"3,98 €/L","img":"https://fd5-photos.leclercdrive.fr/image.ashx?id=2890637&use=l&cat=p&typeid=i","cat":284640},{"id":232073,"n":"Infusion Les 2 Marmottes Thé Menth Olé 45g","p":5.59,"u":"124,22 €/KG","img":"https://fd5-photos.leclercdrive.fr/image.ashx?id=2833612&use=l&cat=p&typeid=i","cat":293234},{"id":232118,"n":"Bière blonde Corona Extra 4,5% - 3x33cl","p":6.07,"u":"6,13 €/L","img":"https://fd5-photos.leclercdrive.fr/image.ashx?id=2861177&use=l&cat=p&typeid=i","cat":334873},{"id":232136,"n":"Lessive poudre Le Chat  Sensitive x36 - 2.16kg","p":12.95,"u":"6,00 €/KG","img":"https://fd5-photos.leclercdrive.fr/image.ashx?id=2965031&use=l&cat=p&typeid=i","cat":284642},{"id":232183,"n":"Liquide vaisselle Mir  Dégraissant citron - 450ml","p":1.52,"u":"3,38 €/L","img":"https://fd5-photos.leclercdrive.fr/image.ashx?id=2744028&use=l&cat=p&typeid=i","cat":284655},{"id":232186,"n":"Liquide vaisselle Mir  Dégraissant orange - 450ml","p":1.63,"u":"3,62 €/L","img":"https://fd5-photos.leclercdrive.fr/image.ashx?id=2874907&use=l&cat=p&typeid=i","cat":284655},{"id":232193,"n":"Liquide vaisselle Mir vinaigre Pamplemousse dégraissant -450ml","p":1.65,"u":"3,67 €/L","img":"https://fd5-photos.leclercdrive.fr/image.ashx?id=2889346&use=l&cat=p&typeid=i","cat":284655},{"id":232195,"n":"Liquide vaisselle Mir  Peau sensible aloe vera - 450ml","p":1.47,"u":"3,27 €/L","img":"https://fd5-photos.leclercdrive.fr/image.ashx?id=2874904&use=l&cat=p&typeid=i","cat":284655},{"id":232230,"n":"Crème visage Mixa Expert Anti-tâches SPF20 - 50ml","p":9.99,"u":"199,80 €/L","img":"https://fd5-photos.leclercdrive.fr/image.ashx?id=2770551&use=l&cat=p&typeid=i","cat":325345},{"id":232231,"n":"Nettoyant confort visage Mixa Anti-secheresse - 150ml","p":5.38,"u":"35,87 €/L","img":"https://fd5-photos.leclercdrive.fr/image.ashx?id=2744171&use=l&cat=p&typeid=i","cat":284603},{"id":232233,"n":"Gelée matifiante visage Mixa Anti-imperfections - 50ml","p":10.25,"u":"205,00 €/L","img":"https://fd5-photos.leclercdrive.fr/image.ashx?id=2770554&use=l&cat=p&typeid=i","cat":325345},{"id":232237,"n":"Nettoyant confort visage Mixa Anti-imperfection - 150ml","p":5.39,"u":"35,93 €/L","img":"https://fd5-photos.leclercdrive.fr/image.ashx?id=2744168&use=l&cat=p&typeid=i","cat":284603},{"id":232241,"n":"AOP Muscat Beaume de Venise Blanc bio Dom Paparotier - 75cl","p":13.49,"u":"17,99 €/L","img":"https://fd5-photos.leclercdrive.fr/image.ashx?id=2744974&use=l&cat=p&typeid=i","cat":284913},{"id":232283,"n":"Thé glacé Fuze Tea  Menthe citron - 6x33cl","p":3.59,"u":"1,81 €/L","img":"https://fd5-photos.leclercdrive.fr/image.ashx?id=2997235&use=l&cat=p&typeid=i","cat":295019},{"id":232299,"n":"Bande de cire visage Nair Kit Caresse - x20","p":3.38,"img":"https://fd5-photos.leclercdrive.fr/image.ashx?id=2903236&use=l&cat=p&typeid=i","cat":325351},{"id":232301,"n":"Dentifrice Signal Professionnel Sensibilité - Blancheur - 75ml","p":3.3,"u":"44,00 €/L","img":"https://fd5-photos.leclercdrive.fr/image.ashx?id=2858717&use=l&cat=p&typeid=i","cat":284612},{"id":232302,"n":"Dentifrice Signal Professionnel Soin complet - 75ml","p":3.47,"u":"46,27 €/L","img":"https://fd5-photos.leclercdrive.fr/image.ashx?id=2903878&use=l&cat=p&typeid=i","cat":284612},{"id":232304,"n":"Brosse à dent Signal  Integral 8 - Souple - x1","p":1.68,"img":"https://fd5-photos.leclercdrive.fr/image.ashx?id=2772539&use=l&cat=p&typeid=i","cat":284614},{"id":232305,"n":"Brosse à dent Signal Triple action - Souple - x4","p":1.52,"img":"https://fd5-photos.leclercdrive.fr/image.ashx?id=2745871&use=l&cat=p&typeid=i","cat":284614},{"id":232315,"n":"Nettoyant Steradent Pureté active - x36","p":2.32,"img":"https://fd5-photos.leclercdrive.fr/image.ashx?id=2745604&use=l&cat=p&typeid=i","cat":285158},{"id":232318,"n":"Tablette lave-vaisselle Sun Tout-en-1 - x86 - 1.419kg","p":14.78,"u":"10,42 €/KG","img":"https://fd5-photos.leclercdrive.fr/image.ashx?id=3000899&use=l&cat=p&typeid=i","cat":284656},{"id":232345,"n":"Adoucissant Soupline concentré Utra Emotion Rose - 1.28L - x60","p":6.44,"u":"5,03 €/L","img":"https://fd5-photos.leclercdrive.fr/image.ashx?id=2832575&use=l&cat=p&typeid=i","cat":284650},{"id":232346,"n":"Tablettes Adoucissant Soupline Coeur Emotion Rose - x28 336g","p":4.02,"u":"11,96 €/KG","img":"https://fd5-photos.leclercdrive.fr/image.ashx?id=2745841&use=l&cat=p&typeid=i","cat":284650},{"id":232347,"n":"Perles de linge Soupline Coco - 230g","p":5.76,"u":"25,04 €/KG","img":"https://fd5-photos.leclercdrive.fr/image.ashx?id=2945829&use=l&cat=p&typeid=i","cat":325302},{"id":232348,"n":"Perles de linge Soupline Lavande - 230g","p":5.76,"u":"25,04 €/KG","img":"https://fd5-photos.leclercdrive.fr/image.ashx?id=2745835&use=l&cat=p&typeid=i","cat":325302},{"id":232349,"n":"Adoucissant Soupline Concentré Lavande Elixir - x45 1L","p":7.09,"u":"7,09 €/L","img":"https://fd5-photos.leclercdrive.fr/image.ashx?id=2745850&use=l&cat=p&typeid=i","cat":284650},{"id":232351,"n":"Désinfectant du linge Lysol  Douceur de printemps - 1L","p":5.99,"pp":3.95,"u":"3,95 €/L","img":"https://fd5-photos.leclercdrive.fr/image.ashx?id=2745745&use=l&cat=p&typeid=i","cat":290451},{"id":232352,"n":"Désinfectant du linge Lysol  Parfum linge frais - 1,5L","p":5.99,"pp":3.95,"u":"2,63 €/L","img":"https://fd5-photos.leclercdrive.fr/image.ashx?id=2745742&use=l&cat=p&typeid=i","cat":290451},{"id":232356,"n":"Gel douche Sanex Zéro Family - Pompe - 700ml","p":5.65,"u":"8,07 €/L","img":"https://fd5-photos.leclercdrive.fr/image.ashx?id=2745859&use=l&cat=p&typeid=i","cat":284594},{"id":232358,"n":"Gel lavant désinfectant Sanytol Purifiant - 500ml","p":5.04,"u":"10,08 €/L","img":"https://fd5-photos.leclercdrive.fr/image.ashx?id=2904664&use=l&cat=p&typeid=i","cat":284597},{"id":232367,"n":"Déodorant spray homme Axe Black Vanilla 72h - 150ml","p":4.18,"u":"27,87 €/L","img":"https://fd5-photos.leclercdrive.fr/image.ashx?id=2910237&use=l&cat=p&typeid=i","cat":284618},{"id":232369,"n":"Bain de bouche Colgate Max Fresh Protection complète 500ml","p":3.21,"u":"6,42 €/L","img":"https://fd5-photos.leclercdrive.fr/image.ashx?id=2747178&use=l&cat=p&typeid=i","cat":284613},{"id":232371,"n":"Dentifrice enfant Elmex Anti-caries - 6-12 ans - 75ml","p":2.62,"u":"34,93 €/L","img":"https://fd5-photos.leclercdrive.fr/image.ashx?id=2747175&use=l&cat=p&typeid=i","cat":288898},{"id":232375,"n":"Déodorant stick homme Rexona Anti-transpirant - 45ml","p":4.27,"u":"94,89 €/L","img":"https://fd5-photos.leclercdrive.fr/image.ashx?id=2747166&use=l&cat=p&typeid=i","cat":284618},{"id":232377,"n":"Insecticide Raid Max Système anti-fourmis - 1 piège","p":3.27,"img":"https://fd5-photos.leclercdrive.fr/image.ashx?id=2968454&use=l&cat=p&typeid=i","cat":298368},{"id":232395,"n":"Nettoyant Jantes Tech9 Pulvérisateur - 500ml","p":3.99,"u":"7,98 €/L","img":"https://fd5-photos.leclercdrive.fr/image.ashx?id=2907276&use=l&cat=p&typeid=i","cat":298252},{"id":232701,"n":"Thon au naturel Petit Navire  93g","p":1.69,"u":"18,17 €/KG","img":"https://fd5-photos.leclercdrive.fr/image.ashx?id=2748101&use=l&cat=p&typeid=i","cat":303867},{"id":232702,"n":"Miettes de thon Petit Navire  A l'huile d'olive 80g","p":1.49,"u":"18,63 €/KG","img":"https://fd5-photos.leclercdrive.fr/image.ashx?id=2748107&use=l&cat=p&typeid=i","cat":303867},{"id":232716,"n":"AOP Pinot Gris Demi-Sec - 2022  Arthur Metz - 75cl","p":10.07,"u":"13,43 €/L","img":"https://fd5-photos.leclercdrive.fr/image.ashx?id=2968871&use=l&cat=p&typeid=i","cat":289557},{"id":232725,"n":"AOP Alsace Sylvaner Sec - 2023 Arthur Metz - 75cl","p":6.95,"u":"9,27 €/L","img":"https://fd5-photos.leclercdrive.fr/image.ashx?id=2968874&use=l&cat=p&typeid=i","cat":289557},{"id":232839,"n":"Gel déboucheur Destop  Turbo 5 min - 4 doses - 1L","p":7.09,"u":"7,09 €/L","img":"https://fd5-photos.leclercdrive.fr/image.ashx?id=2976032&use=l&cat=p&typeid=i","cat":284908},{"id":232840,"n":"Gel déboucheur Destop  Turbo 5 min - 2 doses - 500ml","p":3.96,"u":"7,92 €/L","img":"https://fd5-photos.leclercdrive.fr/image.ashx?id=2976029&use=l&cat=p&typeid=i","cat":284908},{"id":232842,"n":"Saucisse au chou Paysan Breton  300g","p":3.25,"u":"10,83 €/KG","img":"https://fd5-photos.leclercdrive.fr/image.ashx?id=2750294&use=l&cat=p&typeid=i","cat":284953},{"id":232843,"n":"Porc paysanne Paysan Breton 300g","p":3.13,"u":"10,43 €/KG","img":"https://fd5-photos.leclercdrive.fr/image.ashx?id=2750291&use=l&cat=p&typeid=i","cat":284953},{"id":232855,"n":"Purée façon écrasé Tajine Yooji Bio - Dès 8 mois - 400g","p":4.43,"u":"11,08 €/KG","img":"https://fd5-photos.leclercdrive.fr/image.ashx?id=2750570&use=l&cat=p&typeid=i","cat":312236},{"id":232949,"n":"Cottage cheese Danone Nature x2 - 360g","p":3.57,"u":"9,92 €/KG","img":"https://fd5-photos.leclercdrive.fr/image.ashx?id=2915694&use=l&cat=p&typeid=i","cat":314029},{"id":232961,"n":"Gel douche Sanex Zéro% Sensitive Pompe - 700ml","p":5.66,"u":"8,09 €/L","img":"https://fd5-photos.leclercdrive.fr/image.ashx?id=2751384&use=l&cat=p&typeid=i","cat":284594},{"id":232971,"n":"Râpe Scholl Manuelle Nanofile - x1","p":9.35,"img":"https://fd5-photos.leclercdrive.fr/image.ashx?id=2990958&use=l&cat=p&typeid=i","cat":323852},{"id":232972,"n":"Gel Douche Homme Nivea Men 3 en 1 Réveil Express - 250ml","p":1.8,"u":"7,20 €/L","img":"https://fd5-photos.leclercdrive.fr/image.ashx?id=2985459&use=l&cat=p&typeid=i","cat":284619},{"id":232979,"n":"Bougie Glade Aromatherapy  Orange & Néroli - x1","p":6.96,"img":"https://fd5-photos.leclercdrive.fr/image.ashx?id=2867725&use=l&cat=p&typeid=i","cat":284666},{"id":232985,"n":"Bougie Glade Honey & Chocolate - x1","p":3.6,"img":"https://fd5-photos.leclercdrive.fr/image.ashx?id=2865437&use=l&cat=p&typeid=i","cat":284666},{"id":232986,"n":"Bougie Glade Anti-tabac - 112g","p":3.6,"img":"https://fd5-photos.leclercdrive.fr/image.ashx?id=2751276&use=l&cat=p&typeid=i","cat":284666},{"id":232989,"n":"Spray nettoyant Cillit Bang  Expert Dégraissant - 750ml","p":2.94,"img":"https://fd5-photos.leclercdrive.fr/image.ashx?id=2751222&use=l&cat=p&typeid=i","cat":325357},{"id":232998,"n":"Préservatifs Durex Essential - x10","p":4.46,"img":"https://fd5-photos.leclercdrive.fr/image.ashx?id=2751000&use=l&cat=p&typeid=i","cat":284631},{"id":233005,"n":"Microfibre Eco+ Multi-usage - x3","p":1.37,"img":"https://fd5-photos.leclercdrive.fr/image.ashx?id=2750273&use=l&cat=p&typeid=i","cat":298252},{"id":233119,"n":"Brossettes oral-B Sensitive - x8","p":48.67,"u":"6,08 €/P","img":"https://fd5-photos.leclercdrive.fr/image.ashx?id=2757488&use=l&cat=p&typeid=i","cat":297133},{"id":233137,"n":"Masque cheveux Fructis Réparateur - Papaye - 320ml","p":5.8,"u":"18,13 €/L","img":"https://fd5-photos.leclercdrive.fr/image.ashx?id=2754036&use=l&cat=p&typeid=i","cat":284608},{"id":233151,"n":"Masque cheveux fructis Nourrissant - Banana - 320ml","p":5.8,"u":"18,13 €/L","img":"https://fd5-photos.leclercdrive.fr/image.ashx?id=2754042&use=l&cat=p&typeid=i","cat":284608},{"id":233153,"n":"Masque cheveux Fructis Nutrition Beurre de cacao 320ml","p":5.8,"u":"18,13 €/L","img":"https://fd5-photos.leclercdrive.fr/image.ashx?id=2788763&use=l&cat=p&typeid=i","cat":284608},{"id":233154,"n":"Masque cheveux Fructis Hydratant - Aloe Vera - 320ml","p":5.8,"u":"18,13 €/L","img":"https://fd5-photos.leclercdrive.fr/image.ashx?id=2754048&use=l&cat=p&typeid=i","cat":284608},{"id":233204,"n":"Guimauves Chocours Copains copines 600g","p":5.19,"u":"8,65 €/KG","img":"https://fd5-photos.leclercdrive.fr/image.ashx?id=2934778&use=l&cat=p&typeid=i","cat":304250},{"id":233296,"n":"Repas en sauce Friskies Viande légumes 24x85g","p":7.83,"u":"3,84 €/KG","img":"https://fd5-photos.leclercdrive.fr/image.ashx?id=2878444&use=l&cat=p&typeid=i","cat":284673},{"id":233313,"n":"Gel WC Javel Harpic Ultra blancheur Agrumes - 750ml","p":1.77,"u":"2,36 €/L","img":"https://fd5-photos.leclercdrive.fr/image.ashx?id=2864690&use=l&cat=p&typeid=i","cat":284662},{"id":233373,"n":"Recharge lessive L'Arbre vert Fraicheur intense - 1.53L","p":7.29,"u":"4,76 €/L","img":"https://fd5-photos.leclercdrive.fr/image.ashx?id=2755588&use=l&cat=p&typeid=i","cat":284640},{"id":233405,"n":"Emmental Entremont  Tendre Meule - 160g","p":2.06,"u":"12,88 €/KG","img":"https://fd5-photos.leclercdrive.fr/image.ashx?id=2983135&use=l&cat=p&typeid=i","cat":314034},{"id":233465,"n":"Bière Angelus triple HOP 7%vol - 75cl","p":3.21,"u":"4,28 €/L","img":"https://fd5-photos.leclercdrive.fr/image.ashx?id=2767591&use=l&cat=p&typeid=i","cat":334872},{"id":233471,"n":"Bière Triple secret des moines Rouge - 8° - 6x25cl","p":5.72,"u":"3,81 €/L","img":"https://fd5-photos.leclercdrive.fr/image.ashx?id=2912131&use=l&cat=p&typeid=i","cat":334878},{"id":233473,"n":"Bière blonde Leffe Prestige 124 8,5% - 75cl","p":4.01,"u":"5,35 €/L","img":"https://fd5-photos.leclercdrive.fr/image.ashx?id=2755816&use=l&cat=p&typeid=i","cat":334852},{"id":233474,"n":"Bière blonde Leffe Prestige  8,5% - 12x25cl","p":12.68,"u":"4,23 €/L","img":"https://fd5-photos.leclercdrive.fr/image.ashx?id=2755819&use=l&cat=p&typeid=i","cat":334852},{"id":233611,"n":"Mousseline au saumon Révélation Purina Gourmet - 4x57g","p":2.83,"u":"12,41 €/KG","img":"https://fd5-photos.leclercdrive.fr/image.ashx?id=2757812&use=l&cat=p&typeid=i","cat":285286},{"id":233612,"n":"Thé glacé Lipton Ice Tea Pêche - 5x1.25L + 1 offerte","p":8.34,"u":"33,36 €/L","img":"https://fd5-photos.leclercdrive.fr/image.ashx?id=2921100&use=l&cat=p&typeid=i","cat":295019},{"id":233626,"n":"Spray démêlant Le Petit Marseillais Pamplemousse 200ml","p":3.67,"u":"18,35 €/L","img":"https://fd5-photos.leclercdrive.fr/image.ashx?id=2758099&use=l&cat=p&typeid=i","cat":284608},{"id":233646,"n":"Café Soluble Starbucks White Mocha 5 sticks - 120g","p":2.75,"u":"22,92 €/KG","img":"https://fd5-photos.leclercdrive.fr/image.ashx?id=2758463&use=l&cat=p&typeid=i","cat":284843},{"id":233649,"n":"Bouchées vapeur aux crevettes Tables du Monde x8 - 164g","p":3.17,"u":"19,33 €/KG","img":"https://fd5-photos.leclercdrive.fr/image.ashx?id=2757949&use=l&cat=p&typeid=i","cat":319774},{"id":233696,"n":"Gaufres Brioche Pasquier aux  Perles de sucre x6 -240g","p":2.69,"u":"11,21 €/KG","img":"https://fd5-photos.leclercdrive.fr/image.ashx?id=2858633&use=l&cat=p&typeid=i","cat":294777},{"id":233719,"n":"Baume cicaplast La Roche-Posay B5 SPF50+ - 40ml","p":10.99,"u":"274,75 €/L","img":"https://fd5-photos.leclercdrive.fr/image.ashx?id=2795111&use=l&cat=p&typeid=i","cat":290397},{"id":233729,"n":"Lessive liquide Skip Cycle  Court Efficacité Express x54","p":13.89,"u":"6,43 €/L","img":"https://fd5-photos.leclercdrive.fr/image.ashx?id=2843553&use=l&cat=p&typeid=i","cat":284640},{"id":233730,"n":"Lessive liquide Skip Cycle Court Couleur Protect x54","p":13.89,"u":"6,43 €/L","img":"https://fd5-photos.leclercdrive.fr/image.ashx?id=2842168&use=l&cat=p&typeid=i","cat":284640},{"id":233731,"n":"Lessive liquide Skip Cycle  Court Odeur Control x54","p":13.89,"u":"6,43 €/L","img":"https://fd5-photos.leclercdrive.fr/image.ashx?id=2788253&use=l&cat=p&typeid=i","cat":284640},{"id":233744,"n":"Bâtonnets glace Magnum  Remix Amandes x3 - 198g","p":2.71,"u":"13,69 €/KG","img":"https://fd5-photos.leclercdrive.fr/image.ashx?id=2891758&use=l&cat=p&typeid=i","cat":284265},{"id":233746,"n":"Bâtonnets glace Ferrero Rondnoir x4 - 200g","p":3.45,"u":"17,25 €/KG","img":"https://fd5-photos.leclercdrive.fr/image.ashx?id=2807891&use=l&cat=p&typeid=i","cat":284265},{"id":233756,"n":"Riz long grain Taureau Ailé Méditerranée - 800g","p":2.12,"u":"2,65 €/KG","img":"https://fd5-photos.leclercdrive.fr/image.ashx?id=2866801&use=l&cat=p&typeid=i","cat":284428},{"id":233769,"n":"Dentifrice Oral-B 3D White Artic Fresh - 2x75ml","p":5.38,"u":"35,87 €/L","img":"https://fd5-photos.leclercdrive.fr/image.ashx?id=2804586&use=l&cat=p&typeid=i","cat":284612},{"id":233790,"n":"Préparation Lucien Georgelin Myrtille SSA - 320g","p":5.04,"u":"15,75 €/KG","img":"https://fd5-photos.leclercdrive.fr/image.ashx?id=2855235&use=l&cat=p&typeid=i","cat":284480},{"id":233920,"n":"Os Vitakraft Calcium Poulet  Pure Bonas","p":3.32,"img":"https://fd5-photos.leclercdrive.fr/image.ashx?id=2851255&use=l&cat=p&typeid=i","cat":294527},{"id":233944,"n":"Couches Carryboo de nos Régions Couches locales Taille 1 - x24","p":5.45,"img":"https://fd5-photos.leclercdrive.fr/image.ashx?id=2924353&use=l&cat=p&typeid=i","cat":284737},{"id":233947,"n":"Lessive capsules 3en1 Omo Rose & Lilas Blanc - 502g x29","p":8.97,"u":"17,87 €/KG","img":"https://fd5-photos.leclercdrive.fr/image.ashx?id=2841610&use=l&cat=p&typeid=i","cat":284641},{"id":233949,"n":"Lessive capsules 3en1 Omo Lavande & Patchouli - x29 502g","p":10.05,"u":"20,02 €/KG","img":"https://fd5-photos.leclercdrive.fr/image.ashx?id=2832599&use=l&cat=p&typeid=i","cat":284641},{"id":233953,"n":"Lessive liquide Skip Cycle  Court Efficacité Express x37","p":10.28,"u":"6,95 €/L","img":"https://fd5-photos.leclercdrive.fr/image.ashx?id=2910240&use=l&cat=p&typeid=i","cat":284640},{"id":233956,"n":"Lessive liquide Omo Rose & Lilas Blanc - 1.76L","p":9.92,"u":"5,62 €/L","img":"https://fd5-photos.leclercdrive.fr/image.ashx?id=2818208&use=l&cat=p&typeid=i","cat":284640},{"id":233961,"n":"Lessive liquide Omo Jasmin & Fleur de coton 1.764L x42","p":9.36,"u":"5,31 €/L","img":"https://fd5-photos.leclercdrive.fr/image.ashx?id=2841616&use=l&cat=p&typeid=i","cat":284640},{"id":234152,"n":"Déodorant bille Ushuaïa Monoï & tiaré - 50ml","p":2.74,"u":"54,80 €/L","img":"https://fd5-photos.leclercdrive.fr/image.ashx?id=2769020&use=l&cat=p&typeid=i","cat":284595},{"id":234155,"n":"Déodorant bille femme Ushuaïa Grenade açores - 50ml","p":2.74,"u":"54,80 €/L","img":"https://fd5-photos.leclercdrive.fr/image.ashx?id=2789092&use=l&cat=p&typeid=i","cat":284595},{"id":234156,"n":"Déodorant bille Ushuaïa Vanille - 50ml","p":2.74,"u":"54,80 €/L","img":"https://fd5-photos.leclercdrive.fr/image.ashx?id=2769023&use=l&cat=p&typeid=i","cat":284595},{"id":234157,"n":"Déodorant spray Ushuaïa Grenade - 200ml","p":2.74,"u":"13,70 €/L","img":"https://fd5-photos.leclercdrive.fr/image.ashx?id=2769026&use=l&cat=p&typeid=i","cat":284595},{"id":234158,"n":"Déodorant spray Ushuaïa Orchidée - 200ml","p":2.74,"u":"13,70 €/L","img":"https://fd5-photos.leclercdrive.fr/image.ashx?id=2769029&use=l&cat=p&typeid=i","cat":284595},{"id":234159,"n":"Déodorant spray Ushuaïa Vanille - 200ml","p":2.74,"u":"13,70 €/L","img":"https://fd5-photos.leclercdrive.fr/image.ashx?id=2769032&use=l&cat=p&typeid=i","cat":284595},{"id":234166,"n":"Déodorant spray homme Narta Resixyl Physio - 200ml","p":4.77,"u":"23,85 €/L","img":"https://fd5-photos.leclercdrive.fr/image.ashx?id=2769044&use=l&cat=p&typeid=i","cat":284596},{"id":234168,"n":"Déodorant bille homme Narta Resixyl Physio - 50ml","p":4.16,"u":"83,20 €/L","img":"https://fd5-photos.leclercdrive.fr/image.ashx?id=2769035&use=l&cat=p&typeid=i","cat":284596},{"id":234268,"n":"Haricots verts d'aucy  Cuisson vapeur - 4/4","p":2.63,"u":"5,78 €/KG","img":"https://fd5-photos.leclercdrive.fr/image.ashx?id=2763085&use=l&cat=p&typeid=i","cat":312606},{"id":234290,"n":"KINDER Surprise PLAYMOBIL Chocolat au lait - 3x20g","p":3.13,"u":"52,17 €/KG","img":"https://fd5-photos.leclercdrive.fr/image.ashx?id=2948495&use=l&cat=p&typeid=i","cat":284958},{"id":234292,"n":"KINDER Surprise Licorne Chocolat au lait - 3x20g","p":3.29,"u":"54,83 €/KG","img":"https://fd5-photos.leclercdrive.fr/image.ashx?id=2883756&use=l&cat=p&typeid=i","cat":284958},{"id":234333,"n":"Gourdes Pom'Potes Pomme poire banane x96 - 8.64kg","p":38.48,"u":"4,45 €/KG","img":"https://fd5-photos.leclercdrive.fr/image.ashx?id=2918553&use=l&cat=p&typeid=i","cat":284508},{"id":234372,"n":"Dessert brassé végétal Andros Fruits exotiques - 6x100g","p":3.19,"u":"5,32 €/KG","img":"https://fd5-photos.leclercdrive.fr/image.ashx?id=2855981&use=l&cat=p&typeid=i","cat":316071},{"id":234378,"n":"Bâtonnets Magnum Wonder Chocolat blanc caramélisé 208g","p":2.89,"u":"13,89 €/KG","img":"https://fd5-photos.leclercdrive.fr/image.ashx?id=2764044&use=l&cat=p&typeid=i","cat":284265},{"id":234412,"n":"Chou rouge cuisiné Charles Christ - 380g","p":1.89,"u":"4,97 €/KG","img":"https://fd5-photos.leclercdrive.fr/image.ashx?id=2764994&use=l&cat=p&typeid=i","cat":312611},{"id":234482,"n":"Infusion sans théine Kusmi Tea Rituel sommeil x18 - 36g","p":7.9,"u":"219,44 €/KG","img":"https://fd5-photos.leclercdrive.fr/image.ashx?id=2765252&use=l&cat=p&typeid=i","cat":293234},{"id":234512,"n":"Infusion verveine menthe Lipton Capsules x10 - 25g","p":3.15,"u":"126,00 €/KG","img":"https://fd5-photos.leclercdrive.fr/image.ashx?id=2769134&use=l&cat=p&typeid=i","cat":293234},{"id":234514,"n":"Infusion Elephant Ligne equilibre x12 - 30g","p":3.21,"u":"107,00 €/KG","img":"https://fd5-photos.leclercdrive.fr/image.ashx?id=2769128&use=l&cat=p&typeid=i","cat":293234},{"id":234515,"n":"Infusion verneine Elephant Citronnée camomille - 34g","p":2.74,"u":"80,59 €/KG","img":"https://fd5-photos.leclercdrive.fr/image.ashx?id=2769125&use=l&cat=p&typeid=i","cat":293234},{"id":234518,"n":"Infusion douce Pukka Bio relaxation x20 - 30g","p":4.74,"u":"158,00 €/KG","img":"https://fd5-photos.leclercdrive.fr/image.ashx?id=2769122&use=l&cat=p&typeid=i","cat":293234},{"id":234524,"n":"Thé vert supreme Pukka Bio matcha - x20 - 30g","p":4.25,"u":"141,67 €/KG","img":"https://fd5-photos.leclercdrive.fr/image.ashx?id=2856011&use=l&cat=p&typeid=i","cat":293233},{"id":234525,"n":"Infusion Pukka Bio 3 gingembres x20 36g","p":4.21,"u":"116,94 €/KG","img":"https://fd5-photos.leclercdrive.fr/image.ashx?id=2901085&use=l&cat=p&typeid=i","cat":293234},{"id":234526,"n":"Infusion Amour Pukka Bio x20 - 24g","p":4.48,"u":"186,67 €/KG","img":"https://fd5-photos.leclercdrive.fr/image.ashx?id=2769110&use=l&cat=p&typeid=i","cat":293234},{"id":234745,"n":"Thon entier Rio Mare  filet d'huile d'olive - 120g","p":3.21,"u":"26,75 €/KG","img":"https://fd5-photos.leclercdrive.fr/image.ashx?id=2767240&use=l&cat=p&typeid=i","cat":303867},{"id":234748,"n":"Thon entier Saupiquet Huile d'olive & piment - 120g","p":2.45,"u":"20,42 €/KG","img":"https://fd5-photos.leclercdrive.fr/image.ashx?id=2767078&use=l&cat=p&typeid=i","cat":303867},{"id":234749,"n":"Thon entier Saupiquet Huile d'olive & basilic - 120g","p":2.65,"u":"22,08 €/KG","img":"https://fd5-photos.leclercdrive.fr/image.ashx?id=2767084&use=l&cat=p&typeid=i","cat":303867},{"id":234750,"n":"Thon entier Huile d'olive Saupiquet  citron & thym 120g","p":2.67,"u":"22,25 €/KG","img":"https://fd5-photos.leclercdrive.fr/image.ashx?id=2767081&use=l&cat=p&typeid=i","cat":303867},{"id":234789,"n":"Brassé façon skyr Yabon Nature - 120g","p":1.71,"u":"14,25 €/KG","img":"https://fd5-photos.leclercdrive.fr/image.ashx?id=2767971&use=l&cat=p&typeid=i","cat":284506},{"id":234867,"n":"Mini nems au porc Tables du Monde x8 - 240g","p":2.82,"u":"11,75 €/KG","img":"https://fd5-photos.leclercdrive.fr/image.ashx?id=2768487&use=l&cat=p&typeid=i","cat":319774},{"id":234869,"n":"Gâteau moelleux Chocalin Harrys Cacao et Chocolat X10 - 350G","p":3.15,"u":"9,00 €/KG","img":"https://fd5-photos.leclercdrive.fr/image.ashx?id=2962464&use=l&cat=p&typeid=i","cat":284495},{"id":234870,"n":"Gâteaux Choco Mousse Harrys Fourrés au chocolat  X8 - 280G","p":2.55,"u":"9,11 €/KG","img":"https://fd5-photos.leclercdrive.fr/image.ashx?id=2985069&use=l&cat=p&typeid=i","cat":284495},{"id":234946,"n":"Thon entier Rio Mare Huile d'olive - 3x65g","p":4.78,"u":"24,51 €/KG","img":"https://fd5-photos.leclercdrive.fr/image.ashx?id=2770918&use=l&cat=p&typeid=i","cat":303867},{"id":234947,"n":"Filets de thon Rio Mare Huile d'Olive & Gingembre -130g","p":3.91,"u":"30,08 €/KG","img":"https://fd5-photos.leclercdrive.fr/image.ashx?id=2770915&use=l&cat=p&typeid=i","cat":303867},{"id":234961,"n":"Ampoule Led Osram B22D 4,9W - x3","p":5.9,"u":"Dont 1,22 € d'éco-part.","img":"https://fd5-photos.leclercdrive.fr/image.ashx?id=2770837&use=l&cat=p&typeid=i","cat":300573},{"id":234984,"n":"Dentifrice Sanogyl Biome  Protège gencives - 2x75ml","p":8.3,"u":"55,33 €/L","img":"https://fd5-photos.leclercdrive.fr/image.ashx?id=2771211&use=l&cat=p&typeid=i","cat":284612},{"id":235007,"n":"Mais Bio Village  2x140g","p":1.49,"u":"5,32 €/KG","img":"https://fd5-photos.leclercdrive.fr/image.ashx?id=3002722&use=l&cat=p&typeid=i","cat":312611},{"id":235070,"n":"Repas bébé Blédichef 15 mois Lasagne épinards merlu -230g","p":2.75,"u":"11,96 €/KG","img":"https://fd5-photos.leclercdrive.fr/image.ashx?id=2865635&use=l&cat=p&typeid=i","cat":312238},{"id":235073,"n":"Repas bébé Blédichef 15 mois  Brocolis petits pois  -230g","p":2.27,"u":"11,35 €/KG","img":"https://fd5-photos.leclercdrive.fr/image.ashx?id=2773219&use=l&cat=p&typeid=i","cat":312238},{"id":235078,"n":"Repas bébé Blédichef 15 mois Carottes lentilles corail -200g","p":2.27,"u":"11,35 €/KG","img":"https://fd5-photos.leclercdrive.fr/image.ashx?id=2866304&use=l&cat=p&typeid=i","cat":312238},{"id":235079,"n":"Lait infantile Hipp Biologique Bio Dès 6 mois Combiotic  800g","p":17.75,"u":"22,19 €/KG","img":"https://fd5-photos.leclercdrive.fr/image.ashx?id=2926828&use=l&cat=p&typeid=i","cat":284727},{"id":235080,"n":"Plat cuisiné William Saurin  Blanquette volaille - 320g","p":3.67,"u":"11,47 €/KG","img":"https://fd5-photos.leclercdrive.fr/image.ashx?id=2966017&use=l&cat=p&typeid=i","cat":284953},{"id":235081,"n":"Plat cuisiné William Saurin Trio gourmand boeuf - 320g","p":3.61,"u":"11,28 €/KG","img":"https://fd5-photos.leclercdrive.fr/image.ashx?id=2986386&use=l&cat=p&typeid=i","cat":284953},{"id":235082,"n":"Plat cuisiné William Saurin Trio gourmand merlu - 320g","p":3.61,"u":"11,28 €/KG","img":"https://fd5-photos.leclercdrive.fr/image.ashx?id=2986389&use=l&cat=p&typeid=i","cat":284953},{"id":235083,"n":"Plat cuisiné William Saurin Trio gourmand poulet pesto 320g","p":3.67,"u":"11,47 €/KG","img":"https://fd5-photos.leclercdrive.fr/image.ashx?id=2986383&use=l&cat=p&typeid=i","cat":284953},{"id":235084,"n":"Plat cuisiné William Saurin Trio gourmand 320g","p":3.67,"u":"11,47 €/KG","img":"https://fd5-photos.leclercdrive.fr/image.ashx?id=2986380&use=l&cat=p&typeid=i","cat":284953},{"id":235127,"n":"Biscuits parmesan poivre Savour 100g","p":1.85,"u":"18,50 €/KG","img":"https://fd5-photos.leclercdrive.fr/image.ashx?id=2791048&use=l&cat=p&typeid=i","cat":297000},{"id":235136,"n":"Ampoule LED flamme Philips B35 40W","p":10.89,"u":"Dont 0,29 € d'éco-part.","img":"https://fd5-photos.leclercdrive.fr/image.ashx?id=2776235&use=l&cat=p&typeid=i","cat":300573},{"id":235243,"n":"Pate à tartiner Bonne Maman Cacahuète et cacao - 350g","p":3.54,"u":"10,11 €/KG","img":"https://fd5-photos.leclercdrive.fr/image.ashx?id=2986663&use=l&cat=p&typeid=i","cat":284481},{"id":235247,"n":"M&M's Peanut x5 180g","p":1.96,"u":"10,89 €/KG","img":"https://fd5-photos.leclercdrive.fr/image.ashx?id=3009011&use=l&cat=p&typeid=i","cat":304238},{"id":235260,"n":"Pâte Lotus Biscoff Speculoos Creamy - 410g","p":3.69,"u":"9,00 €/KG","img":"https://fd5-photos.leclercdrive.fr/image.ashx?id=2776208&use=l&cat=p&typeid=i","cat":284481},{"id":235325,"n":"Riz au lait La Laitière Chocolat - 4x115g","p":1.65,"u":"3,59 €/KG","img":"https://fd5-photos.leclercdrive.fr/image.ashx?id=2780728&use=l&cat=p&typeid=i","cat":284418},{"id":235326,"n":"Semoule au lait La Laitière Chocolat - 4x115g","p":1.7,"u":"3,70 €/KG","img":"https://fd5-photos.leclercdrive.fr/image.ashx?id=2776778&use=l&cat=p&typeid=i","cat":284418},{"id":235349,"n":"Sucre glace Daddy 500g","p":1.68,"u":"3,36 €/KG","img":"https://fd5-photos.leclercdrive.fr/image.ashx?id=2975864&use=l&cat=p&typeid=i","cat":284502},{"id":235369,"n":"Friandises chat Whiskas saveur  Poulet et fromage -180g","p":2.9,"u":"16,11 €/KG","img":"https://fd5-photos.leclercdrive.fr/image.ashx?id=2944966&use=l&cat=p&typeid=i","cat":285285},{"id":235404,"n":"Lait éveil croissance Lactel  système immunitaire - 6x1L","p":14.09,"u":"2,35 €/L","img":"https://fd5-photos.leclercdrive.fr/image.ashx?id=2776531&use=l&cat=p&typeid=i","cat":284728},{"id":235414,"n":"Lait en poudre Modilac Actigest LF+1 Bébé 0-6 mois - 800g","p":22.24,"u":"27,80 €/KG","img":"https://fd5-photos.leclercdrive.fr/image.ashx?id=2981184&use=l&cat=p&typeid=i","cat":284726},{"id":235420,"n":"Lait en poudre Modilac Actigest LF+1 Bébé 2ème âge - 800g","p":19.66,"u":"24,58 €/KG","img":"https://fd5-photos.leclercdrive.fr/image.ashx?id=2981181&use=l&cat=p&typeid=i","cat":284727},{"id":235435,"n":"Biscuits Bounty fourrés  noix de coco - 132g","p":2.12,"u":"16,06 €/KG","img":"https://fd5-photos.leclercdrive.fr/image.ashx?id=2777375&use=l&cat=p&typeid=i","cat":284488},{"id":235444,"n":"Biscuits Twix fourrés  au caramel - 132g","p":1.95,"u":"14,77 €/KG","img":"https://fd5-photos.leclercdrive.fr/image.ashx?id=2777381&use=l&cat=p&typeid=i","cat":284488},{"id":235459,"n":"Goûter moelleux Tendrissime Cacao Noisette x8 - 264g","p":3.06,"u":"11,59 €/KG","img":"https://fd5-photos.leclercdrive.fr/image.ashx?id=2962461&use=l&cat=p&typeid=i","cat":284495},{"id":235543,"n":"Dentifrice enfant Signal Menthe douce - 6-13 ans 2x75ml","p":5.8,"u":"38,67 €/L","img":"https://fd5-photos.leclercdrive.fr/image.ashx?id=2779103&use=l&cat=p&typeid=i","cat":288898},{"id":235636,"n":"Capsules lave-vaisselle Finish Quantum Citron - x46 - 478g","p":8.91,"u":"18,64 €/KG","img":"https://fd5-photos.leclercdrive.fr/image.ashx?id=2780493&use=l&cat=p&typeid=i","cat":284656},{"id":235638,"n":"Nettoyant lave-vaisselle Finish Intégral - Citron - 250ml","p":3.35,"u":"13,40 €/L","img":"https://fd5-photos.leclercdrive.fr/image.ashx?id=2780586&use=l&cat=p&typeid=i","cat":284657},{"id":235655,"n":"Cassonade Saint Louis Equitable - 650g","p":2.39,"u":"3,68 €/KG","img":"https://fd5-photos.leclercdrive.fr/image.ashx?id=2780214&use=l&cat=p&typeid=i","cat":284502},{"id":235710,"n":"Chapelure Tablier Blanc 400g","p":0.88,"u":"2,20 €/KG","img":"https://fd5-photos.leclercdrive.fr/image.ashx?id=2793335&use=l&cat=p&typeid=i","cat":288382},{"id":235786,"n":"Tablette lave-vaisselle Visior Tout-en-un - x45 - 765g","p":5.27,"u":"6,89 €/KG","img":"https://fd5-photos.leclercdrive.fr/image.ashx?id=2954902&use=l&cat=p&typeid=i","cat":284656},{"id":235793,"n":"Dentifrice Junior Signal Menthe douce - 6-13 ans 75ml","p":2.71,"u":"36,13 €/L","img":"https://fd5-photos.leclercdrive.fr/image.ashx?id=2993502&use=l&cat=p&typeid=i","cat":288898},{"id":235811,"n":"Déodorant spray Sanex Zéro 0% Extra Control - 2x100ml","p":4.84,"u":"24,20 €/L","img":"https://fd5-photos.leclercdrive.fr/image.ashx?id=2781741&use=l&cat=p&typeid=i","cat":284595},{"id":235842,"n":"Papier toilette Lotus L'essentiel - x6","p":2.56,"u":"0,43 €/P","img":"https://fd5-photos.leclercdrive.fr/image.ashx?id=2887245&use=l&cat=p&typeid=i","cat":284634},{"id":235843,"n":"Essuie-tout Lotus L'essentil - x3","p":1.97,"u":"0,66 €/P","img":"https://fd5-photos.leclercdrive.fr/image.ashx?id=2833978&use=l&cat=p&typeid=i","cat":284635},{"id":235944,"n":"Compotée Bonne Maman Pêches - 590g","p":2.94,"u":"4,98 €/KG","img":"https://fd5-photos.leclercdrive.fr/image.ashx?id=2951866&use=l&cat=p&typeid=i","cat":284508},{"id":236083,"n":"Boisson Monster Energy zero Ultra rosa - 50cl","p":1.6,"u":"3,20 €/L","img":"https://fd5-photos.leclercdrive.fr/image.ashx?id=2784465&use=l&cat=p&typeid=i","cat":284533},{"id":236221,"n":"Brioche tressée Epi d'or nature - 600g","p":2.09,"u":"3,48 €/KG","img":"https://fd5-photos.leclercdrive.fr/image.ashx?id=2976297&use=l&cat=p&typeid=i","cat":284478},{"id":236231,"n":"Boisson énergisante Crazy Tiger Pomme - 1L","p":1.99,"u":"1,99 €/L","img":"https://fd5-photos.leclercdrive.fr/image.ashx?id=2792729&use=l&cat=p&typeid=i","cat":284533},{"id":236236,"n":"Café en capsules Lavazza Tales of Roma x10 - 57g","p":3.56,"u":"62,46 €/KG","img":"https://fd5-photos.leclercdrive.fr/image.ashx?id=2919042&use=l&cat=p&typeid=i","cat":284749},{"id":236266,"n":"Boisson Monster Energy zero Ultra peachy keen - 50cl","p":1.67,"u":"3,34 €/L","img":"https://fd5-photos.leclercdrive.fr/image.ashx?id=2789116&use=l&cat=p&typeid=i","cat":284533},{"id":236308,"n":"Filet de poulet Maître Coq Jaune Nourri au maïs - 1.2kg","p":16.4,"u":"13,67 €/KG","img":"https://fd5-photos.leclercdrive.fr/image.ashx?id=2855127&use=l&cat=p&typeid=i","cat":284336},{"id":236315,"n":"Bière blonde Bellerose 50cl","p":2.15,"u":"4,30 €/L","img":"https://fd5-photos.leclercdrive.fr/image.ashx?id=2790087&use=l&cat=p&typeid=i","cat":334853},{"id":236676,"n":"Bâtonnets Mikado Chocolat au lait - 6x100g","p":9.96,"u":"16,60 €/KG","img":"https://fd5-photos.leclercdrive.fr/image.ashx?id=2805885&use=l&cat=p&typeid=i","cat":284488},{"id":236687,"n":"Papier cadeau Disney La Reine des Neiges - 5mx1m","p":1.85,"img":"https://fd5-photos.leclercdrive.fr/image.ashx?id=2795577&use=l&cat=p&typeid=i","cat":335914},{"id":236690,"n":"Papier cadeau Disney Reine des neiges - Bleu 5mx70cm","p":1.5,"img":"https://fd5-photos.leclercdrive.fr/image.ashx?id=2795586&use=l&cat=p&typeid=i","cat":335914},{"id":237149,"n":"Papillotte Quiz cinéma Révillon Chocolat Noir Lait Blanc - 360g","p":10.95,"u":"30,42 €/KG","img":"https://fd5-photos.leclercdrive.fr/image.ashx?id=2797834&use=l&cat=p&typeid=i","cat":327597},{"id":237163,"n":"Ballotin Révillon Chocolat Noir Lait Blanc - 215g","p":9.13,"u":"42,47 €/KG","img":"https://fd5-photos.leclercdrive.fr/image.ashx?id=2879685&use=l&cat=p&typeid=i","cat":327595},{"id":237851,"n":"Mini Flam's Coté table x12 - 360g","p":5.99,"u":"16,64 €/KG","img":"https://fd5-photos.leclercdrive.fr/image.ashx?id=2801282&use=l&cat=p&typeid=i","cat":319774},{"id":237865,"n":"Soin intime Hydralin  Calmant irritations - 2x200ml","p":13.75,"img":"https://fd5-photos.leclercdrive.fr/image.ashx?id=2796860&use=l&cat=p&typeid=i","cat":301348},{"id":237950,"n":"Pâtes Barilla Linguine  Al Bronzo - 500g","p":1.95,"u":"3,90 €/KG","img":"https://fd5-photos.leclercdrive.fr/image.ashx?id=2798683&use=l&cat=p&typeid=i","cat":284427},{"id":238049,"n":"Glace en pot Ben & Jerry's Spectacu-love - 392g","p":3.67,"u":"9,36 €/KG","img":"https://fd5-photos.leclercdrive.fr/image.ashx?id=2910937&use=l&cat=p&typeid=i","cat":284725},{"id":238167,"n":"Whisky Aberlour Triple Cast 40% 70cl","p":36.85,"u":"52,64 €/L","img":"https://fd5-photos.leclercdrive.fr/image.ashx?id=2999006&use=l&cat=p&typeid=i","cat":284547},{"id":238172,"n":"Nettoyant concentré Mixa Perfecteur de pores 2x15cl","p":10.48,"u":"34,93 €/L","img":"https://fd5-photos.leclercdrive.fr/image.ashx?id=2919760&use=l&cat=p&typeid=i","cat":284603},{"id":238174,"n":"Nettoyant concentré Mixa Hydratant Lot de 2 - 2x15cl","p":10.48,"u":"34,93 €/L","img":"https://fd5-photos.leclercdrive.fr/image.ashx?id=2919763&use=l&cat=p&typeid=i","cat":284603},{"id":238179,"n":"Whisky Aberlour 14ans d'âge 40% 70cl","p":42.68,"u":"60,97 €/L","img":"https://fd5-photos.leclercdrive.fr/image.ashx?id=2999003&use=l&cat=p&typeid=i","cat":284547},{"id":238191,"n":"Boisson lactée protéinée Arla Vanille 482ml","p":2.65,"u":"5,50 €/L","img":"https://fd5-photos.leclercdrive.fr/image.ashx?id=2800654&use=l&cat=p&typeid=i","cat":284415},{"id":238274,"n":"Crêpes chocolat au lait Whaou - x15 - 480g","p":4.99,"u":"10,40 €/KG","img":"https://fd5-photos.leclercdrive.fr/image.ashx?id=2800417&use=l&cat=p&typeid=i","cat":284494},{"id":238377,"n":"Mousse à raser Wilkinson 200ml","p":2.93,"u":"14,65 €/L","img":"https://fd5-photos.leclercdrive.fr/image.ashx?id=2801252&use=l&cat=p&typeid=i","cat":284617},{"id":238379,"n":"Mousse à raser mini Wilkinson 75ml","p":2.5,"u":"33,33 €/L","img":"https://fd5-photos.leclercdrive.fr/image.ashx?id=2895008&use=l&cat=p&typeid=i","cat":284617},{"id":238410,"n":"Pancakes bio Yooji pour bébé Carotte et Maïs 120g","p":3.79,"u":"31,58 €/KG","img":"https://fd5-photos.leclercdrive.fr/image.ashx?id=2800950&use=l&cat=p&typeid=i","cat":290631},{"id":238411,"n":"Pancakes bio Yooji pour bébé Petit pois epinard 120g","p":2.56,"u":"21,33 €/KG","img":"https://fd5-photos.leclercdrive.fr/image.ashx?id=2800953&use=l&cat=p&typeid=i","cat":290631},{"id":238429,"n":"Chocolat au lait Tablette d'Or caramel beurre salé 180g","p":2.49,"u":"13,83 €/KG","img":"https://fd5-photos.leclercdrive.fr/image.ashx?id=2800758&use=l&cat=p&typeid=i","cat":284497},{"id":238530,"n":"Ravioli Lustucru Selection  4 fromages - 310g","p":1.88,"u":"6,06 €/KG","img":"https://fd5-photos.leclercdrive.fr/image.ashx?id=2962524&use=l&cat=p&typeid=i","cat":333682},{"id":238565,"n":"Compotes gourdes Pom'Potes Multivariétés - 64x90g","p":28.39,"u":"4,93 €/KG","img":"https://fd5-photos.leclercdrive.fr/image.ashx?id=2977270&use=l&cat=p&typeid=i","cat":284508},{"id":238567,"n":"Masque cheveux Fructis Garnier Longueur & glow Ananas - 320ml","p":6.37,"u":"19,91 €/L","img":"https://fd5-photos.leclercdrive.fr/image.ashx?id=2802129&use=l&cat=p&typeid=i","cat":284608},{"id":238713,"n":"Chocolat Noel Libeert  - 90g","p":5.95,"u":"66,11 €/KG","img":"https://fd5-photos.leclercdrive.fr/image.ashx?id=2802659&use=l&cat=p&typeid=i","cat":327592},{"id":238785,"n":"Jambon Le tranché fin  Dégustation 4 tranches 120g","p":2.53,"u":"21,08 €/KG","img":"https://fd5-photos.leclercdrive.fr/image.ashx?id=2889298&use=l&cat=p&typeid=i","cat":316009},{"id":238899,"n":"Yaourt protéiné Skyr Yoplait Vanille 0%Mg - 450g","p":2.18,"u":"4,84 €/KG","img":"https://fd5-photos.leclercdrive.fr/image.ashx?id=2884447&use=l&cat=p&typeid=i","cat":315000},{"id":238997,"n":"Tire-bouchon Homeside Sommelier Inox - x1","p":2.99,"img":"https://fd5-photos.leclercdrive.fr/image.ashx?id=2808652&use=l&cat=p&typeid=i","cat":334135},{"id":239000,"n":"Coupe tarte/pizza Homeside x1","p":4.59,"img":"https://fd5-photos.leclercdrive.fr/image.ashx?id=2808661&use=l&cat=p&typeid=i","cat":334135},{"id":239001,"n":"Fourchettes à fondue Homeside Manche en bois - x3","p":3.9,"img":"https://fd5-photos.leclercdrive.fr/image.ashx?id=2808670&use=l&cat=p&typeid=i","cat":334135},{"id":239101,"n":"Riz Thaï Taureau Ailé 1kg","p":2.94,"u":"2,94 €/KG","img":"https://fd5-photos.leclercdrive.fr/image.ashx?id=2805558&use=l&cat=p&typeid=i","cat":284428},{"id":239208,"n":"Lessive capsules Le Chat  Disc Expert 4 en 1 x25 - 413g","p":9.31,"u":"22,60 €/KG","img":"https://fd5-photos.leclercdrive.fr/image.ashx?id=2936125&use=l&cat=p&typeid=i","cat":284641},{"id":239209,"n":"Eponge Spontex Gratt & Flex - x2","p":1.59,"u":"0,80 €/PRT","img":"https://fd5-photos.leclercdrive.fr/image.ashx?id=2805399&use=l&cat=p&typeid=i","cat":284667},{"id":239211,"n":"Huile Essentielle So Bio Etic  Eucalyptus Globuleux Bio - 12ml","p":3.35,"u":"279,17 €/MT","img":"https://fd5-photos.leclercdrive.fr/image.ashx?id=2805456&use=l&cat=p&typeid=i","cat":284630},{"id":239215,"n":"Huile Essentielle So Bio Etic Menthe poivrée Bio - 10ml","p":5.29,"u":"529,00 €/L","img":"https://fd5-photos.leclercdrive.fr/image.ashx?id=2805462&use=l&cat=p&typeid=i","cat":284630},{"id":239218,"n":"Lingettes Décolor Stop  Anti-décoloration x52","p":5.69,"u":"0,11 €/P","img":"https://fd5-photos.leclercdrive.fr/image.ashx?id=2805264&use=l&cat=p&typeid=i","cat":290450},{"id":239228,"n":"Adoucissant recharge Soupline à diluer Moment Magique-600ml","p":2.9,"u":"4,83 €/L","img":"https://fd5-photos.leclercdrive.fr/image.ashx?id=2863027&use=l&cat=p&typeid=i","cat":284650},{"id":239229,"n":"Brume de linge Soupline spray Grand Air - 300ml","p":5.17,"u":"17,23 €/L","img":"https://fd5-photos.leclercdrive.fr/image.ashx?id=2866202&use=l&cat=p&typeid=i","cat":325302},{"id":239230,"n":"Recharge liquide vaisselle Paic Excel 2 - Dégraissant - 900ml","p":3.04,"u":"3,38 €/L","img":"https://fd5-photos.leclercdrive.fr/image.ashx?id=2835586&use=l&cat=p&typeid=i","cat":284655},{"id":239231,"n":"Dentifrice Sensitive Elmex Blancheur - 75ml","p":5.39,"u":"71,87 €/L","img":"https://fd5-photos.leclercdrive.fr/image.ashx?id=2806447&use=l&cat=p&typeid=i","cat":284612},{"id":239233,"n":"Dentifrice Colgate Soin complet - 75ml","p":2.21,"u":"29,47 €/L","img":"https://fd5-photos.leclercdrive.fr/image.ashx?id=2836196&use=l&cat=p&typeid=i","cat":284612},{"id":239234,"n":"Dentifrice Colgate Total Résistance de l'émail 75ml","p":3.03,"u":"40,40 €/L","img":"https://fd5-photos.leclercdrive.fr/image.ashx?id=2832578&use=l&cat=p&typeid=i","cat":284612},{"id":239236,"n":"Lingettes pocket bébé Biolane Visage et mains - x20","p":1.43,"img":"https://fd5-photos.leclercdrive.fr/image.ashx?id=2806195&use=l&cat=p&typeid=i","cat":284738},{"id":239283,"n":"Essuie-Tout Sopalin Décoré Maxi rouleau   x4= 8 rouleaux","p":5.99,"u":"1,50 €/P","img":"https://fd5-photos.leclercdrive.fr/image.ashx?id=3000453&use=l&cat=p&typeid=i","cat":284635},{"id":239284,"n":"Essuie-Tout Sopalin Blanc Ultra'Absorb  x4= 8 rouleaux","p":4.49,"u":"1,12 €/P","img":"https://fd5-photos.leclercdrive.fr/image.ashx?id=2841586&use=l&cat=p&typeid=i","cat":284635},{"id":239343,"n":"Papier cadeau Spiderman Les Avengers - 500x70cm","p":1.5,"img":"https://fd5-photos.leclercdrive.fr/image.ashx?id=2808682&use=l&cat=p&typeid=i","cat":335914},{"id":239344,"n":"Papier cadeau Spiderman Marvel - 500x70cm","p":1.5,"img":"https://fd5-photos.leclercdrive.fr/image.ashx?id=2808685&use=l&cat=p&typeid=i","cat":335914},{"id":239480,"n":"Burger Géant Jacquet Farine complète x4 - 330g","p":1.06,"u":"3,21 €/KG","img":"https://fd5-photos.leclercdrive.fr/image.ashx?id=2973544&use=l&cat=p&typeid=i","cat":325067},{"id":239509,"n":"Préparation maison Vahiné Gâteau 3en1 chocolat  280g","p":2.56,"u":"9,14 €/KG","img":"https://fd5-photos.leclercdrive.fr/image.ashx?id=2806961&use=l&cat=p&typeid=i","cat":284505},{"id":239615,"n":"Boisson hydratation Prime Ice pop 500ml","p":1.9,"u":"3,80 €/L","img":"https://fd5-photos.leclercdrive.fr/image.ashx?id=2807882&use=l&cat=p&typeid=i","cat":284533},{"id":239616,"n":"Boisson hydratation Prime Framboise 500ml","p":1.93,"u":"3,86 €/L","img":"https://fd5-photos.leclercdrive.fr/image.ashx?id=2807879&use=l&cat=p&typeid=i","cat":284533},{"id":239617,"n":"Boisson hydratation Prime Fraise pastèque 500ml","p":1.79,"u":"3,58 €/L","img":"https://fd5-photos.leclercdrive.fr/image.ashx?id=2849277&use=l&cat=p&typeid=i","cat":284533},{"id":239879,"n":"Soupe Liebig Legumes lait de coco - 1L","p":3.84,"u":"3,84 €/L","img":"https://fd5-photos.leclercdrive.fr/image.ashx?id=2810639&use=l&cat=p&typeid=i","cat":284462},{"id":239888,"n":"Bouillon Maggi Tomate vermicelle - 70g","p":0.46,"u":"6,57 €/KG","img":"https://fd5-photos.leclercdrive.fr/image.ashx?id=2811713&use=l&cat=p&typeid=i","cat":288379},{"id":239897,"n":"Velouté de poireaux Royco  pomme de terre x3 - 80cl","p":1.43,"u":"1,79 €/L","img":"https://fd5-photos.leclercdrive.fr/image.ashx?id=2810642&use=l&cat=p&typeid=i","cat":293527},{"id":239899,"n":"Plat Bledina Boeuf et carotte - 200g","p":2.27,"u":"11,35 €/KG","img":"https://fd5-photos.leclercdrive.fr/image.ashx?id=2866307&use=l&cat=p&typeid=i","cat":312238},{"id":239902,"n":"Saumon en croûte Côté Table 700g","p":7.49,"u":"10,70 €/KG","img":"https://fd5-photos.leclercdrive.fr/image.ashx?id=2808733&use=l&cat=p&typeid=i","cat":319776},{"id":239905,"n":"Nouilles Tables du Monde Legumes - 3x65g","p":1.39,"u":"7,13 €/KG","img":"https://fd5-photos.leclercdrive.fr/image.ashx?id=2808727&use=l&cat=p&typeid=i","cat":288992},{"id":239928,"n":"Pâte à tartinerLotus Speculoos crunchy Biscoff 390g","p":3.73,"u":"9,56 €/KG","img":"https://fd5-photos.leclercdrive.fr/image.ashx?id=2811575&use=l&cat=p&typeid=i","cat":284481},{"id":239945,"n":"Gourdes Bledina Fruits multivariété - 720g","p":7.27,"u":"10,10 €/KG","img":"https://fd5-photos.leclercdrive.fr/image.ashx?id=2810654&use=l&cat=p&typeid=i","cat":312393},{"id":239946,"n":"Compote Bonne Maman Pomme vanille - 590g","p":2.49,"u":"4,22 €/KG","img":"https://fd5-photos.leclercdrive.fr/image.ashx?id=2951863&use=l&cat=p&typeid=i","cat":284480},{"id":240000,"n":"Omelette norvégienne Erhard 330g","p":7.7,"u":"23,33 €/KG","img":"https://fd5-photos.leclercdrive.fr/image.ashx?id=2827863&use=l&cat=p&typeid=i","cat":284266},{"id":240002,"n":"Billes M&Ms caramel salé 367g","p":4.8,"u":"13,08 €/KG","img":"https://fd5-photos.leclercdrive.fr/image.ashx?id=2924770&use=l&cat=p&typeid=i","cat":304238},{"id":240146,"n":"Lessive capsules Skip Tout en 1 Active clean 1.266kg","p":16.99,"u":"13,42 €/KG","img":"https://fd5-photos.leclercdrive.fr/image.ashx?id=2813098&use=l&cat=p&typeid=i","cat":284641},{"id":240254,"n":"Papier cadeau Pat'Patrouille Fond rouge - 500x70cm","p":1.5,"img":"https://fd5-photos.leclercdrive.fr/image.ashx?id=2816758&use=l&cat=p&typeid=i","cat":335914},{"id":240255,"n":"Papier cadeau Pat'Patrouille Fond jaune - 500x70cm","p":1.5,"img":"https://fd5-photos.leclercdrive.fr/image.ashx?id=2816761&use=l&cat=p&typeid=i","cat":335914},{"id":240256,"n":"Papier cadeau Pat'Patrouille Christmas - 500x70cm","p":1.5,"img":"https://fd5-photos.leclercdrive.fr/image.ashx?id=2816764&use=l&cat=p&typeid=i","cat":335914},{"id":240338,"n":"Laque Elnett Fixation normale  200ml","p":5.87,"u":"29,35 €/L","img":"https://fd5-photos.leclercdrive.fr/image.ashx?id=2814064&use=l&cat=p&typeid=i","cat":284609},{"id":240425,"n":"Soda à l'orange Orangina 1,5L","p":1.86,"u":"1,24 €/L","img":"https://fd5-photos.leclercdrive.fr/image.ashx?id=2946499&use=l&cat=p&typeid=i","cat":284532},{"id":240426,"n":"Soda à l'orange Orangina 2x1,5L","p":3.94,"u":"1,31 €/L","img":"https://fd5-photos.leclercdrive.fr/image.ashx?id=2812690&use=l&cat=p&typeid=i","cat":284532},{"id":240427,"n":"Soda à l'orange Orangina 12x33cl","p":7.4,"u":"1,87 €/L","img":"https://fd5-photos.leclercdrive.fr/image.ashx?id=2946505&use=l&cat=p&typeid=i","cat":284532},{"id":240482,"n":"Riz basmati Lustucru 10min - 5x180g","p":3.09,"u":"3,43 €/KG","img":"https://fd5-photos.leclercdrive.fr/image.ashx?id=2814163&use=l&cat=p&typeid=i","cat":284428},{"id":240623,"n":"Laque fixation forte Elnett 200ml","p":5.89,"u":"29,45 €/L","img":"https://fd5-photos.leclercdrive.fr/image.ashx?id=2828013&use=l&cat=p&typeid=i","cat":284609},{"id":240842,"n":"Skyr nature Délisse 4x100g","p":1.72,"u":"4,30 €/KG","img":"https://fd5-photos.leclercdrive.fr/image.ashx?id=2992588&use=l&cat=p&typeid=i","cat":315000},{"id":240843,"n":"Skyr nature Délisse 850g","p":2.75,"u":"3,24 €/KG","img":"https://fd5-photos.leclercdrive.fr/image.ashx?id=2992600&use=l&cat=p&typeid=i","cat":315000},{"id":240848,"n":"Girolles sauvages entières L'Origine du Goût 300g","p":4.85,"u":"16,17 €/KG","img":"https://fd5-photos.leclercdrive.fr/image.ashx?id=2814713&use=l&cat=p&typeid=i","cat":319805},{"id":240852,"n":"Cèpes morceaux L'Origine du Goût 300g","p":4.05,"u":"13,50 €/KG","img":"https://fd5-photos.leclercdrive.fr/image.ashx?id=2814917&use=l&cat=p&typeid=i","cat":319805},{"id":241099,"n":"Nouilles asiatiques Maggi Pad Thai - 128g","p":1.77,"u":"13,83 €/KG","img":"https://fd5-photos.leclercdrive.fr/image.ashx?id=2899776&use=l&cat=p&typeid=i","cat":288992},{"id":241193,"n":"Colle Fixer sans percer Sader Tube Aménagement intérieur 260g","p":6.39,"u":"24,58 €/KG","img":"https://fd5-photos.leclercdrive.fr/image.ashx?id=2816904&use=l&cat=p&typeid=i","cat":300576},{"id":241194,"n":"Colle Fixer sans percer Sader Tube Aménagement intérieur 70g","p":4.5,"u":"64,29 €/KG","img":"https://fd5-photos.leclercdrive.fr/image.ashx?id=2816907&use=l&cat=p&typeid=i","cat":300576},{"id":241200,"n":"Colle Fixer sans percer Sader Tube Tous Travaux Blanc 50g","p":4.5,"u":"90,00 €/KG","img":"https://fd5-photos.leclercdrive.fr/image.ashx?id=2817812&use=l&cat=p&typeid=i","cat":300576},{"id":241204,"n":"Colle Fixer sans percer Sader Tous travaux transparent 50","p":4.89,"u":"97,80 €/KG","img":"https://fd5-photos.leclercdrive.fr/image.ashx?id=2816910&use=l&cat=p&typeid=i","cat":300576},{"id":241210,"n":"Dentifrice Enfants Signal  Super Mario - Fruité - 75ml","p":2.19,"u":"29,20 €/L","img":"https://fd5-photos.leclercdrive.fr/image.ashx?id=2993173&use=l&cat=p&typeid=i","cat":288898},{"id":241211,"n":"Dentifrice Enfants Signal Super Mario - Fraise - 75ml","p":2.13,"u":"28,40 €/L","img":"https://fd5-photos.leclercdrive.fr/image.ashx?id=2987047&use=l&cat=p&typeid=i","cat":288898},{"id":241256,"n":"M&M's minis pochons  360g","p":5.01,"u":"13,92 €/KG","img":"https://fd5-photos.leclercdrive.fr/image.ashx?id=3005290&use=l&cat=p&typeid=i","cat":304238},{"id":241489,"n":"Thon au naturel Petit Navire x3 - 112g","p":6.18,"u":"55,18 €/KG","img":"https://fd5-photos.leclercdrive.fr/image.ashx?id=2887491&use=l&cat=p&typeid=i","cat":303867},{"id":241912,"n":"Couches Culottes Huggies Pull-ups - T5 - x24","p":10.97,"img":"https://fd5-photos.leclercdrive.fr/image.ashx?id=2844721&use=l&cat=p&typeid=i","cat":290633},{"id":241915,"n":"Couches culottes Huggies Pull-ups - Taille 6 - x20","p":10.97,"img":"https://fd5-photos.leclercdrive.fr/image.ashx?id=2844724&use=l&cat=p&typeid=i","cat":290633},{"id":241919,"n":"AOP Fitou Prieur Barsanne Vin rouge - 3L","p":9.99,"u":"3,33 €/L","img":"https://fd5-photos.leclercdrive.fr/image.ashx?id=2820284&use=l&cat=p&typeid=i","cat":289556},{"id":242214,"n":"Bloc WC Bref Deluxe  Magnolia précieux 2+1","p":2.88,"u":"0,96 €/P","img":"https://fd5-photos.leclercdrive.fr/image.ashx?id=2965022&use=l&cat=p&typeid=i","cat":284662},{"id":242218,"n":"Lingettes Mixa bébé au lait x80","p":2.95,"u":"0,04 €/P","img":"https://fd5-photos.leclercdrive.fr/image.ashx?id=2828079&use=l&cat=p&typeid=i","cat":284738},{"id":242220,"n":"Lingettes Mixa bébé  eau minérale x48","p":2.89,"u":"0,06 €/P","img":"https://fd5-photos.leclercdrive.fr/image.ashx?id=2828082&use=l&cat=p&typeid=i","cat":284738},{"id":242222,"n":"Lingettes Mixa bébé  eau nettoyante x80","p":2.73,"u":"0,03 €/P","img":"https://fd5-photos.leclercdrive.fr/image.ashx?id=2828085&use=l&cat=p&typeid=i","cat":284738},{"id":242226,"n":"Déodorant Mixa Anti-transpirant 48h","p":2.53,"u":"50,60 €/L","img":"https://fd5-photos.leclercdrive.fr/image.ashx?id=2869116&use=l&cat=p&typeid=i","cat":284595},{"id":242235,"n":"Lingettes bébé Cadum  Ultra-douces x48","p":3.88,"u":"0,04 €/P","img":"https://fd5-photos.leclercdrive.fr/image.ashx?id=2828091&use=l&cat=p&typeid=i","cat":284738},{"id":242258,"n":"Laque Elnett 300ml","p":7.24,"u":"24,13 €/L","img":"https://fd5-photos.leclercdrive.fr/image.ashx?id=2828019&use=l&cat=p&typeid=i","cat":284609},{"id":242259,"n":"Laque Elnett fixation forte 300ml","p":7.81,"u":"26,03 €/L","img":"https://fd5-photos.leclercdrive.fr/image.ashx?id=2828016&use=l&cat=p&typeid=i","cat":284609},{"id":242261,"n":"Laque Elnett Fixation normale 400ml","p":9.24,"u":"23,10 €/L","img":"https://fd5-photos.leclercdrive.fr/image.ashx?id=2828025&use=l&cat=p&typeid=i","cat":284609},{"id":242262,"n":"Laque Elnett Fixation forte 400ml","p":9.26,"u":"23,15 €/L","img":"https://fd5-photos.leclercdrive.fr/image.ashx?id=2828022&use=l&cat=p&typeid=i","cat":284609},{"id":242266,"n":"Après-shampoing Garnier Ultra  Doux Cheveux secs -250ml","p":2.5,"u":"10,00 €/L","img":"https://fd5-photos.leclercdrive.fr/image.ashx?id=2828046&use=l&cat=p&typeid=i","cat":284607},{"id":242268,"n":"Démaquillant Mixa Yeux sensible 125ml","p":3.03,"u":"24,24 €/L","img":"https://fd5-photos.leclercdrive.fr/image.ashx?id=2828067&use=l&cat=p&typeid=i","cat":284603},{"id":242353,"n":"Riz Comptoir du Grain Thaï suprême - 500g","p":1.95,"u":"3,90 €/KG","img":"https://fd5-photos.leclercdrive.fr/image.ashx?id=2822371&use=l&cat=p&typeid=i","cat":284428},{"id":242415,"n":"Thé vert L'Origine du Gout Gingembre - 80g","p":4.49,"u":"56,13 €/KG","img":"https://fd5-photos.leclercdrive.fr/image.ashx?id=2822583&use=l&cat=p&typeid=i","cat":293233},{"id":242418,"n":"Thé noir L'Origine du Gout Earl Grey - 80g","p":4.49,"u":"56,13 €/KG","img":"https://fd5-photos.leclercdrive.fr/image.ashx?id=2822586&use=l&cat=p&typeid=i","cat":293233},{"id":242438,"n":"Thé L'Origine du Gout  Rooibos - 90g","p":4.49,"u":"49,89 €/KG","img":"https://fd5-photos.leclercdrive.fr/image.ashx?id=2822589&use=l&cat=p&typeid=i","cat":293233},{"id":242616,"n":"Saucisse L'Origine du Gout A la truffe - 100g","p":2.75,"u":"27,50 €/KG","img":"https://fd5-photos.leclercdrive.fr/image.ashx?id=2994408&use=l&cat=p&typeid=i","cat":316007},{"id":242706,"n":"Crème dessert Danette Praliné - 4x125g","p":1.48,"u":"2,96 €/KG","img":"https://fd5-photos.leclercdrive.fr/image.ashx?id=2918556&use=l&cat=p&typeid=i","cat":285041},{"id":242712,"n":"Skyr Danone Cerise - 2x140g","p":1.97,"u":"7,04 €/KG","img":"https://fd5-photos.leclercdrive.fr/image.ashx?id=2826570&use=l&cat=p&typeid=i","cat":315000},{"id":242899,"n":"Soda à l'orange Orangina 4x1.5L","p":7.56,"u":"1,26 €/L","img":"https://fd5-photos.leclercdrive.fr/image.ashx?id=2825598&use=l&cat=p&typeid=i","cat":284532},{"id":242907,"n":"Gel douche Sanex Zero Essential Peaux sensible 2x47.5ml","p":9.18,"u":"9,66 €/L","img":"https://fd5-photos.leclercdrive.fr/image.ashx?id=2826255&use=l&cat=p&typeid=i","cat":284594},{"id":243397,"n":"Complément alimentaire Luxéol Chute cheveux progressive x90","p":36.9,"img":"https://fd5-photos.leclercdrive.fr/image.ashx?id=2833900&use=l&cat=p&typeid=i","cat":301266},{"id":243688,"n":"Concentré de citron Frucci 75cl","p":1.54,"u":"2,05 €/L","img":"https://fd5-photos.leclercdrive.fr/image.ashx?id=2865308&use=l&cat=p&typeid=i","cat":295020},{"id":243689,"n":"Boisson energisante X-Tense Energisante pina coco - 50cl","p":0.98,"u":"1,96 €/L","img":"https://fd5-photos.leclercdrive.fr/image.ashx?id=2956798&use=l&cat=p&typeid=i","cat":284533},{"id":243699,"n":"Complément alimentaire HydraForté Menthe Citron - x24","p":7.9,"u":"66,39 €/KG","img":"https://fd5-photos.leclercdrive.fr/image.ashx?id=2833786&use=l&cat=p&typeid=i","cat":301268},{"id":243706,"n":"Boisson energisante X-tense  Tropical - 50cl","p":0.98,"u":"1,96 €/L","img":"https://fd5-photos.leclercdrive.fr/image.ashx?id=2956795&use=l&cat=p&typeid=i","cat":284533},{"id":243900,"n":"Yaourts brassés aux fruits Bio Bio village - 12x125g","p":3.14,"u":"2,09 €/KG","img":"https://fd5-photos.leclercdrive.fr/image.ashx?id=2841971&use=l&cat=p&typeid=i","cat":326550},{"id":243918,"n":"Taboulé Bonduelle A la menthe - 500g","p":1.68,"u":"3,36 €/KG","img":"https://fd5-photos.leclercdrive.fr/image.ashx?id=2902657&use=l&cat=p&typeid=i","cat":326550},{"id":243948,"n":"Complément alimentaire Granions Morosil 400mg - x60 comprimés","p":24.5,"u":"437,50 €/KG","img":"https://fd5-photos.leclercdrive.fr/image.ashx?id=2834623&use=l&cat=p&typeid=i","cat":301264},{"id":243956,"n":"Complément alimentaire Forté Pharma Désir & vigueur 350g","p":16.55,"u":"47,29 €/KG","img":"https://fd5-photos.leclercdrive.fr/image.ashx?id=2834211&use=l&cat=p&typeid=i","cat":301264},{"id":243962,"n":"Lingettes Decolor Stop Protection couleurs - x22","p":3.8,"img":"https://fd5-photos.leclercdrive.fr/image.ashx?id=2890127&use=l&cat=p&typeid=i","cat":290450},{"id":243967,"n":"Lessive liquide Winni's Couleurs Ecolabel 1125ml x25","p":6.93,"u":"6,16 €/L","img":"https://fd5-photos.leclercdrive.fr/image.ashx?id=2834545&use=l&cat=p&typeid=i","cat":284640},{"id":243970,"n":"Adoucissant Eco-pack Winni's Fleurs Blanches - 1250ml - x50","p":4.64,"u":"3,71 €/L","img":"https://fd5-photos.leclercdrive.fr/image.ashx?id=2834554&use=l&cat=p&typeid=i","cat":284650},{"id":243973,"n":"Boisson pétillante Kidibul Pomme fraise - 4x25cl","p":2.79,"u":"2,79 €/L","img":"https://fd5-photos.leclercdrive.fr/image.ashx?id=2834755&use=l&cat=p&typeid=i","cat":289460},{"id":243975,"n":"Kit Plumeau Eco+ Dépoussiérant - +5 recharges","p":0.81,"img":"https://fd5-photos.leclercdrive.fr/image.ashx?id=2834187&use=l&cat=p&typeid=i","cat":325364},{"id":243977,"n":"Vinaigre de nettoyage Clair 5L","p":5.01,"u":"1,00 €/L","img":"https://fd5-photos.leclercdrive.fr/image.ashx?id=2834190&use=l&cat=p&typeid=i","cat":325362},{"id":244094,"n":"Fromage à tartiner Labné  Président - 250g","p":1.99,"u":"7,96 €/KG","img":"https://fd5-photos.leclercdrive.fr/image.ashx?id=2889397&use=l&cat=p&typeid=i","cat":326550},{"id":244229,"n":"Croquettes Friskies chat adulte Lapin Poulet Légumes - 1.5kg","p":4.6,"u":"3,07 €/KG","img":"https://fd5-photos.leclercdrive.fr/image.ashx?id=2835160&use=l&cat=p&typeid=i","cat":284680},{"id":244234,"n":"Croquettes Friskies chat adulte Saumon Légumes - 1.5kg","p":3.86,"u":"2,57 €/KG","img":"https://fd5-photos.leclercdrive.fr/image.ashx?id=2860586&use=l&cat=p&typeid=i","cat":284680},{"id":244235,"n":"Croquettes Friskies chat adulte  Boeuf Poulet Légumes - 1.5kg","p":3.86,"u":"2,57 €/KG","img":"https://fd5-photos.leclercdrive.fr/image.ashx?id=2835154&use=l&cat=p&typeid=i","cat":284680},{"id":244351,"n":"Shampooing Elsève Color vive 250ml","p":2.35,"u":"9,40 €/L","img":"https://fd5-photos.leclercdrive.fr/image.ashx?id=2989318&use=l&cat=p&typeid=i","cat":284606},{"id":244359,"n":"Shampooing Elsève Dream length  250ml","p":3.48,"u":"13,92 €/L","img":"https://fd5-photos.leclercdrive.fr/image.ashx?id=2863614&use=l&cat=p&typeid=i","cat":284606},{"id":244360,"n":"Shampooing Elsève Hyaluronique  250ml","p":3.48,"u":"13,92 €/L","img":"https://fd5-photos.leclercdrive.fr/image.ashx?id=2863617&use=l&cat=p&typeid=i","cat":284606},{"id":244418,"n":"Museau de porc Menu Fraîcheur A la lyonnaise - 300g","p":1.39,"u":"4,63 €/KG","img":"https://fd5-photos.leclercdrive.fr/image.ashx?id=2816558&use=l&cat=p&typeid=i","cat":326550},{"id":244661,"n":"Riz Basmati Lustucru Selection  10 min - 450g","p":2.06,"u":"4,58 €/KG","img":"https://fd5-photos.leclercdrive.fr/image.ashx?id=2836732&use=l&cat=p&typeid=i","cat":284428},{"id":244893,"n":"Fromage blanc Calin 0% Extra Naure - 8x100g","p":1.7,"u":"2,13 €/KG","img":"https://fd5-photos.leclercdrive.fr/image.ashx?id=2973733&use=l&cat=p&typeid=i","cat":326550},{"id":245018,"n":"Saint Nectaire laitier AOP L'Atelier Fromagerie - 300g","p":3.29,"u":"10,97 €/KG","img":"https://fd5-photos.leclercdrive.fr/image.ashx?id=2115917&use=l&cat=p&typeid=i","cat":326550},{"id":245061,"n":"Pain pour panini Epi d'Or Précuit - x4  300g","p":1.48,"u":"4,93 €/KG","img":"https://fd5-photos.leclercdrive.fr/image.ashx?id=2837144&use=l&cat=p&typeid=i","cat":284985},{"id":245062,"n":"Compotée d'aubergines & blé Cassegrain - 2x375g","p":5.16,"u":"6,88 €/KG","img":"https://fd5-photos.leclercdrive.fr/image.ashx?id=2970843&use=l&cat=p&typeid=i","cat":312612},{"id":245064,"n":"Riz Basmati Lustucru 900g","p":3.47,"u":"3,86 €/KG","img":"https://fd5-photos.leclercdrive.fr/image.ashx?id=2837640&use=l&cat=p&typeid=i","cat":284428},{"id":245074,"n":"Nouilles instantanées Maggi sauce aigre douce - 128g","p":1.69,"u":"13,20 €/KG","img":"https://fd5-photos.leclercdrive.fr/image.ashx?id=2837628&use=l&cat=p&typeid=i","cat":288992},{"id":245075,"n":"Nouilles instantanées Maggi  sauce Teriyaki - 128g","p":1.69,"u":"13,20 €/KG","img":"https://fd5-photos.leclercdrive.fr/image.ashx?id=2837625&use=l&cat=p&typeid=i","cat":288992},{"id":245082,"n":"Nouilles instantanées Maggi sauce sweet chili - 75g","p":1.59,"u":"21,20 €/KG","img":"https://fd5-photos.leclercdrive.fr/image.ashx?id=2842960&use=l&cat=p&typeid=i","cat":288992},{"id":245085,"n":"Sauce aigre douce Maggi  pour poulet - 355g","p":3.47,"u":"9,77 €/KG","img":"https://fd5-photos.leclercdrive.fr/image.ashx?id=2947231&use=l&cat=p&typeid=i","cat":288992},{"id":245197,"n":"Mélange de saison Florette 320g","p":1.57,"u":"4,91 €/KG","img":"https://fd5-photos.leclercdrive.fr/image.ashx?id=2844055&use=l&cat=p&typeid=i","cat":326550},{"id":245463,"n":"Soupe douceur d'automne Knorr À la crème fraîche - 2x1L","p":4.89,"pp":3.42,"u":"1,71 €/L","img":"https://fd5-photos.leclercdrive.fr/image.ashx?id=2975939&use=l&cat=p&typeid=i","cat":284462},{"id":245576,"n":"Sauce Pesto vert Panzani au basilic - 2x90g","p":2.68,"u":"14,89 €/KG","img":"https://fd5-photos.leclercdrive.fr/image.ashx?id=2873841&use=l&cat=p&typeid=i","cat":299047},{"id":245579,"n":"Sauce Pesto vert crémeux  Panzani - 190g","p":2.04,"u":"10,74 €/KG","img":"https://fd5-photos.leclercdrive.fr/image.ashx?id=2873838&use=l&cat=p&typeid=i","cat":299047},{"id":245606,"n":"Tablettes lave-vaisselle Sun 1,15kg - x70","p":11.87,"u":"0,10 €/KG","img":"https://fd5-photos.leclercdrive.fr/image.ashx?id=2840641&use=l&cat=p&typeid=i","cat":284657},{"id":245607,"n":"Détartrant salle de bain Maison Net - 750ml","p":2.89,"u":"3,85 €/L","img":"https://fd5-photos.leclercdrive.fr/image.ashx?id=2840620&use=l&cat=p&typeid=i","cat":325357},{"id":245681,"n":"Tranches Emmental Baguette Président - 8 tranches - 120g","p":1.91,"u":"15,92 €/KG","img":"https://fd5-photos.leclercdrive.fr/image.ashx?id=2840518&use=l&cat=p&typeid=i","cat":314028},{"id":245682,"n":"Tranches Gouda Baguette Président - 8 tranches - 120g","p":1.93,"u":"16,08 €/KG","img":"https://fd5-photos.leclercdrive.fr/image.ashx?id=2840521&use=l&cat=p&typeid=i","cat":314028},{"id":245683,"n":"Tranches Mimolette Baguette Président - 8 tranches - 120g","p":1.93,"u":"16,08 €/KG","img":"https://fd5-photos.leclercdrive.fr/image.ashx?id=2840524&use=l&cat=p&typeid=i","cat":314028},{"id":245930,"n":"Tablette KitKat  Double chocolat - 99g","p":2.34,"u":"23,64 €/KG","img":"https://fd5-photos.leclercdrive.fr/image.ashx?id=2990865&use=l&cat=p&typeid=i","cat":284497},{"id":245931,"n":"Tablette chocolat KitKat  Noisette - 99g","p":2.34,"u":"23,64 €/KG","img":"https://fd5-photos.leclercdrive.fr/image.ashx?id=2871046&use=l&cat=p&typeid=i","cat":284497},{"id":245973,"n":"Tablettes lave-vaisselle Sun Tout en 1  citron x70 - 1.15kg","p":11.87,"u":"10,28 €/KG","img":"https://fd5-photos.leclercdrive.fr/image.ashx?id=2842171&use=l&cat=p&typeid=i","cat":284657},{"id":245985,"n":"Café en capsules LOr Espresso Ristretto x35+15 260g","p":9.59,"u":"36,88 €/KG","img":"https://fd5-photos.leclercdrive.fr/image.ashx?id=2842159&use=l&cat=p&typeid=i","cat":284749},{"id":246171,"n":"Gyoza Ajinomoto Porc - x20 - 400g","p":4.78,"u":"11,95 €/KG","img":"https://fd5-photos.leclercdrive.fr/image.ashx?id=2843442&use=l&cat=p&typeid=i","cat":319774},{"id":246225,"n":"Tablette de chocolat Equador Amandes caramel - 100g","p":1.69,"u":"16,90 €/KG","img":"https://fd5-photos.leclercdrive.fr/image.ashx?id=2843120&use=l&cat=p&typeid=i","cat":284497},{"id":246259,"n":"Jambon supérieur Bio Village découenné 4 Tranches bio - 140g","p":2.8,"u":"20,00 €/KG","img":"https://fd5-photos.leclercdrive.fr/image.ashx?id=1959610&use=l&cat=p&typeid=i","cat":326550},{"id":246261,"n":"Shampooing Elseve Hyaluronique - 400ml","p":5.12,"u":"12,80 €/L","img":"https://fd5-photos.leclercdrive.fr/image.ashx?id=2844181&use=l&cat=p&typeid=i","cat":284606},{"id":246262,"n":"Shampooing Elseve Dream long - 400ml","p":5.12,"u":"12,80 €/L","img":"https://fd5-photos.leclercdrive.fr/image.ashx?id=2844187&use=l&cat=p&typeid=i","cat":284606},{"id":246263,"n":"Sérum Elseve Anti-chute - 102ml","p":10.96,"u":"107,45 €/L","img":"https://fd5-photos.leclercdrive.fr/image.ashx?id=2844190&use=l&cat=p&typeid=i","cat":284608},{"id":246272,"n":"Shampooing Elseve Hyaluronique Pure - 250ml","p":4.18,"u":"16,72 €/L","img":"https://fd5-photos.leclercdrive.fr/image.ashx?id=2981593&use=l&cat=p&typeid=i","cat":284606},{"id":246318,"n":"Tablette de chocolat Equador Blond caramel amandes - 100g","p":1.69,"u":"16,90 €/KG","img":"https://fd5-photos.leclercdrive.fr/image.ashx?id=2843824&use=l&cat=p&typeid=i","cat":284497},{"id":246319,"n":"Tablette de chocolat Equador Noir gianduja - 100g","p":1.49,"u":"14,90 €/KG","img":"https://fd5-photos.leclercdrive.fr/image.ashx?id=2843821&use=l&cat=p&typeid=i","cat":284956},{"id":246327,"n":"Effilés en sauce Purina One Multivarietés - 680g","p":5.01,"u":"7,37 €/KG","img":"https://fd5-photos.leclercdrive.fr/image.ashx?id=2940606&use=l&cat=p&typeid=i","cat":285286},{"id":246328,"n":"Croquettes Purina One Chat stérilisé - 1,5 kg","p":7.38,"u":"4,92 €/KG","img":"https://fd5-photos.leclercdrive.fr/image.ashx?id=2844490&use=l&cat=p&typeid=i","cat":284680},{"id":246331,"n":"Saumon Purina One Mini 85g","p":4.14,"u":"4,87 €/KG","img":"https://fd5-photos.leclercdrive.fr/image.ashx?id=2844484&use=l&cat=p&typeid=i","cat":294526},{"id":246335,"n":"Mini boeuf Purina One Mini 85g","p":4.61,"u":"5,42 €/KG","img":"https://fd5-photos.leclercdrive.fr/image.ashx?id=2844481&use=l&cat=p&typeid=i","cat":284673},{"id":246352,"n":"Nouilles ramen Suzi Wan Précuites curry jaune - 320g","p":2.57,"u":"8,03 €/KG","img":"https://fd5-photos.leclercdrive.fr/image.ashx?id=2886232&use=l&cat=p&typeid=i","cat":288992},{"id":246353,"n":"Nouilles ramen Suzi Wan Précuites wok korean bbq - 320g","p":2.73,"u":"8,53 €/KG","img":"https://fd5-photos.leclercdrive.fr/image.ashx?id=2886235&use=l&cat=p&typeid=i","cat":288992},{"id":246412,"n":"Salade maxi Florette Laitue iceberg - 450g","p":1.71,"u":"3,80 €/KG","img":"https://fd5-photos.leclercdrive.fr/image.ashx?id=2090039&use=l&cat=p&typeid=i","cat":326550},{"id":246427,"n":"Soupe deshydratée Knorr Pistou","p":1.31,"u":"16,38 €/KG","img":"https://fd5-photos.leclercdrive.fr/image.ashx?id=2845071&use=l&cat=p&typeid=i","cat":284463},{"id":246466,"n":"Soupe Knorr Pot au feu -14x55g","p":1.37,"u":"1,78 €/KG","img":"https://fd5-photos.leclercdrive.fr/image.ashx?id=2845656&use=l&cat=p&typeid=i","cat":293527},{"id":246468,"n":"Kub or Maggi  Herbes de provence x32 - 128g","p":1.47,"u":"11,48 €/KG","img":"https://fd5-photos.leclercdrive.fr/image.ashx?id=2992320&use=l&cat=p&typeid=i","cat":298297},{"id":246480,"n":"Dentifrice Colgate Total 24h Active Soin émail - 2x75ml","p":4.38,"u":"29,20 €/L","img":"https://fd5-photos.leclercdrive.fr/image.ashx?id=2845671&use=l&cat=p&typeid=i","cat":284612},{"id":246545,"n":"Perles de cire corps Siliss Chaude - Monoï - 230g","p":4.69,"u":"20,39 €/KG","img":"https://fd5-photos.leclercdrive.fr/image.ashx?id=2845170&use=l&cat=p&typeid=i","cat":325351},{"id":246548,"n":"Gel exfoliant Neutrogena Pamplemousse 0.5% - 150ml","p":5.09,"u":"33,93 €/L","img":"https://fd5-photos.leclercdrive.fr/image.ashx?id=2846048&use=l&cat=p&typeid=i","cat":325346},{"id":246549,"n":"Gel nettoyant Neutrogena Pamplemousse 0.5% - 200ml","p":4.95,"u":"24,75 €/L","img":"https://fd5-photos.leclercdrive.fr/image.ashx?id=2846051&use=l&cat=p&typeid=i","cat":284603},{"id":246638,"n":"Riz parfumé Taureau Ailé 1kg","p":2.8,"u":"2,80 €/KG","img":"https://fd5-photos.leclercdrive.fr/image.ashx?id=2846739&use=l&cat=p&typeid=i","cat":284428},{"id":246798,"n":"Thé noir Ethiquable Bio Ayurvédique - 36g","p":1.96,"u":"54,44 €/KG","img":"https://fd5-photos.leclercdrive.fr/image.ashx?id=2870989&use=l&cat=p&typeid=i","cat":293234},{"id":246926,"n":"Quinoa facile Lustucru Blé  Lentilles et Carottes - 300g","p":2.77,"u":"9,23 €/KG","img":"https://fd5-photos.leclercdrive.fr/image.ashx?id=2849418&use=l&cat=p&typeid=i","cat":284429},{"id":247083,"n":"Mélange Rustica Tournesol & olive - 1L","p":3.39,"u":"3,39 €/L","img":"https://fd5-photos.leclercdrive.fr/image.ashx?id=2900358&use=l&cat=p&typeid=i","cat":284453},{"id":247085,"n":"Mini cornichons Rustica Aigre doux - 220g","p":2.19,"u":"9,95 €/KG","img":"https://fd5-photos.leclercdrive.fr/image.ashx?id=2916737&use=l&cat=p&typeid=i","cat":284458},{"id":247099,"n":"Coupelles Douceur du verger pomme banane - 4x100g","p":1.09,"u":"2,73 €/KG","img":"https://fd5-photos.leclercdrive.fr/image.ashx?id=2878744&use=l&cat=p&typeid=i","cat":284508},{"id":247141,"n":"Petit pois carottes D'Aucy Tendres et fondants - 265g","p":1.18,"u":"4,45 €/KG","img":"https://fd5-photos.leclercdrive.fr/image.ashx?id=2849680&use=l&cat=p&typeid=i","cat":312607},{"id":247142,"n":"Patée en sauce Purina One Thon et poulet - 340g","p":2.1,"u":"6,18 €/KG","img":"https://fd5-photos.leclercdrive.fr/image.ashx?id=2850207&use=l&cat=p&typeid=i","cat":285286},{"id":247152,"n":"Funtastix Fido Bacon fromage - 450g","p":4.78,"u":"10,62 €/KG","img":"https://fd5-photos.leclercdrive.fr/image.ashx?id=2940597&use=l&cat=p&typeid=i","cat":294527},{"id":247154,"n":"Gelée Friskies Viandes et légumes - 12x85g","p":4.22,"u":"4,14 €/KG","img":"https://fd5-photos.leclercdrive.fr/image.ashx?id=2957302&use=l&cat=p&typeid=i","cat":284673},{"id":247261,"n":"Shampooing Elsève Colorvive - 300ml","p":4.18,"u":"13,93 €/L","img":"https://fd5-photos.leclercdrive.fr/image.ashx?id=2850614&use=l&cat=p&typeid=i","cat":284606},{"id":247262,"n":"Shampooing Elsève Hyaluronique - 250ml","p":4.18,"u":"16,72 €/L","img":"https://fd5-photos.leclercdrive.fr/image.ashx?id=2869095&use=l&cat=p&typeid=i","cat":284606},{"id":247263,"n":"Shampooing Elsève Total repair 5 - 300ml","p":4.18,"u":"13,93 €/L","img":"https://fd5-photos.leclercdrive.fr/image.ashx?id=2850617&use=l&cat=p&typeid=i","cat":284606},{"id":247264,"n":"Shampooing Elseve Huile extraordinaire - 250ml","p":4.18,"u":"16,72 €/L","img":"https://fd5-photos.leclercdrive.fr/image.ashx?id=2868690&use=l&cat=p&typeid=i","cat":284606},{"id":247265,"n":"Shampooing Elseve Dream long - 250ml","p":4.18,"u":"16,72 €/L","img":"https://fd5-photos.leclercdrive.fr/image.ashx?id=2850623&use=l&cat=p&typeid=i","cat":284606},{"id":247269,"n":"Shampooing Elseve Nutri gloss - 300ml","p":4.18,"u":"13,93 €/L","img":"https://fd5-photos.leclercdrive.fr/image.ashx?id=2869089&use=l&cat=p&typeid=i","cat":284606},{"id":247270,"n":"Shampooing Elseve Multi-vitaminé - 300ml","p":4.18,"u":"13,93 €/L","img":"https://fd5-photos.leclercdrive.fr/image.ashx?id=2850629&use=l&cat=p&typeid=i","cat":284606},{"id":247271,"n":"Après-shampooing Elseve Color vive - 250ml","p":4.18,"u":"16,72 €/L","img":"https://fd5-photos.leclercdrive.fr/image.ashx?id=2850632&use=l&cat=p&typeid=i","cat":284607},{"id":247274,"n":"Après-Shampooing Elseve Dream Long - 200ml","p":4.18,"u":"20,90 €/L","img":"https://fd5-photos.leclercdrive.fr/image.ashx?id=2850638&use=l&cat=p&typeid=i","cat":284607},{"id":247275,"n":"Après-shampooing Elseve Nutri gloss - 250ml","p":4.18,"u":"16,72 €/L","img":"https://fd5-photos.leclercdrive.fr/image.ashx?id=2850641&use=l&cat=p&typeid=i","cat":284607},{"id":247510,"n":"Crème glacée spéculoos Erhard - 450g","p":4.89,"pp":3.42,"u":"7,60 €/KG","img":"https://fd5-photos.leclercdrive.fr/image.ashx?id=2851024&use=l&cat=p&typeid=i","cat":284263},{"id":247834,"n":"Nettoyant plastique mat Tech9 400ml","p":3.99,"u":"9,98 €/L","img":"https://fd5-photos.leclercdrive.fr/image.ashx?id=2907288&use=l&cat=p&typeid=i","cat":298252},{"id":247865,"n":"Shampooing Elsève Color vive  500ml","p":5.12,"u":"10,24 €/L","img":"https://fd5-photos.leclercdrive.fr/image.ashx?id=2853964&use=l&cat=p&typeid=i","cat":284606},{"id":247866,"n":"Shampooing Elsève Full resist  250ml","p":3.69,"u":"14,76 €/L","img":"https://fd5-photos.leclercdrive.fr/image.ashx?id=2853967&use=l&cat=p&typeid=i","cat":284606},{"id":247867,"n":"Shampooing Elsève Huile  extraordinaire Coco - 250ml","p":3.91,"u":"15,64 €/L","img":"https://fd5-photos.leclercdrive.fr/image.ashx?id=2853970&use=l&cat=p&typeid=i","cat":284606},{"id":247871,"n":"Shampooing Elsève  Liss intense -300ml","p":4.08,"u":"13,60 €/L","img":"https://fd5-photos.leclercdrive.fr/image.ashx?id=2853976&use=l&cat=p&typeid=i","cat":284606},{"id":247873,"n":"Shampooing Elsève Fibralogy Volume - 300ml","p":4.17,"u":"13,90 €/L","img":"https://fd5-photos.leclercdrive.fr/image.ashx?id=2870686&use=l&cat=p&typeid=i","cat":284606},{"id":247874,"n":"Savon liquide Le Naturel  Extra pur de Marseille -500ml","p":2.65,"u":"5,30 €/L","img":"https://fd5-photos.leclercdrive.fr/image.ashx?id=2869119&use=l&cat=p&typeid=i","cat":284597},{"id":247878,"n":"Savon liquide Le Natural  Recharge Savon de Marseille -1l","p":4.67,"u":"4,67 €/L","img":"https://fd5-photos.leclercdrive.fr/image.ashx?id=2869122&use=l&cat=p&typeid=i","cat":284597},{"id":247879,"n":"Adoucissant Soupline Concentré Grand air - 1.9L","p":9.37,"u":"4,93 €/L","img":"https://fd5-photos.leclercdrive.fr/image.ashx?id=2966800&use=l&cat=p&typeid=i","cat":284650},{"id":247881,"n":"Adoucissant concentré Soupline  Douceur des Alpes -0,9L","p":3.44,"u":"3,82 €/L","img":"https://fd5-photos.leclercdrive.fr/image.ashx?id=2854825&use=l&cat=p&typeid=i","cat":284650},{"id":247882,"n":"Shampooing Elsève  Antipelliculaire - 300ml","p":3.82,"u":"12,73 €/L","img":"https://fd5-photos.leclercdrive.fr/image.ashx?id=2853982&use=l&cat=p&typeid=i","cat":284606},{"id":247906,"n":"Saumon fumé Ronde des Mers MSC Alaska x2T - 60g","p":2.69,"u":"44,83 €/KG","img":"https://fd5-photos.leclercdrive.fr/image.ashx?id=2837698&use=l&cat=p&typeid=i","cat":326550},{"id":248049,"n":"Blinis fins Blinis x4 - 200g","p":1.0,"u":"5,00 €/KG","img":"https://fd5-photos.leclercdrive.fr/image.ashx?id=2975272&use=l&cat=p&typeid=i","cat":326550},{"id":248327,"n":"Crème de douche Corine de Farme Surgras - Noix de coco - 500ml","p":2.98,"u":"5,96 €/L","img":"https://fd5-photos.leclercdrive.fr/image.ashx?id=2856386&use=l&cat=p&typeid=i","cat":284594},{"id":248328,"n":"Recharge Crème de douche  Le Petit Marseillais Lait 500ml","p":2.79,"u":"5,58 €/L","img":"https://fd5-photos.leclercdrive.fr/image.ashx?id=2855957&use=l&cat=p&typeid=i","cat":284594},{"id":248345,"n":"Bandes de cire visage Veet Peaux sensibles - x16","p":3.54,"img":"https://fd5-photos.leclercdrive.fr/image.ashx?id=2901668&use=l&cat=p&typeid=i","cat":325351},{"id":248347,"n":"Savon solide Bionaïa 3en1 - Amande douce Bio - 85g","p":3.49,"u":"41,06 €/KG","img":"https://fd5-photos.leclercdrive.fr/image.ashx?id=2856133&use=l&cat=p&typeid=i","cat":284597},{"id":248348,"n":"Déodorant solide stick Bionaïa Huile de coco Bio - 50g","p":3.99,"u":"79,80 €/KG","img":"https://fd5-photos.leclercdrive.fr/image.ashx?id=2855819&use=l&cat=p&typeid=i","cat":284595},{"id":248350,"n":"Complément alimentaire Eafit Minceur 360 - Poudre - 200g","p":20.47,"u":"102,35 €/KG","img":"https://fd5-photos.leclercdrive.fr/image.ashx?id=2862518&use=l&cat=p&typeid=i","cat":301267},{"id":248416,"n":"Hi-Chew mangue 50g","p":1.44,"u":"28,80 €/KG","img":"https://fd5-photos.leclercdrive.fr/image.ashx?id=2856814&use=l&cat=p&typeid=i","cat":304251},{"id":248544,"n":"Ananas Extra Sweet 1p","p":1.99,"img":"https://fd5-photos.leclercdrive.fr/image.ashx?id=2856700&use=l&cat=p&typeid=i","cat":284356},{"id":248545,"n":"Chou-fleur blanc 1p","p":1.49,"img":"https://fd5-photos.leclercdrive.fr/image.ashx?id=1631991&use=l&cat=p&typeid=i","cat":284352},{"id":248546,"n":"Feuille de chêne blonde 1p","p":1.29,"img":"https://fd5-photos.leclercdrive.fr/image.ashx?id=1633646&use=l&cat=p&typeid=i","cat":284352},{"id":248596,"n":"Mangue 1p","p":1.79,"img":"https://fd5-photos.leclercdrive.fr/image.ashx?id=1636371&use=l&cat=p&typeid=i","cat":284356},{"id":248705,"n":"Bière Malheur 6 75cl","p":4.15,"u":"5,53 €/L","img":"https://fd5-photos.leclercdrive.fr/image.ashx?id=2903725&use=l&cat=p&typeid=i","cat":334872},{"id":248707,"n":"Essuie-tout Kleenex ultra-clean Maxi rouleaux - 2+1","p":4.17,"u":"1,39 €/P","img":"https://fd5-photos.leclercdrive.fr/image.ashx?id=2857719&use=l&cat=p&typeid=i","cat":285193},{"id":248715,"n":"Lentilles Champagne-Ardenne Nos Régions ont du Talent 500g","p":1.99,"u":"3,98 €/KG","img":"https://fd5-photos.leclercdrive.fr/image.ashx?id=2954184&use=l&cat=p&typeid=i","cat":312609},{"id":248823,"n":"Sauce algérienne Rustica 260g","p":1.67,"u":"6,42 €/KG","img":"https://fd5-photos.leclercdrive.fr/image.ashx?id=2954397&use=l&cat=p&typeid=i","cat":318431},{"id":248827,"n":"Pains au lait Epi d'or x15 - 525g","p":1.78,"u":"3,39 €/KG","img":"https://fd5-photos.leclercdrive.fr/image.ashx?id=2893337&use=l&cat=p&typeid=i","cat":296366},{"id":248933,"n":"Tagliatelle Lustucru Selection  Basilic - 300g","p":1.51,"u":"5,03 €/KG","img":"https://fd5-photos.leclercdrive.fr/image.ashx?id=2939490&use=l&cat=p&typeid=i","cat":326550},{"id":249019,"n":"Lessive liquide Xéor Savon de Marseille - 2.2L","p":3.89,"u":"1,77 €/L","img":"https://fd5-photos.leclercdrive.fr/image.ashx?id=2901500&use=l&cat=p&typeid=i","cat":284640},{"id":249021,"n":"Lessive liquide Xéor Savon de Marseille - 1.2L","p":2.12,"u":"1,77 €/L","img":"https://fd5-photos.leclercdrive.fr/image.ashx?id=2901503&use=l&cat=p&typeid=i","cat":284640},{"id":249037,"n":"Spray Huile d'amande douce Biolane 75ml","p":2.49,"u":"33,20 €/L","img":"https://fd5-photos.leclercdrive.fr/image.ashx?id=2893705&use=l&cat=p&typeid=i","cat":284741},{"id":249072,"n":"Saumon Ronde des Mers Tranches pour toasts - 80g","p":3.21,"u":"40,13 €/KG","img":"https://fd5-photos.leclercdrive.fr/image.ashx?id=2449972&use=l&cat=p&typeid=i","cat":326550},{"id":249284,"n":"Yaourt nature Calin Extra 8x100g","p":1.62,"u":"2,03 €/KG","img":"https://fd5-photos.leclercdrive.fr/image.ashx?id=2973745&use=l&cat=p&typeid=i","cat":326550},{"id":249593,"n":"Mexicano El autentico 4x90g","p":4.89,"u":"13,58 €/KG","img":"https://fd5-photos.leclercdrive.fr/image.ashx?id=2861225&use=l&cat=p&typeid=i","cat":321330},{"id":249597,"n":"Glace Carte d'Or  Fraise et meringue 463g","p":3.07,"pp":2.15,"u":"4,64 €/KG","img":"https://fd5-photos.leclercdrive.fr/image.ashx?id=2861222&use=l&cat=p&typeid=i","cat":284263},{"id":249598,"n":"Glace Carte d'Or Façon smoothie Exotique - 466g","p":3.9,"pp":2.73,"u":"5,86 €/KG","img":"https://fd5-photos.leclercdrive.fr/image.ashx?id=2861210&use=l&cat=p&typeid=i","cat":284263},{"id":249599,"n":"Glace Carte d'Or Façon yaourt  Fruits des bois - 480g","p":3.9,"pp":2.73,"u":"5,69 €/KG","img":"https://fd5-photos.leclercdrive.fr/image.ashx?id=2861219&use=l&cat=p&typeid=i","cat":284263},{"id":249956,"n":"Perles de linge Soupline  Grand air - 460g","p":12.95,"img":"https://fd5-photos.leclercdrive.fr/image.ashx?id=2861833&use=l&cat=p&typeid=i","cat":284650},{"id":249957,"n":"Risotto aux champignons Knorr 175g","p":2.13,"u":"12,17 €/KG","img":"https://fd5-photos.leclercdrive.fr/image.ashx?id=2938349&use=l&cat=p&typeid=i","cat":284428},{"id":249958,"n":"Risotto classique Knorr 12min - 175g","p":2.13,"u":"12,17 €/KG","img":"https://fd5-photos.leclercdrive.fr/image.ashx?id=3011956&use=l&cat=p&typeid=i","cat":284428},{"id":249961,"n":"Risotto aux asperges Knorr 12min - 175g","p":2.13,"u":"12,17 €/KG","img":"https://fd5-photos.leclercdrive.fr/image.ashx?id=2964255&use=l&cat=p&typeid=i","cat":284428},{"id":249962,"n":"Risotto pointe de safran Knorr 12min - 175g","p":1.88,"u":"10,74 €/KG","img":"https://fd5-photos.leclercdrive.fr/image.ashx?id=2918116&use=l&cat=p&typeid=i","cat":284428},{"id":249993,"n":"Adoucissant Soupline Concentré Grand air - 880ml","p":3.99,"u":"4,53 €/L","img":"https://fd5-photos.leclercdrive.fr/image.ashx?id=2863920&use=l&cat=p&typeid=i","cat":284650},{"id":249994,"n":"Adoucissant Soupline  Hypoallergenique - 880ml","p":5.49,"u":"6,24 €/L","img":"https://fd5-photos.leclercdrive.fr/image.ashx?id=2863923&use=l&cat=p&typeid=i","cat":284650},{"id":250026,"n":"Sauce samourai Rustica 260g","p":1.39,"u":"5,35 €/KG","img":"https://fd5-photos.leclercdrive.fr/image.ashx?id=2955074&use=l&cat=p&typeid=i","cat":318431},{"id":250158,"n":"Crème hydratante So Bio Etic Booster d'éclat Bio 50ml","p":7.46,"u":"149,20 €/L","img":"https://fd5-photos.leclercdrive.fr/image.ashx?id=2863581&use=l&cat=p&typeid=i","cat":325350},{"id":250160,"n":"Sérum hydratation So Bio Etic Booster d'éclat Bio30ml","p":8.97,"u":"299,00 €/L","img":"https://fd5-photos.leclercdrive.fr/image.ashx?id=2863578&use=l&cat=p&typeid=i","cat":325345},{"id":250172,"n":"Sérum hydratant So Bio Etic Fortifiant repulpant Bio - 30ml","p":12.37,"u":"412,33 €/L","img":"https://fd5-photos.leclercdrive.fr/image.ashx?id=2863584&use=l&cat=p&typeid=i","cat":325345},{"id":250187,"n":"Crème douceur nuit So Bio Etic Régénérante - Anesse Bio 50ml","p":11.07,"u":"221,40 €/L","img":"https://fd5-photos.leclercdrive.fr/image.ashx?id=2863587&use=l&cat=p&typeid=i","cat":325345},{"id":250406,"n":"Sérum capillaire So Bio Etic Karité bio équitable - 100ml","p":7.44,"u":"74,40 €/L","img":"https://fd5-photos.leclercdrive.fr/image.ashx?id=2864104&use=l&cat=p&typeid=i","cat":284608},{"id":250407,"n":"Huile végétale So Bio Etic Ricin Bio équitable - 100ml","p":6.63,"u":"66,30 €/L","img":"https://fd5-photos.leclercdrive.fr/image.ashx?id=2864107&use=l&cat=p&typeid=i","cat":284608},{"id":250409,"n":"Eau micellaire So Bio Etic Peaux sensibles Bio - 300ml","p":3.47,"u":"11,57 €/L","img":"https://fd5-photos.leclercdrive.fr/image.ashx?id=2864098&use=l&cat=p&typeid=i","cat":284603},{"id":250415,"n":"Lait corps hydratant Nivea Fermeté Q10 + vitamine C 250ml","p":3.53,"u":"14,12 €/L","img":"https://fd5-photos.leclercdrive.fr/image.ashx?id=3008978&use=l&cat=p&typeid=i","cat":325349},{"id":250416,"n":"Crème visage nuit Nivea Q10 Power anti-rides 50ml","p":11.37,"u":"227,40 €/L","img":"https://fd5-photos.leclercdrive.fr/image.ashx?id=3014593&use=l&cat=p&typeid=i","cat":325345},{"id":250417,"n":"Crème visage jour Nivea Q10 anti-rides SPF30 50ml","p":11.96,"u":"239,20 €/L","img":"https://fd5-photos.leclercdrive.fr/image.ashx?id=3000339&use=l&cat=p&typeid=i","cat":325345},{"id":250419,"n":"Crème visage jour Nivea Q10 anti-rides SPF15 50ml","p":11.16,"u":"223,20 €/L","img":"https://fd5-photos.leclercdrive.fr/image.ashx?id=2985480&use=l&cat=p&typeid=i","cat":325345},{"id":250420,"n":"Crème visage Nivea Q10 Energy jour SPF15 50ml","p":11.61,"u":"232,20 €/L","img":"https://fd5-photos.leclercdrive.fr/image.ashx?id=3014862&use=l&cat=p&typeid=i","cat":325345},{"id":250421,"n":"Sérum visage Nivea Luminous anti-tâches 30ml","p":14.93,"u":"497,67 €/L","img":"https://fd5-photos.leclercdrive.fr/image.ashx?id=3000821&use=l&cat=p&typeid=i","cat":325345},{"id":250425,"n":"Crème soin jour visage Nivea Anti-tâches SPF50 - 40ml","p":15.47,"u":"386,75 €/L","img":"https://fd5-photos.leclercdrive.fr/image.ashx?id=2985501&use=l&cat=p&typeid=i","cat":325345},{"id":250428,"n":"Sérum visage Q10 Double action - 30ml","p":13.27,"u":"442,33 €/L","img":"https://fd5-photos.leclercdrive.fr/image.ashx?id=3014620&use=l&cat=p&typeid=i","cat":325345},{"id":250429,"n":"Crème contour yeux Nivea Q10 Power anti-rides - 15ml","p":12.07,"u":"804,67 €/L","img":"https://fd5-photos.leclercdrive.fr/image.ashx?id=3000336&use=l&cat=p&typeid=i","cat":325345},{"id":250431,"n":"Adoucissant Soupline concentré  Hypoallergénique - 1900 ml","p":9.9,"u":"5,21 €/L","img":"https://fd5-photos.leclercdrive.fr/image.ashx?id=2864230&use=l&cat=p&typeid=i","cat":284650},{"id":250432,"n":"Adoucissant Soupline Concentré  Lavande relaxante  1,9 L","p":6.85,"u":"3,61 €/L","img":"https://fd5-photos.leclercdrive.fr/image.ashx?id=2864227&use=l&cat=p&typeid=i","cat":284650},{"id":250433,"n":"Adoucissant  Soupline concentré Coco Envoûtant - 835ml","p":4.92,"u":"5,89 €/L","img":"https://fd5-photos.leclercdrive.fr/image.ashx?id=2864224&use=l&cat=p&typeid=i","cat":284650},{"id":250435,"n":"Adoucissant concentré Soupline Ultra Vanille - 835ml","p":4.92,"u":"5,89 €/L","img":"https://fd5-photos.leclercdrive.fr/image.ashx?id=2864221&use=l&cat=p&typeid=i","cat":284650},{"id":250820,"n":"Gnocchini à poêler Lustucru 2x300g + 1 offert","p":3.19,"u":"3,54 €/KG","img":"https://fd5-photos.leclercdrive.fr/image.ashx?id=2939493&use=l&cat=p&typeid=i","cat":333682},{"id":250862,"n":"Panés epinards  Fromages - 2x90g","p":1.88,"u":"1,04 €/L","img":"https://fd5-photos.leclercdrive.fr/image.ashx?id=2932677&use=l&cat=p&typeid=i","cat":316036},{"id":251277,"n":"Tablette lave-vaisselle Sun Tout en 1","p":11.51,"u":"11,51 €/KG","img":"https://fd5-photos.leclercdrive.fr/image.ashx?id=2867241&use=l&cat=p&typeid=i","cat":284656},{"id":251383,"n":"Saucisses végétales Végé x4 - 200g","p":2.12,"u":"10,60 €/KG","img":"https://fd5-photos.leclercdrive.fr/image.ashx?id=2932689&use=l&cat=p&typeid=i","cat":316036},{"id":251522,"n":"Boisson énergisante Celsius Pêche - 35,5cl","p":1.4,"u":"3,94 €/L","img":"https://fd5-photos.leclercdrive.fr/image.ashx?id=2905021&use=l&cat=p&typeid=i","cat":284533},{"id":251524,"n":"Tropicana - Juicy Pêche rouge 1,5L","p":2.1,"u":"1,40 €/L","img":"https://fd5-photos.leclercdrive.fr/image.ashx?id=3010813&use=l&cat=p&typeid=i","cat":284915},{"id":251551,"n":"Financier P'tit Déli Aux amandes 200g","p":1.46,"u":"7,30 €/KG","img":"https://fd5-photos.leclercdrive.fr/image.ashx?id=2683913&use=l&cat=p&typeid=i","cat":326550},{"id":251990,"n":"Patch invisible visage Garnier Anti-acné - x22","p":9.82,"img":"https://fd5-photos.leclercdrive.fr/image.ashx?id=3000794&use=l&cat=p&typeid=i","cat":325345},{"id":251996,"n":"Perles de linge Soupline Adoucissant - Vanille - 230g","p":6.85,"u":"29,78 €/KG","img":"https://fd5-photos.leclercdrive.fr/image.ashx?id=2868608&use=l&cat=p&typeid=i","cat":284650},{"id":252002,"n":"Couches écoresponsables Biolane Taille 1 - x28","p":6.9,"img":"https://fd5-photos.leclercdrive.fr/image.ashx?id=2876518&use=l&cat=p&typeid=i","cat":284737},{"id":252006,"n":"Nettoyant visage Revitalift Hydratant et lissant - 150ml","p":7.17,"u":"47,80 €/L","img":"https://fd5-photos.leclercdrive.fr/image.ashx?id=2874006&use=l&cat=p&typeid=i","cat":284603},{"id":252008,"n":"Sérum visage Revitalift Laser Correcteur anti-âge -30ml","p":14.6,"u":"486,67 €/L","img":"https://fd5-photos.leclercdrive.fr/image.ashx?id=2874024&use=l&cat=p&typeid=i","cat":325345},{"id":252009,"n":"Lessive liquide Skip Active clean - x40 - 1.68L","p":12.24,"u":"7,29 €/L","img":"https://fd5-photos.leclercdrive.fr/image.ashx?id=2908393&use=l&cat=p&typeid=i","cat":284640},{"id":252010,"n":"Lessive liquide Skip Fraîcheur intense - x40 - 1.68L","p":11.57,"u":"6,89 €/L","img":"https://fd5-photos.leclercdrive.fr/image.ashx?id=2940657&use=l&cat=p&typeid=i","cat":284640},{"id":252097,"n":"Lessive Liquide SKIP Touche de Cajoline x37 lavages","p":13.06,"u":"8,40 €/L","img":"https://fd5-photos.leclercdrive.fr/image.ashx?id=2940660&use=l&cat=p&typeid=i","cat":284640},{"id":252102,"n":"Brossettes interdentaires  Ricqles Réutilisables 0.6mm x5","p":4.1,"img":"https://fd5-photos.leclercdrive.fr/image.ashx?id=2868915&use=l&cat=p&typeid=i","cat":285159},{"id":252109,"n":"Duo sérum anti-âge L'Oréal Age perfect - 30ml","p":24.5,"pp":16.17,"u":"539,00 €/L","img":"https://fd5-photos.leclercdrive.fr/image.ashx?id=2874003&use=l&cat=p&typeid=i","cat":325345},{"id":252112,"n":"Soin anti-tâches L'Oréal Paris Bright Reveal SPF50+ - 50ml","p":16.71,"u":"334,20 €/L","img":"https://fd5-photos.leclercdrive.fr/image.ashx?id=2903428&use=l&cat=p&typeid=i","cat":325345},{"id":252113,"n":"Fluide anti-uv L'Oréal Medium SPF50 50ml","p":19.62,"u":"392,40 €/L","img":"https://fd5-photos.leclercdrive.fr/image.ashx?id=2874009&use=l&cat=p&typeid=i","cat":325345},{"id":252119,"n":"Gel moussant purifiant L'Oréal Men Expert - 260ml","p":9.83,"u":"37,81 €/L","img":"https://fd5-photos.leclercdrive.fr/image.ashx?id=2874012&use=l&cat=p&typeid=i","cat":284622},{"id":252120,"n":"Crème hydratante L'Oréal Bright Reveal - SPF50 - 50ml","p":16.6,"u":"332,00 €/L","img":"https://fd5-photos.leclercdrive.fr/image.ashx?id=2874015&use=l&cat=p&typeid=i","cat":284622},{"id":252125,"n":"Soin hydratant L'Oréal Matifiant - SPF30 - 40ml","p":11.13,"u":"278,25 €/L","img":"https://fd5-photos.leclercdrive.fr/image.ashx?id=3008785&use=l&cat=p&typeid=i","cat":284622},{"id":252127,"n":"Sérum anti-imperfection L'oréal Men expert - 30ml","p":13.89,"u":"463,00 €/L","img":"https://fd5-photos.leclercdrive.fr/image.ashx?id=2874021&use=l&cat=p&typeid=i","cat":284622},{"id":252128,"n":"Spray nettoyant multi-usage CIF Infinite+Clean Protection 280ml","p":3.53,"u":"12,61 €/MT","img":"https://fd5-photos.leclercdrive.fr/image.ashx?id=2948543&use=l&cat=p&typeid=i","cat":325357},{"id":252129,"n":"Spray nettoyant multi-usage Cif  Infinite+Clean Brillance-280ml","p":4.17,"u":"14,89 €/L","img":"https://fd5-photos.leclercdrive.fr/image.ashx?id=2872234&use=l&cat=p&typeid=i","cat":325357},{"id":252133,"n":"Spray nettoyant multi-usage CIF Infinite+Clean 280ml","p":4.01,"u":"14,32 €/L","img":"https://fd5-photos.leclercdrive.fr/image.ashx?id=2948546&use=l&cat=p&typeid=i","cat":325357},{"id":252134,"n":"Recharge Spray nettoyant CIF Infinite+Clean Protection 590ml","p":4.99,"u":"8,46 €/L","img":"https://fd5-photos.leclercdrive.fr/image.ashx?id=2948549&use=l&cat=p&typeid=i","cat":325357},{"id":252136,"n":"Recharge Spray nettoyant CIF Infinite+Clean Brillance 590ml","p":4.73,"u":"8,02 €/L","img":"https://fd5-photos.leclercdrive.fr/image.ashx?id=2940675&use=l&cat=p&typeid=i","cat":325357},{"id":252137,"n":"Recharge Spray nettoyant CIF Infinite+Clean 590ml","p":4.55,"u":"7,71 €/L","img":"https://fd5-photos.leclercdrive.fr/image.ashx?id=2974066&use=l&cat=p&typeid=i","cat":325357},{"id":252302,"n":"Coeurs fondants caramel  Côté Table x2 - 180g","p":2.74,"u":"15,22 €/KG","img":"https://fd5-photos.leclercdrive.fr/image.ashx?id=2869305&use=l&cat=p&typeid=i","cat":284267},{"id":252632,"n":"Rochers Suchard Noir - 7x35g","p":2.89,"u":"11,80 €/KG","img":"https://fd5-photos.leclercdrive.fr/image.ashx?id=2950375&use=l&cat=p&typeid=i","cat":326550},{"id":252639,"n":"Emietté de thon Pompon Rouge Tomate - 160g","p":1.75,"u":"10,94 €/KG","img":"https://fd5-photos.leclercdrive.fr/image.ashx?id=2871838&use=l&cat=p&typeid=i","cat":303867},{"id":252773,"n":"Salade Notre Jardin Coeurs de laitue - 320g","p":1.1,"u":"3,44 €/KG","img":"https://fd5-photos.leclercdrive.fr/image.ashx?id=2727365&use=l&cat=p&typeid=i","cat":326550},{"id":252811,"n":"Lait corps Nivea Nourrissant Peaux sèches 250ml","p":4.11,"u":"20,55 €/L","img":"https://fd5-photos.leclercdrive.fr/image.ashx?id=3005233&use=l&cat=p&typeid=i","cat":325349},{"id":252814,"n":"Crème visage corps mains Nivea Repair & care - 400ml","p":5.19,"pp":3.43,"u":"8,58 €/L","img":"https://fd5-photos.leclercdrive.fr/image.ashx?id=2872078&use=l&cat=p&typeid=i","cat":325350},{"id":253339,"n":"Croque Monsieur Herta Chèvre jambon - 310g","p":2.59,"u":"8,35 €/KG","img":"https://fd5-photos.leclercdrive.fr/image.ashx?id=2877745&use=l&cat=p&typeid=i","cat":333671},{"id":253342,"n":"Croque-Monsieur Herta  Maxi Montagnard x2 - 310g","p":2.59,"u":"8,35 €/KG","img":"https://fd5-photos.leclercdrive.fr/image.ashx?id=2877748&use=l&cat=p&typeid=i","cat":333671},{"id":253344,"n":"Gnocchi à poeler Lustucru 1 sachet offert - 900g","p":3.19,"u":"3,54 €/KG","img":"https://fd5-photos.leclercdrive.fr/image.ashx?id=2873919&use=l&cat=p&typeid=i","cat":333682},{"id":253394,"n":"Nuggets de poulet Côté Croc Croustillant - 200g","p":1.25,"u":"6,25 €/KG","img":"https://fd5-photos.leclercdrive.fr/image.ashx?id=2462257&use=l&cat=p&typeid=i","cat":326550},{"id":253533,"n":"Brosse à dent Dentamyl Rouge Tête rechargeable dure x1","p":1.17,"img":"https://fd5-photos.leclercdrive.fr/image.ashx?id=2872808&use=l&cat=p&typeid=i","cat":284614},{"id":253536,"n":"Brosse à dent Dentamyl Orange Tête rechargeable dure","p":1.17,"img":"https://fd5-photos.leclercdrive.fr/image.ashx?id=2872817&use=l&cat=p&typeid=i","cat":284614},{"id":253540,"n":"Brosse à dent Dentamyl Orange Tête rechargeable médium","p":1.17,"img":"https://fd5-photos.leclercdrive.fr/image.ashx?id=2872823&use=l&cat=p&typeid=i","cat":284614},{"id":253541,"n":"Brosse à dent Dentamyl Rouge Tête rechargeable médium","p":1.17,"img":"https://fd5-photos.leclercdrive.fr/image.ashx?id=2872826&use=l&cat=p&typeid=i","cat":284614},{"id":253992,"n":"Gel douche L'Oréal Menexpert Hyaluronic power - 300ml","p":3.36,"u":"11,20 €/L","img":"https://fd5-photos.leclercdrive.fr/image.ashx?id=2874554&use=l&cat=p&typeid=i","cat":284619},{"id":254008,"n":"Gel douche homme Axe Copper santal - 225ml","p":2.13,"u":"9,47 €/L","img":"https://fd5-photos.leclercdrive.fr/image.ashx?id=2903881&use=l&cat=p&typeid=i","cat":284619},{"id":254125,"n":"Saucisse droite Le Galibier Piment - 200g","p":4.32,"u":"21,60 €/KG","img":"https://fd5-photos.leclercdrive.fr/image.ashx?id=2876575&use=l&cat=p&typeid=i","cat":316006},{"id":254838,"n":"Saucisse Saint Agaune La fine - 200g +100g offerts","p":4.49,"u":"14,97 €/KG","img":"https://fd5-photos.leclercdrive.fr/image.ashx?id=2965097&use=l&cat=p&typeid=i","cat":316006},{"id":254888,"n":"Monster Rio punch 50cl","p":1.57,"u":"3,14 €/L","img":"https://fd5-photos.leclercdrive.fr/image.ashx?id=2877067&use=l&cat=p&typeid=i","cat":284533},{"id":254941,"n":"Bâtonnets Häagen-Dazs Cracking Macadamia x3 - 201g","p":3.65,"u":"18,16 €/KG","img":"https://fd5-photos.leclercdrive.fr/image.ashx?id=2876599&use=l&cat=p&typeid=i","cat":284265},{"id":254943,"n":"Bâtonnets Häagen-Dazs Salted Caramel x3 - 204g","p":3.77,"u":"18,48 €/KG","img":"https://fd5-photos.leclercdrive.fr/image.ashx?id=2876608&use=l&cat=p&typeid=i","cat":284265},{"id":254944,"n":"Bâtonnets Häagen-Dazs  Cookies & Cream x3 - 192g","p":3.83,"u":"19,95 €/KG","img":"https://fd5-photos.leclercdrive.fr/image.ashx?id=2876602&use=l&cat=p&typeid=i","cat":284265},{"id":254949,"n":"Bâtonnets Häagen-Dazs Smooth Vanilla x3 - 192g","p":3.57,"u":"18,59 €/KG","img":"https://fd5-photos.leclercdrive.fr/image.ashx?id=2876605&use=l&cat=p&typeid=i","cat":284265},{"id":255180,"n":"Déodorant tout le corps Rexona  stick 48h anti-odeur 50ml","p":4.93,"u":"98,60 €/L","img":"https://fd5-photos.leclercdrive.fr/image.ashx?id=2896033&use=l&cat=p&typeid=i","cat":284595},{"id":255191,"n":"Préservatif Durex Nude - XL - x10","p":8.06,"img":"https://fd5-photos.leclercdrive.fr/image.ashx?id=2901677&use=l&cat=p&typeid=i","cat":284631},{"id":255195,"n":"Préservatifs Durex Feeling - XL - x12","p":6.63,"img":"https://fd5-photos.leclercdrive.fr/image.ashx?id=2878789&use=l&cat=p&typeid=i","cat":284631},{"id":255197,"n":"Préservatifs Durex Classic jeans - x12","p":5.29,"img":"https://fd5-photos.leclercdrive.fr/image.ashx?id=2878792&use=l&cat=p&typeid=i","cat":284631},{"id":255199,"n":"Préservatifs Durex Classic Jeans - XL - x12","p":4.86,"img":"https://fd5-photos.leclercdrive.fr/image.ashx?id=2964983&use=l&cat=p&typeid=i","cat":284631},{"id":255202,"n":"Préservatifs Durex Extra protect - x12","p":4.26,"img":"https://fd5-photos.leclercdrive.fr/image.ashx?id=2878801&use=l&cat=p&typeid=i","cat":284631},{"id":255206,"n":"Crème fixative Polident Soin & tolérance 0% - 2x44g","p":7.95,"u":"90,34 €/KG","img":"https://fd5-photos.leclercdrive.fr/image.ashx?id=2921091&use=l&cat=p&typeid=i","cat":285158},{"id":255215,"n":"Coca-Cola Original  4x1,75L","p":9.54,"u":"1,36 €/L","img":"https://fd5-photos.leclercdrive.fr/image.ashx?id=2879140&use=l&cat=p&typeid=i","cat":284530},{"id":255220,"n":"Bière Blonde du Nord   La Raoul 7% - 50cl","p":1.95,"u":"3,90 €/L","img":"https://fd5-photos.leclercdrive.fr/image.ashx?id=2892595&use=l&cat=p&typeid=i","cat":334853},{"id":255258,"n":"Pain de mie 7 céréales Epi d'Or Grandes tranches - 550g","p":0.83,"u":"1,51 €/KG","img":"https://fd5-photos.leclercdrive.fr/image.ashx?id=1959532&use=l&cat=p&typeid=i","cat":326550},{"id":255515,"n":"Café en grains Grand-mère Puissant - 1kg","p":17.1,"u":"17,10 €/KG","img":"https://fd5-photos.leclercdrive.fr/image.ashx?id=2880585&use=l&cat=p&typeid=i","cat":293237},{"id":255541,"n":"Saucisson Mini Justin Bridou Bâton de Berger Emmental - 80g","p":2.3,"u":"28,75 €/KG","img":"https://fd5-photos.leclercdrive.fr/image.ashx?id=2880384&use=l&cat=p&typeid=i","cat":316006},{"id":255672,"n":"Recharge gel douche homme Minereaux & bois de cèdre 500ml","p":3.08,"u":"6,16 €/L","img":"https://fd5-photos.leclercdrive.fr/image.ashx?id=2880417&use=l&cat=p&typeid=i","cat":284594},{"id":255678,"n":"Gel douche homme Axe Aqua bergamot - 225ml","p":2.79,"u":"12,40 €/L","img":"https://fd5-photos.leclercdrive.fr/image.ashx?id=2880612&use=l&cat=p&typeid=i","cat":284619},{"id":255696,"n":"Déodorant spray homme Axe Apollo - 200ml","p":3.99,"u":"19,95 €/L","img":"https://fd5-photos.leclercdrive.fr/image.ashx?id=2985663&use=l&cat=p&typeid=i","cat":284618},{"id":255697,"n":"Déodorant spray homme Axe Black - 200ml","p":3.7,"u":"18,50 €/L","img":"https://fd5-photos.leclercdrive.fr/image.ashx?id=2880609&use=l&cat=p&typeid=i","cat":284618},{"id":255773,"n":"AOP Bordeaux rouge Le Coup de Bar 75cl","p":4.97,"u":"6,63 €/L","img":"https://fd5-photos.leclercdrive.fr/image.ashx?id=2900863&use=l&cat=p&typeid=i","cat":289556},{"id":255978,"n":"Déodorant spray homme Axe Ice cool - 200ml","p":4.25,"u":"21,25 €/L","img":"https://fd5-photos.leclercdrive.fr/image.ashx?id=2881548&use=l&cat=p&typeid=i","cat":284618},{"id":256000,"n":"Déodorant stick Dove Pour tout  Le corps - Lavande - 75ml","p":4.94,"u":"65,87 €/L","img":"https://fd5-photos.leclercdrive.fr/image.ashx?id=2894560&use=l&cat=p&typeid=i","cat":284595},{"id":256001,"n":"Déodorant stick Dove Pour tout Le corps - Framboise - 24h 75ml","p":5.14,"u":"68,53 €/L","img":"https://fd5-photos.leclercdrive.fr/image.ashx?id=2894563&use=l&cat=p&typeid=i","cat":284595},{"id":256003,"n":"Déodorant spray Dove Pour tout Le corps - 72h - Lavande 150ml","p":4.5,"u":"30,00 €/L","img":"https://fd5-photos.leclercdrive.fr/image.ashx?id=2894566&use=l&cat=p&typeid=i","cat":284595},{"id":256004,"n":"Déodorant spray Dove Pour tout Le corps - 72h Framboise 150ml","p":3.88,"u":"25,87 €/L","img":"https://fd5-photos.leclercdrive.fr/image.ashx?id=3009341&use=l&cat=p&typeid=i","cat":284595},{"id":256005,"n":"Déodorant crème Dove Pour tout Le corps - 72h Framboise - 75ml","p":3.88,"u":"51,73 €/L","img":"https://fd5-photos.leclercdrive.fr/image.ashx?id=2894572&use=l&cat=p&typeid=i","cat":284595},{"id":256480,"n":"Gel douche homme Axe Blue lavender - 225ml","p":2.91,"u":"12,93 €/L","img":"https://fd5-photos.leclercdrive.fr/image.ashx?id=2882926&use=l&cat=p&typeid=i","cat":284619},{"id":256491,"n":"Déodorant tout le corps Rexona  spray 72h anti-odeur 150ml","p":3.44,"u":"22,93 €/L","img":"https://fd5-photos.leclercdrive.fr/image.ashx?id=2989486&use=l&cat=p&typeid=i","cat":284595},{"id":256627,"n":"Tablette chocolat Milka Chocolat au lait/Oreo - 2x100g","p":2.15,"u":"10,75 €/KG","img":"https://fd5-photos.leclercdrive.fr/image.ashx?id=2382321&use=l&cat=p&typeid=i","cat":326550},{"id":256711,"n":"Chili sin carne Côté Table 300g","p":2.49,"u":"8,30 €/KG","img":"https://fd5-photos.leclercdrive.fr/image.ashx?id=2882249&use=l&cat=p&typeid=i","cat":284953},{"id":256714,"n":"Moussaka végé Côté Table 300g","p":2.61,"u":"8,70 €/KG","img":"https://fd5-photos.leclercdrive.fr/image.ashx?id=2906925&use=l&cat=p&typeid=i","cat":284953},{"id":257009,"n":"Poudre détachante désinfectante Sanytol - 900g","p":8.95,"u":"9,94 €/KG","img":"https://fd5-photos.leclercdrive.fr/image.ashx?id=2883441&use=l&cat=p&typeid=i","cat":284651},{"id":257022,"n":"Diffuseur Raid Max Night & Day Anti-moustiques - 27ml","p":11.53,"u":"427,04 €/L","img":"https://fd5-photos.leclercdrive.fr/image.ashx?id=2967388&use=l&cat=p&typeid=i","cat":298368},{"id":257023,"n":"Recharge Raid Max Night & Day Anti-moustiques - 2x27ml","p":13.89,"u":"257,22 €/L","img":"https://fd5-photos.leclercdrive.fr/image.ashx?id=2884741&use=l&cat=p&typeid=i","cat":298368},{"id":257024,"n":"Diffuseur électrique Raid Max Liquide - 30 nuits - 21ml","p":7.39,"u":"351,90 €/L","img":"https://fd5-photos.leclercdrive.fr/image.ashx?id=2884759&use=l&cat=p&typeid=i","cat":298368},{"id":257025,"n":"Recharge électrique  Raid Max  Liquide - 30 nuits - 21ml","p":5.9,"u":"280,95 €/L","img":"https://fd5-photos.leclercdrive.fr/image.ashx?id=2884762&use=l&cat=p&typeid=i","cat":298368},{"id":257026,"n":"Spirale anti-moustiques Raid Max - Usage extérieur - x10","p":2.34,"img":"https://fd5-photos.leclercdrive.fr/image.ashx?id=2884750&use=l&cat=p&typeid=i","cat":298368},{"id":257027,"n":"Spray Raid Max Fourmis & cafards - 500ml","p":7.29,"u":"14,58 €/L","img":"https://fd5-photos.leclercdrive.fr/image.ashx?id=2884747&use=l&cat=p&typeid=i","cat":298368},{"id":257028,"n":"Gel Anti-mites Raid Max Senteur bois de cèdre - x2","p":4.75,"img":"https://fd5-photos.leclercdrive.fr/image.ashx?id=2884756&use=l&cat=p&typeid=i","cat":298368},{"id":257031,"n":"Gel anti-mites Raid Max Senteur lavande - x2","p":4.75,"img":"https://fd5-photos.leclercdrive.fr/image.ashx?id=2884753&use=l&cat=p&typeid=i","cat":298368},{"id":257034,"n":"Spray Autan Family care Anti-moustiques - 100ml","p":5.52,"u":"55,20 €/L","img":"https://fd5-photos.leclercdrive.fr/image.ashx?id=2884744&use=l&cat=p&typeid=i","cat":299654},{"id":257036,"n":"Spray enfant Autan Anti-moustiques - 100ml","p":6.94,"u":"69,40 €/L","img":"https://fd5-photos.leclercdrive.fr/image.ashx?id=2884735&use=l&cat=p&typeid=i","cat":299654},{"id":257043,"n":"Gel douche homme Axe Black vanilla - 225ml","p":2.77,"u":"12,31 €/L","img":"https://fd5-photos.leclercdrive.fr/image.ashx?id=2908387&use=l&cat=p&typeid=i","cat":284619},{"id":257045,"n":"Gel douche homme Axe supreme Lendemain difficile - 400ml","p":3.05,"u":"7,63 €/L","img":"https://fd5-photos.leclercdrive.fr/image.ashx?id=2884918&use=l&cat=p&typeid=i","cat":284619},{"id":257046,"n":"Gel douche homme Axe Cherry fizz - 225ml","p":2.55,"u":"11,33 €/L","img":"https://fd5-photos.leclercdrive.fr/image.ashx?id=2908390&use=l&cat=p&typeid=i","cat":284619},{"id":257049,"n":"Déodorant spray homme Axe Cherry fizz - 150ml","p":4.18,"u":"27,87 €/L","img":"https://fd5-photos.leclercdrive.fr/image.ashx?id=3011953&use=l&cat=p&typeid=i","cat":284618},{"id":257050,"n":"Déodorant spray homme Axe Cocoa velvet - 150ml","p":4.64,"u":"30,93 €/L","img":"https://fd5-photos.leclercdrive.fr/image.ashx?id=2896468&use=l&cat=p&typeid=i","cat":284618},{"id":257051,"n":"Déodorant spray homme Axe Gold caramel billionaire 200ml","p":4.63,"u":"23,15 €/L","img":"https://fd5-photos.leclercdrive.fr/image.ashx?id=2884903&use=l&cat=p&typeid=i","cat":284618},{"id":257074,"n":"Gnocchi à poêler Lustucru Extra jambon fromage 300g","p":2.0,"u":"6,67 €/KG","img":"https://fd5-photos.leclercdrive.fr/image.ashx?id=2884387&use=l&cat=p&typeid=i","cat":333682},{"id":257076,"n":"Gnocchi à poêler Lustucru Extra fromage 300g","p":1.97,"u":"6,57 €/KG","img":"https://fd5-photos.leclercdrive.fr/image.ashx?id=2886013&use=l&cat=p&typeid=i","cat":333682},{"id":257077,"n":"Fromage enfant Mini Babybel  16 portions goûter - 352g","p":5.79,"u":"16,45 €/KG","img":"https://fd5-photos.leclercdrive.fr/image.ashx?id=2935840&use=l&cat=p&typeid=i","cat":314030},{"id":257164,"n":"Vodka Zubrowka lemon 70cl","p":16.12,"u":"23,03 €/L","img":"https://fd5-photos.leclercdrive.fr/image.ashx?id=2884828&use=l&cat=p&typeid=i","cat":284550},{"id":257165,"n":"Pizza Crousti-Fine Marie 4 fromages - 390g","p":2.84,"u":"7,28 €/KG","img":"https://fd5-photos.leclercdrive.fr/image.ashx?id=2996728&use=l&cat=p&typeid=i","cat":284256},{"id":257169,"n":"Pizza Crousti-Fine Marie Royale - 400g","p":2.84,"u":"7,10 €/KG","img":"https://fd5-photos.leclercdrive.fr/image.ashx?id=2996734&use=l&cat=p&typeid=i","cat":284256},{"id":257171,"n":"Pizza Crousti-Fine Marie Tomate mozzarella - 400g","p":2.84,"u":"7,10 €/KG","img":"https://fd5-photos.leclercdrive.fr/image.ashx?id=2996737&use=l&cat=p&typeid=i","cat":284256},{"id":257201,"n":"Préservatifs Durex Intensity - x10","p":9.19,"img":"https://fd5-photos.leclercdrive.fr/image.ashx?id=2962035&use=l&cat=p&typeid=i","cat":284631},{"id":257202,"n":"Préservatifs Durex Intensity XL - x10","p":10.67,"img":"https://fd5-photos.leclercdrive.fr/image.ashx?id=2964670&use=l&cat=p&typeid=i","cat":284631},{"id":257205,"n":"Eponges flex & wash x4","p":7.44,"img":"https://fd5-photos.leclercdrive.fr/image.ashx?id=2884522&use=l&cat=p&typeid=i","cat":284667},{"id":257206,"n":"Eponges fFlex & wash x2","p":3.85,"img":"https://fd5-photos.leclercdrive.fr/image.ashx?id=2884525&use=l&cat=p&typeid=i","cat":284667},{"id":257214,"n":"Capsules lave-vaisselle Finish Quantum Citron - x30 - 312g","p":6.57,"u":"21,06 €/KG","img":"https://fd5-photos.leclercdrive.fr/image.ashx?id=2926618&use=l&cat=p&typeid=i","cat":284656},{"id":257215,"n":"Capsules lave-vaisselle Finish Quantum - x30 - 312g","p":6.95,"u":"22,28 €/KG","img":"https://fd5-photos.leclercdrive.fr/image.ashx?id=2884627&use=l&cat=p&typeid=i","cat":284656},{"id":257217,"n":"Capsules lave-vaisselle Finish Ultimate citron - x26 - 335g","p":6.57,"u":"19,67 €/KG","img":"https://fd5-photos.leclercdrive.fr/image.ashx?id=2884630&use=l&cat=p&typeid=i","cat":284656},{"id":257218,"n":"Capsules lave-vaisselle Finish Ultimate - x26 - 335g","p":7.17,"u":"21,40 €/KG","img":"https://fd5-photos.leclercdrive.fr/image.ashx?id=2884633&use=l&cat=p&typeid=i","cat":284656},{"id":257220,"n":"Gel lave-vaisselle Finish Power - 900ml","p":7.31,"u":"8,12 €/L","img":"https://fd5-photos.leclercdrive.fr/image.ashx?id=2884639&use=l&cat=p&typeid=i","cat":284656},{"id":257225,"n":"Gel lave-vaisselle Finish Power - Citron - 900ml","p":5.97,"u":"6,63 €/L","img":"https://fd5-photos.leclercdrive.fr/image.ashx?id=2884642&use=l&cat=p&typeid=i","cat":284656},{"id":257228,"n":"Capsules lave-vaisselle Finish Ultimate Plus - x22 - 268g","p":6.56,"u":"24,48 €/KG","img":"https://fd5-photos.leclercdrive.fr/image.ashx?id=2884900&use=l&cat=p&typeid=i","cat":284656},{"id":257230,"n":"Désinfectant linge Sanytol Stop Odeurs Fleurs blanches 500ml","p":3.62,"u":"7,24 €/L","img":"https://fd5-photos.leclercdrive.fr/image.ashx?id=2961960&use=l&cat=p&typeid=i","cat":290451},{"id":257231,"n":"Désinfectant linge Sanytol Stop Odeurs Fleurs Blanches 1L","p":6.09,"u":"6,09 €/L","img":"https://fd5-photos.leclercdrive.fr/image.ashx?id=2884312&use=l&cat=p&typeid=i","cat":290451},{"id":257232,"n":"Capsules Lave-Vaisselle SUN  Pro-Expert Regular 38 lavages","p":7.9,"u":"13,86 €/KG","img":"https://fd5-photos.leclercdrive.fr/image.ashx?id=2907728&use=l&cat=p&typeid=i","cat":284656},{"id":257233,"n":"Tablettes lave-vaisselle Uni Vert - Tout-en-1 - x45 - 720g","p":6.57,"u":"9,13 €/KG","img":"https://fd5-photos.leclercdrive.fr/image.ashx?id=3015132&use=l&cat=p&typeid=i","cat":284656},{"id":257236,"n":"Tablettes lave-vaisselle Uni Vert - Classiques - x45 - 450g","p":6.27,"u":"13,93 €/KG","img":"https://fd5-photos.leclercdrive.fr/image.ashx?id=3015135&use=l&cat=p&typeid=i","cat":284656},{"id":257237,"n":"Déodorant femme Adidas Control - 150ml","p":3.15,"u":"21,00 €/L","img":"https://fd5-photos.leclercdrive.fr/image.ashx?id=2884594&use=l&cat=p&typeid=i","cat":284595},{"id":257238,"n":"Déodorant femme Adidas Control invisiblistere - 150ml","p":3.17,"u":"21,13 €/L","img":"https://fd5-photos.leclercdrive.fr/image.ashx?id=2884600&use=l&cat=p&typeid=i","cat":284595},{"id":257243,"n":"Nettoyant ménager Ajax 5 actions Brise fraîche - 1.5L","p":2.63,"u":"1,75 €/L","img":"https://fd5-photos.leclercdrive.fr/image.ashx?id=2919442&use=l&cat=p&typeid=i","cat":284907},{"id":257251,"n":"Capsules Lave-Vaisselle SUN  Pro-Expert Citron 38 lavages","p":7.9,"u":"13,86 €/KG","img":"https://fd5-photos.leclercdrive.fr/image.ashx?id=2991039&use=l&cat=p&typeid=i","cat":284656},{"id":257253,"n":"Déodorant Adidas Control fresh - 150ml","p":3.58,"u":"23,87 €/L","img":"https://fd5-photos.leclercdrive.fr/image.ashx?id=2884603&use=l&cat=p&typeid=i","cat":284595},{"id":257277,"n":"Bâtonnets surimi moelleux Fleury Michon x12 - 180g","p":1.67,"u":"9,28 €/KG","img":"https://fd5-photos.leclercdrive.fr/image.ashx?id=2936920&use=l&cat=p&typeid=i","cat":285189},{"id":257279,"n":"Bâtonnets surimi moelleux  Fleury Michon x24 - 360g","p":3.11,"u":"8,64 €/KG","img":"https://fd5-photos.leclercdrive.fr/image.ashx?id=2936926&use=l&cat=p&typeid=i","cat":285189},{"id":257280,"n":"Bâtonnets surimi moelleux Fleury Michon x30 - 450g","p":3.69,"u":"8,20 €/KG","img":"https://fd5-photos.leclercdrive.fr/image.ashx?id=2936929&use=l&cat=p&typeid=i","cat":285189},{"id":257322,"n":"Nectar Bio Pressade Orange - 1.5L","p":2.69,"u":"1,79 €/L","img":"https://fd5-photos.leclercdrive.fr/image.ashx?id=2885357&use=l&cat=p&typeid=i","cat":284521},{"id":257371,"n":"Sérum visage Nuxe Zinc poxwer - 30ml","p":26.9,"u":"896,67 €/L","img":"https://fd5-photos.leclercdrive.fr/image.ashx?id=2889025&use=l&cat=p&typeid=i","cat":291166},{"id":257374,"n":"Gel nettoyant Nuxe Zinc Power - 150ml","p":13.9,"u":"92,67 €/L","img":"https://fd5-photos.leclercdrive.fr/image.ashx?id=2889028&use=l&cat=p&typeid=i","cat":301587},{"id":257391,"n":"Barre gourmande Grainéa Chocolat Cacahuète - 140g","p":1.93,"u":"13,79 €/KG","img":"https://fd5-photos.leclercdrive.fr/image.ashx?id=2885777&use=l&cat=p&typeid=i","cat":285869},{"id":257505,"n":"Émincés de poulet paprika L'Atelier Volaille - 300g","p":3.59,"u":"11,97 €/KG","img":"https://fd5-photos.leclercdrive.fr/image.ashx?id=2927890&use=l&cat=p&typeid=i","cat":284336},{"id":257595,"n":"Saumon fumé Norvège 4 tranches 130g","p":7.12,"u":"54,77 €/KG","img":"https://fd5-photos.leclercdrive.fr/image.ashx?id=2885950&use=l&cat=p&typeid=i","cat":285188},{"id":257611,"n":"Raviolis Rana boeuf bolognaise 250g","p":3.63,"u":"14,52 €/KG","img":"https://fd5-photos.leclercdrive.fr/image.ashx?id=2886367&use=l&cat=p&typeid=i","cat":333682},{"id":257612,"n":"Tortellini Rana bacon, speck & mozzarella 250g","p":3.47,"u":"13,88 €/KG","img":"https://fd5-photos.leclercdrive.fr/image.ashx?id=2886370&use=l&cat=p&typeid=i","cat":333682},{"id":258071,"n":"Les Arrangés Divins Ananas Citron vert poivre Timut - 70cl","p":19.84,"u":"28,34 €/L","img":"https://fd5-photos.leclercdrive.fr/image.ashx?id=2886921&use=l&cat=p&typeid=i","cat":284550},{"id":258072,"n":"Les Arrangés Divins Banane Caramel beurre salé - 70cl","p":19.93,"u":"28,47 €/L","img":"https://fd5-photos.leclercdrive.fr/image.ashx?id=2886924&use=l&cat=p&typeid=i","cat":284550},{"id":258074,"n":"Les Arrangés Divins Passion Ananas - 70cl","p":16.96,"u":"24,23 €/L","img":"https://fd5-photos.leclercdrive.fr/image.ashx?id=2886933&use=l&cat=p&typeid=i","cat":284550},{"id":258076,"n":"Les Arrangés Divins mangue Curcuma - 70cl","p":19.95,"u":"28,50 €/L","img":"https://fd5-photos.leclercdrive.fr/image.ashx?id=2886927&use=l&cat=p&typeid=i","cat":284550},{"id":258077,"n":"Les Arrangés Divins pomme Passion Gingembre bio - 70cl","p":19.95,"u":"28,50 €/L","img":"https://fd5-photos.leclercdrive.fr/image.ashx?id=2886930&use=l&cat=p&typeid=i","cat":284550},{"id":258078,"n":"Fuzetea fruit de la passion Tropical - Sans sucres - 1.25L","p":1.69,"u":"1,35 €/L","img":"https://fd5-photos.leclercdrive.fr/image.ashx?id=2940411&use=l&cat=p&typeid=i","cat":295019},{"id":258079,"n":"Limonade Lorina pêche blanche 1L","p":2.37,"u":"2,37 €/L","img":"https://fd5-photos.leclercdrive.fr/image.ashx?id=2891094&use=l&cat=p&typeid=i","cat":284531},{"id":258080,"n":"Limonade Lorina grenadine 4x33cl","p":3.96,"u":"3,00 €/L","img":"https://fd5-photos.leclercdrive.fr/image.ashx?id=2895331&use=l&cat=p&typeid=i","cat":284531},{"id":258082,"n":"Limonade Lorina pêche blanche 4x33cl","p":3.96,"u":"3,00 €/L","img":"https://fd5-photos.leclercdrive.fr/image.ashx?id=2895864&use=l&cat=p&typeid=i","cat":284531},{"id":258143,"n":"Pâtes Panzani  fusilli - 500g","p":1.51,"u":"3,02 €/KG","img":"https://fd5-photos.leclercdrive.fr/image.ashx?id=2887530&use=l&cat=p&typeid=i","cat":284427},{"id":258144,"n":"Pâtes Panzani rigatoni - 500g","p":1.2,"u":"2,40 €/KG","img":"https://fd5-photos.leclercdrive.fr/image.ashx?id=2887533&use=l&cat=p&typeid=i","cat":284427},{"id":258270,"n":"Bière La Bise Agrumes - 50cl  4.7% vol.","p":1.6,"u":"3,20 €/L","img":"https://fd5-photos.leclercdrive.fr/image.ashx?id=2887785&use=l&cat=p&typeid=i","cat":334853},{"id":258273,"n":"Bière La Bise rouge Cerise - 75cl  3.5% vol.","p":2.95,"u":"3,93 €/L","img":"https://fd5-photos.leclercdrive.fr/image.ashx?id=2890157&use=l&cat=p&typeid=i","cat":334878},{"id":258295,"n":"Croissants fourrés Nutella  x4 - 340g","p":4.51,"u":"13,26 €/KG","img":"https://fd5-photos.leclercdrive.fr/image.ashx?id=2899749&use=l&cat=p&typeid=i","cat":284267},{"id":258303,"n":"Poulet basquaise William Saurin 285g","p":2.47,"u":"8,67 €/KG","img":"https://fd5-photos.leclercdrive.fr/image.ashx?id=2928564&use=l&cat=p&typeid=i","cat":284953},{"id":258308,"n":"Torsades saumon William Saurin Crème et aneth - 280g","p":2.63,"u":"9,39 €/KG","img":"https://fd5-photos.leclercdrive.fr/image.ashx?id=2916009&use=l&cat=p&typeid=i","cat":284953},{"id":258312,"n":"Bourguignon William Saurin Boeuf - 300g","p":2.79,"u":"9,30 €/KG","img":"https://fd5-photos.leclercdrive.fr/image.ashx?id=2906289&use=l&cat=p&typeid=i","cat":284953},{"id":258321,"n":"Dentifrice soin Elmex Sensitive expert - 75ml","p":5.93,"u":"79,07 €/L","img":"https://fd5-photos.leclercdrive.fr/image.ashx?id=2888205&use=l&cat=p&typeid=i","cat":284612},{"id":258340,"n":"Glace Kinder Bueno White Cônes noisettes x6 - 372g","p":5.54,"u":"14,89 €/KG","img":"https://fd5-photos.leclercdrive.fr/image.ashx?id=2890814&use=l&cat=p&typeid=i","cat":284264},{"id":258341,"n":"Glace Rafello bâtonnets Pêche hibiscus x3 - 138g","p":3.17,"u":"22,97 €/KG","img":"https://fd5-photos.leclercdrive.fr/image.ashx?id=2890436&use=l&cat=p&typeid=i","cat":284265},{"id":258342,"n":"Glace Ferrero bâtonnets chocolat noir orange x3 - 138g","p":2.9,"u":"21,01 €/KG","img":"https://fd5-photos.leclercdrive.fr/image.ashx?id=2889913&use=l&cat=p&typeid=i","cat":284265},{"id":258343,"n":"Crêpes Nutella  x6 - 240g","p":4.75,"u":"19,79 €/KG","img":"https://fd5-photos.leclercdrive.fr/image.ashx?id=2899761&use=l&cat=p&typeid=i","cat":284267},{"id":258350,"n":"Ravioli Rana tomate mozzarella 250g","p":3.42,"u":"13,68 €/KG","img":"https://fd5-photos.leclercdrive.fr/image.ashx?id=2889931&use=l&cat=p&typeid=i","cat":333682},{"id":258352,"n":"Tortellini Rana Parmigiano  Reggiano 250g","p":3.26,"u":"13,04 €/KG","img":"https://fd5-photos.leclercdrive.fr/image.ashx?id=2889937&use=l&cat=p&typeid=i","cat":333682},{"id":258353,"n":"Sauce fajita Jardin Bio Bio - 350g","p":3.06,"u":"8,74 €/KG","img":"https://fd5-photos.leclercdrive.fr/image.ashx?id=2889592&use=l&cat=p&typeid=i","cat":288993},{"id":258356,"n":"Raviolis Rana Burrata chorizo 250g","p":3.92,"u":"15,68 €/KG","img":"https://fd5-photos.leclercdrive.fr/image.ashx?id=2889943&use=l&cat=p&typeid=i","cat":333682},{"id":258369,"n":"Sauce salsa bio Jardin Bio 350g","p":3.06,"u":"8,74 €/KG","img":"https://fd5-photos.leclercdrive.fr/image.ashx?id=2889595&use=l&cat=p&typeid=i","cat":284451},{"id":258553,"n":"Lait infantile 1er âge Babybio  Optima 1 Bio - 800g","p":13.92,"u":"17,40 €/KG","img":"https://fd5-photos.leclercdrive.fr/image.ashx?id=2988433&use=l&cat=p&typeid=i","cat":326550},{"id":258606,"n":"Soda Fanta Orange  Bouteille - 1.25L","p":1.67,"u":"1,34 €/L","img":"https://fd5-photos.leclercdrive.fr/image.ashx?id=2924752&use=l&cat=p&typeid=i","cat":284532},{"id":258630,"n":"Gaufrettes Knoppers Lait & noisettes - x15   375g","p":4.27,"u":"11,39 €/KG","img":"https://fd5-photos.leclercdrive.fr/image.ashx?id=2893777&use=l&cat=p&typeid=i","cat":284488},{"id":258631,"n":"Chocolat noir 50% orange  Noisettes et amandes -100g","p":2.93,"u":"29,30 €/KG","img":"https://fd5-photos.leclercdrive.fr/image.ashx?id=2889787&use=l&cat=p&typeid=i","cat":284956},{"id":258816,"n":"Cacahuètes Curly  Miel barbecue - 150g","p":1.35,"u":"9,00 €/KG","img":"https://fd5-photos.leclercdrive.fr/image.ashx?id=2906367&use=l&cat=p&typeid=i","cat":284448},{"id":258818,"n":"Cacahuète Curly Paprika - 150g","p":1.4,"u":"9,33 €/KG","img":"https://fd5-photos.leclercdrive.fr/image.ashx?id=2938728&use=l&cat=p&typeid=i","cat":284448},{"id":259179,"n":"Préservatifs Durex Intensity - x5","p":5.57,"img":"https://fd5-photos.leclercdrive.fr/image.ashx?id=2962032&use=l&cat=p&typeid=i","cat":284631},{"id":259180,"n":"Préservatifs Durex Intensity - x20","p":18.33,"img":"https://fd5-photos.leclercdrive.fr/image.ashx?id=2964980&use=l&cat=p&typeid=i","cat":284631},{"id":259184,"n":"Préservatifs Durex Classic Jeans - x20","p":6.99,"img":"https://fd5-photos.leclercdrive.fr/image.ashx?id=2892433&use=l&cat=p&typeid=i","cat":284631},{"id":259189,"n":"Poudre lave-vaisselle Visior 1.71kg","p":7.64,"u":"4,47 €/KG","img":"https://fd5-photos.leclercdrive.fr/image.ashx?id=2889208&use=l&cat=p&typeid=i","cat":284656},{"id":259207,"n":"Dentifrice Sensodyne Sensibilité quotidienne - 75ml","p":3.32,"u":"44,27 €/L","img":"https://fd5-photos.leclercdrive.fr/image.ashx?id=2893003&use=l&cat=p&typeid=i","cat":284612},{"id":259211,"n":"Dentifrice Enfants Sensodyne 2-6 ans - 50ml","p":3.94,"u":"78,80 €/L","img":"https://fd5-photos.leclercdrive.fr/image.ashx?id=2893009&use=l&cat=p&typeid=i","cat":288898},{"id":259250,"n":"Bière aromatisée Somersby Citron Yuzu 4,5° - 3x27,5cl","p":3.85,"u":"4,67 €/L","img":"https://fd5-photos.leclercdrive.fr/image.ashx?id=2892463&use=l&cat=p&typeid=i","cat":334878},{"id":259253,"n":"Bière aromatisée Somersby Framboise 4,5° - 3x27,5cl","p":3.89,"u":"4,72 €/L","img":"https://fd5-photos.leclercdrive.fr/image.ashx?id=2892466&use=l&cat=p&typeid=i","cat":334878},{"id":259263,"n":"Bière blonde Stella Artois 5,2% - 12x25cl","p":9.5,"pp":6.27,"u":"2,09 €/L","img":"https://fd5-photos.leclercdrive.fr/image.ashx?id=2971754&use=l&cat=p&typeid=i","cat":334873},{"id":259277,"n":"Bière blonde Stella Artois 5,2% - 20x25cl","p":15.45,"u":"3,09 €/L","img":"https://fd5-photos.leclercdrive.fr/image.ashx?id=2944377&use=l&cat=p&typeid=i","cat":334873},{"id":259302,"n":"Produit vaisselle recharge  Paic -900ml","p":4.4,"u":"4,89 €/L","img":"https://fd5-photos.leclercdrive.fr/image.ashx?id=2893156&use=l&cat=p&typeid=i","cat":284655},{"id":259310,"n":"Produit vaisselle easy  Paic -900ml","p":3.39,"u":"3,77 €/L","img":"https://fd5-photos.leclercdrive.fr/image.ashx?id=2983516&use=l&cat=p&typeid=i","cat":284655},{"id":259316,"n":"Rillette de porc truffe noire Lartigue et Fils - 180g","p":5.59,"u":"31,06 €/KG","img":"https://fd5-photos.leclercdrive.fr/image.ashx?id=2892895&use=l&cat=p&typeid=i","cat":316008},{"id":259317,"n":"Rillette de canard Lartigue et Fils - 180g","p":5.59,"u":"31,06 €/KG","img":"https://fd5-photos.leclercdrive.fr/image.ashx?id=2892892&use=l&cat=p&typeid=i","cat":316008},{"id":259322,"n":"Pain burger Jacquet Nature x6 - 330g","p":1.31,"u":"3,97 €/KG","img":"https://fd5-photos.leclercdrive.fr/image.ashx?id=2991885&use=l&cat=p&typeid=i","cat":325067},{"id":259323,"n":"Burger Jacquet brioché Ultra moelleux x4 - 250g","p":1.37,"u":"5,48 €/KG","img":"https://fd5-photos.leclercdrive.fr/image.ashx?id=3010984&use=l&cat=p&typeid=i","cat":325067},{"id":259632,"n":"Nectar Bio Pressade Pomme - 1.5L","p":2.15,"u":"1,43 €/L","img":"https://fd5-photos.leclercdrive.fr/image.ashx?id=2892586&use=l&cat=p&typeid=i","cat":284522},{"id":259687,"n":"Surimi Coraya Sauce mayonnaise x33 - 338g","p":3.98,"u":"11,78 €/KG","img":"https://fd5-photos.leclercdrive.fr/image.ashx?id=2939577&use=l&cat=p&typeid=i","cat":285189},{"id":260044,"n":"Liqueur Get Menthe & fruits rouges 17.9° - 70cl","p":12.99,"u":"18,56 €/L","img":"https://fd5-photos.leclercdrive.fr/image.ashx?id=3009104&use=l&cat=p&typeid=i","cat":286032},{"id":260045,"n":"Boisson énergisante Celsius Pêche framboise - 35,5cl","p":1.4,"u":"3,94 €/L","img":"https://fd5-photos.leclercdrive.fr/image.ashx?id=2922155&use=l&cat=p&typeid=i","cat":284533},{"id":260047,"n":"Boisson énergisante Celsius Multifruits - 35,5cl","p":1.4,"u":"3,94 €/L","img":"https://fd5-photos.leclercdrive.fr/image.ashx?id=2919006&use=l&cat=p&typeid=i","cat":284533},{"id":260048,"n":"Boisson énergisante Celsius Orange - 35,5cl","p":1.4,"u":"3,94 €/L","img":"https://fd5-photos.leclercdrive.fr/image.ashx?id=2922152&use=l&cat=p&typeid=i","cat":284533},{"id":260054,"n":"Boisson énergisante Celsius Fraise passion - 35,5cl","p":1.4,"u":"3,94 €/L","img":"https://fd5-photos.leclercdrive.fr/image.ashx?id=2922158&use=l&cat=p&typeid=i","cat":284533},{"id":260058,"n":"Dentifrice Oral-B Professional Protection sensibilité - 2x75ml","p":6.89,"u":"45,93 €/L","img":"https://fd5-photos.leclercdrive.fr/image.ashx?id=2893823&use=l&cat=p&typeid=i","cat":284612},{"id":260059,"n":"Dentifrice Oral-B Professional Protection gencives - 2x75ml","p":6.89,"u":"45,93 €/L","img":"https://fd5-photos.leclercdrive.fr/image.ashx?id=2893826&use=l&cat=p&typeid=i","cat":284612},{"id":260062,"n":"Dentifrice Oral-B Professional Email renforcé - 2x75ml","p":6.89,"u":"45,93 €/L","img":"https://fd5-photos.leclercdrive.fr/image.ashx?id=2893901&use=l&cat=p&typeid=i","cat":284612},{"id":260203,"n":"Dentifrice Oral-B Professional Blancheur saine - 2x75ml","p":9.5,"u":"63,33 €/L","img":"https://fd5-photos.leclercdrive.fr/image.ashx?id=2899045&use=l&cat=p&typeid=i","cat":284612},{"id":260214,"n":"Cookies BN Pépites aux 2 chocolats - 150g","p":2.0,"u":"13,33 €/KG","img":"https://fd5-photos.leclercdrive.fr/image.ashx?id=2901704&use=l&cat=p&typeid=i","cat":325066},{"id":260216,"n":"Cookies BN Pépites de chocolat blanc -150g","p":2.13,"u":"14,20 €/KG","img":"https://fd5-photos.leclercdrive.fr/image.ashx?id=2901707&use=l&cat=p&typeid=i","cat":325066},{"id":260727,"n":"Culottes fuites urinaires Noir  Always discreet Taille M x10","p":12.56,"u":"1,26 €/P","img":"https://fd5-photos.leclercdrive.fr/image.ashx?id=2902427&use=l&cat=p&typeid=i","cat":284628},{"id":261067,"n":"Spray savon de Marseille Maison net - 750ml","p":3.59,"u":"4,79 €/L","img":"https://fd5-photos.leclercdrive.fr/image.ashx?id=2896375&use=l&cat=p&typeid=i","cat":325357},{"id":261200,"n":"Cônes Magnum noisette  4x90g","p":3.89,"u":"14,96 €/KG","img":"https://fd5-photos.leclercdrive.fr/image.ashx?id=2896453&use=l&cat=p&typeid=i","cat":284264},{"id":261216,"n":"Cônes Magnum mangue  4x90ml","p":3.89,"u":"14,96 €/KG","img":"https://fd5-photos.leclercdrive.fr/image.ashx?id=2896450&use=l&cat=p&typeid=i","cat":284264},{"id":261279,"n":"Tablette  de chocolat Poulain 2x95g","p":2.71,"u":"14,26 €/KG","img":"https://fd5-photos.leclercdrive.fr/image.ashx?id=2897177&use=l&cat=p&typeid=i","cat":284497},{"id":261292,"n":"Chewing-gum Hollywood  Menthe Verte sans sucres - 70g","p":2.01,"u":"28,71 €/KG","img":"https://fd5-photos.leclercdrive.fr/image.ashx?id=2987053&use=l&cat=p&typeid=i","cat":304251},{"id":261298,"n":"Chewing-gum Hollywood Menthe  Fraîche sans sucres - 70g","p":2.09,"u":"29,86 €/KG","img":"https://fd5-photos.leclercdrive.fr/image.ashx?id=2987050&use=l&cat=p&typeid=i","cat":304251},{"id":261305,"n":"Chewing-gum Hollywood 2Fresh  Menthe Forte sans sucres 66g","p":1.57,"u":"23,79 €/KG","img":"https://fd5-photos.leclercdrive.fr/image.ashx?id=3011962&use=l&cat=p&typeid=i","cat":304251},{"id":261486,"n":"Maxi croquettes adulte Pedigree volaille - 12kg","p":26.57,"u":"2,21 €/KG","img":"https://fd5-photos.leclercdrive.fr/image.ashx?id=2897288&use=l&cat=p&typeid=i","cat":284672},{"id":261502,"n":"Bonbons Tic Tac  Chlorophylle - x100 - 49g","p":2.12,"u":"43,27 €/KG","img":"https://fd5-photos.leclercdrive.fr/image.ashx?id=2903791&use=l&cat=p&typeid=i","cat":304256},{"id":261505,"n":"Chocolat Tablette d'Or Lait caramelisées - 180g","p":2.49,"u":"13,83 €/KG","img":"https://fd5-photos.leclercdrive.fr/image.ashx?id=2896837&use=l&cat=p&typeid=i","cat":284497},{"id":261507,"n":"Tablette de chocolat Equador noir citron vert - 100g","p":1.79,"u":"17,90 €/KG","img":"https://fd5-photos.leclercdrive.fr/image.ashx?id=2896834&use=l&cat=p&typeid=i","cat":284956},{"id":261509,"n":"Chocolat Tablette d'Or Noir biscuit citron vert 180g","p":2.89,"u":"16,06 €/KG","img":"https://fd5-photos.leclercdrive.fr/image.ashx?id=2896828&use=l&cat=p&typeid=i","cat":284956},{"id":261517,"n":"Chewing-gum Hollywood  Menthe Fraîche sans sucres 87g","p":3.25,"u":"37,36 €/KG","img":"https://fd5-photos.leclercdrive.fr/image.ashx?id=2968595&use=l&cat=p&typeid=i","cat":304251},{"id":261519,"n":"Chewing-gum Hollywood Cherry 5x14g -70g","p":2.77,"u":"39,57 €/KG","img":"https://fd5-photos.leclercdrive.fr/image.ashx?id=2985696&use=l&cat=p&typeid=i","cat":304251},{"id":261520,"n":"Bonbons La Vosgienne  Sève de Pin - 125g","p":1.52,"u":"12,16 €/KG","img":"https://fd5-photos.leclercdrive.fr/image.ashx?id=2901235&use=l&cat=p&typeid=i","cat":304256},{"id":261522,"n":"Chewing-gum Hollywood Style  Menthe Verte sans sucres - 92g","p":2.84,"u":"30,87 €/KG","img":"https://fd5-photos.leclercdrive.fr/image.ashx?id=2968010&use=l&cat=p&typeid=i","cat":304251},{"id":261523,"n":"Chewing-gum Hollywood Fraise - Citron vert sans sucres 66g","p":1.65,"u":"25,00 €/KG","img":"https://fd5-photos.leclercdrive.fr/image.ashx?id=3011965&use=l&cat=p&typeid=i","cat":304251},{"id":261525,"n":"Sauté de lapin William Saurin 300g","p":3.03,"u":"10,10 €/KG","img":"https://fd5-photos.leclercdrive.fr/image.ashx?id=2905375&use=l&cat=p&typeid=i","cat":284953},{"id":261528,"n":"Nectar Bio Pressade Orange Bio - 6x20cl","p":2.91,"u":"2,43 €/L","img":"https://fd5-photos.leclercdrive.fr/image.ashx?id=2902705&use=l&cat=p&typeid=i","cat":284521},{"id":261604,"n":"Petits pains Pasquier Farine de maïs - x6  270g","p":1.7,"u":"6,30 €/KG","img":"https://fd5-photos.leclercdrive.fr/image.ashx?id=2900440&use=l&cat=p&typeid=i","cat":284359},{"id":261612,"n":"Pancakes Pasquier Vanille - x8  280g","p":2.08,"u":"7,43 €/KG","img":"https://fd5-photos.leclercdrive.fr/image.ashx?id=2900452&use=l&cat=p&typeid=i","cat":284495},{"id":262522,"n":"Saucisse droite Le Galibier Chorizo doux - 200g","p":6.69,"u":"33,45 €/KG","img":"https://fd5-photos.leclercdrive.fr/image.ashx?id=2956382&use=l&cat=p&typeid=i","cat":316006},{"id":262524,"n":"Liégois vanille La Fermière - 2x120g","p":2.15,"u":"8,96 €/KG","img":"https://fd5-photos.leclercdrive.fr/image.ashx?id=2901995&use=l&cat=p&typeid=i","cat":285042},{"id":262544,"n":"Sirop Teisseire Défense Citron vert Gingembre - 60cl","p":3.55,"u":"5,92 €/L","img":"https://fd5-photos.leclercdrive.fr/image.ashx?id=2901767&use=l&cat=p&typeid=i","cat":295020},{"id":262545,"n":"Sirop Teisseire Tonus Fraise Kiwi - 60cl","p":3.55,"u":"5,92 €/L","img":"https://fd5-photos.leclercdrive.fr/image.ashx?id=2901758&use=l&cat=p&typeid=i","cat":295020},{"id":262546,"n":"Sirop Teisseire Relax Pêche Goyave - 60cl","p":3.55,"u":"5,92 €/L","img":"https://fd5-photos.leclercdrive.fr/image.ashx?id=2901764&use=l&cat=p&typeid=i","cat":295020},{"id":262547,"n":"Sirop Teisseire Boost Ananas Mangue - 60cl","p":3.55,"u":"5,92 €/L","img":"https://fd5-photos.leclercdrive.fr/image.ashx?id=2901761&use=l&cat=p&typeid=i","cat":295020},{"id":262867,"n":"Baume lèvres hydratant Labello x2","p":3.03,"u":"303,00 €/KG","img":"https://fd5-photos.leclercdrive.fr/image.ashx?id=2901581&use=l&cat=p&typeid=i","cat":285485},{"id":262868,"n":"Baume lèvre hydratant Labello","p":1.82,"u":"364,00 €/KG","img":"https://fd5-photos.leclercdrive.fr/image.ashx?id=2984676&use=l&cat=p&typeid=i","cat":285485},{"id":263105,"n":"Glace en pot Ben & Jerry's  Brookieees & Cream 465 ml","p":3.73,"u":"8,02 €/L","img":"https://fd5-photos.leclercdrive.fr/image.ashx?id=2901202&use=l&cat=p&typeid=i","cat":284725},{"id":263107,"n":"Ben & Jerry's Glace en pot Sundae Marshmallow/ Smore 427ml","p":5.52,"u":"12,93 €/L","img":"https://fd5-photos.leclercdrive.fr/image.ashx?id=3009314&use=l&cat=p&typeid=i","cat":284725},{"id":263109,"n":"Ben & Jerry's Glace dessert Brownie Caramel Salé 150 gr","p":4.19,"u":"27,93 €/KG","img":"https://fd5-photos.leclercdrive.fr/image.ashx?id=2901181&use=l&cat=p&typeid=i","cat":284725},{"id":263112,"n":"Ben & Jerry's Glace pot Vegan Chocolate Fudge Brownie 465ml","p":5.48,"u":"11,78 €/L","img":"https://fd5-photos.leclercdrive.fr/image.ashx?id=2901172&use=l&cat=p&typeid=i","cat":284725},{"id":263131,"n":"Bâtonnet Magnum Utopia Double Fruits Rouges 4x85ml","p":3.72,"u":"10,94 €/L","img":"https://fd5-photos.leclercdrive.fr/image.ashx?id=3014650&use=l&cat=p&typeid=i","cat":284265},{"id":263132,"n":"Glace Bonbon Dessert Magnum Gold Caramel Billionaire 168g","p":4.33,"u":"25,77 €/KG","img":"https://fd5-photos.leclercdrive.fr/image.ashx?id=3009320&use=l&cat=p&typeid=i","cat":284266},{"id":263133,"n":"Magnum Glace Bonbon Dessert Caramel Salé & Amande x12","p":4.41,"u":"23,84 €/KG","img":"https://fd5-photos.leclercdrive.fr/image.ashx?id=2901178&use=l&cat=p&typeid=i","cat":284266},{"id":263154,"n":"Saumon MSC haché Yooji dès 4 mois 80g","p":4.97,"u":"62,13 €/KG","img":"https://fd5-photos.leclercdrive.fr/image.ashx?id=3008893&use=l&cat=p&typeid=i","cat":290631},{"id":263155,"n":"Ecrasé de ratatouille Yooji dès 8 mois 400g","p":4.91,"u":"12,28 €/KG","img":"https://fd5-photos.leclercdrive.fr/image.ashx?id=2901022&use=l&cat=p&typeid=i","cat":312236},{"id":263287,"n":"IGP Méditerranée Blanc Studio by Miraval - 75cl","p":9.5,"u":"12,67 €/L","img":"https://fd5-photos.leclercdrive.fr/image.ashx?id=2990541&use=l&cat=p&typeid=i","cat":289557},{"id":263328,"n":"Bonbons Lutti Bubblizz Piquants - 300g","p":1.75,"u":"5,83 €/KG","img":"https://fd5-photos.leclercdrive.fr/image.ashx?id=2900983&use=l&cat=p&typeid=i","cat":304250},{"id":263329,"n":"Dentifrice Colgate Total active Prévention Soin email - 3x75ml","p":7.09,"u":"31,51 €/L","img":"https://fd5-photos.leclercdrive.fr/image.ashx?id=2902846&use=l&cat=p&typeid=i","cat":284612},{"id":263605,"n":"Sandwich XXL Daunat Poulet rôti - 230g","p":1.4,"u":"6,09 €/KG","img":"https://fd5-photos.leclercdrive.fr/image.ashx?id=2894260&use=l&cat=p&typeid=i","cat":326550},{"id":263702,"n":"Glace cône Extreme Salted caramel - 6x71g","p":3.52,"u":"8,26 €/KG","img":"https://fd5-photos.leclercdrive.fr/image.ashx?id=2904185&use=l&cat=p&typeid=i","cat":284264},{"id":263712,"n":"Truite fumée Landvika 6 tranches 140g","p":5.29,"u":"37,79 €/KG","img":"https://fd5-photos.leclercdrive.fr/image.ashx?id=2904206&use=l&cat=p&typeid=i","cat":285188},{"id":263742,"n":"Culottes Tena Taille M - x9","p":8.27,"u":"0,92 €/P","img":"https://fd5-photos.leclercdrive.fr/image.ashx?id=2904452&use=l&cat=p&typeid=i","cat":284628},{"id":263746,"n":"Culottes Tena  Taille XL - x12","p":16.8,"u":"1,40 €/P","img":"https://fd5-photos.leclercdrive.fr/image.ashx?id=2904458&use=l&cat=p&typeid=i","cat":284628},{"id":263869,"n":"Riz pour risotto Taureau Ailé 500g","p":1.83,"u":"3,66 €/KG","img":"https://fd5-photos.leclercdrive.fr/image.ashx?id=2904389&use=l&cat=p&typeid=i","cat":284428},{"id":263915,"n":"Nouilles instantanées Daisuki Légumes Wafuu - 60g","p":1.45,"u":"24,17 €/KG","img":"https://fd5-photos.leclercdrive.fr/image.ashx?id=2904643&use=l&cat=p&typeid=i","cat":288992},{"id":263942,"n":"Flammekueche d'Alsace NRT 600g","p":3.04,"u":"5,07 €/KG","img":"https://fd5-photos.leclercdrive.fr/image.ashx?id=2743894&use=l&cat=p&typeid=i","cat":326550},{"id":264023,"n":"Bière Cornet Oaked blonde Boite 50cl","p":1.82,"u":"3,64 €/L","img":"https://fd5-photos.leclercdrive.fr/image.ashx?id=2905627&use=l&cat=p&typeid=i","cat":334853},{"id":264361,"n":"Boxer protection Homme Tena Noir Réutilisable - Taille XL","p":18.19,"img":"https://fd5-photos.leclercdrive.fr/image.ashx?id=2906823&use=l&cat=p&typeid=i","cat":291514},{"id":264373,"n":"P'tit Savane Tornado Brossard Roulés à la fraise - x7 - 175g","p":2.27,"u":"12,97 €/KG","img":"https://fd5-photos.leclercdrive.fr/image.ashx?id=2966089&use=l&cat=p&typeid=i","cat":284495},{"id":264392,"n":"Savane Brossard coeur choco Max de sensation - x6 - 180g","p":2.47,"u":"13,72 €/KG","img":"https://fd5-photos.leclercdrive.fr/image.ashx?id=2906502&use=l&cat=p&typeid=i","cat":284495},{"id":264397,"n":"Tartines P'tit dej Jacquet aux graines - x14 - 410g","p":1.73,"u":"4,22 €/KG","img":"https://fd5-photos.leclercdrive.fr/image.ashx?id=2906061&use=l&cat=p&typeid=i","cat":284477},{"id":264418,"n":"Biscuits BN Del'ice Cookie Dough - 175g","p":2.02,"u":"11,54 €/KG","img":"https://fd5-photos.leclercdrive.fr/image.ashx?id=2907887&use=l&cat=p&typeid=i","cat":325066},{"id":264431,"n":"Matière grasse végétale Flora Doux à tartiner - 250g","p":2.08,"u":"8,32 €/KG","img":"https://fd5-photos.leclercdrive.fr/image.ashx?id=2908381&use=l&cat=p&typeid=i","cat":315229},{"id":264432,"n":"Matière grasse végétale Flora Demi-sel à tartiner - 250g","p":2.07,"u":"8,28 €/KG","img":"https://fd5-photos.leclercdrive.fr/image.ashx?id=2908384&use=l&cat=p&typeid=i","cat":315229},{"id":264622,"n":"Sandwich triangle Daunat Poulet rôti mayonnaise - 160g","p":0.94,"u":"5,88 €/KG","img":"https://fd5-photos.leclercdrive.fr/image.ashx?id=2894257&use=l&cat=p&typeid=i","cat":326550},{"id":264692,"n":"Croque-Monsieur Maxi Herta jambon fromage x2 - 310g","p":2.49,"u":"8,03 €/KG","img":"https://fd5-photos.leclercdrive.fr/image.ashx?id=2907941&use=l&cat=p&typeid=i","cat":333671},{"id":264694,"n":"Cheetos crispy Balls  90g","p":1.05,"u":"11,67 €/KG","img":"https://fd5-photos.leclercdrive.fr/image.ashx?id=2907962&use=l&cat=p&typeid=i","cat":284449},{"id":264696,"n":"Cheetos crunchy Fromage - 90g","p":0.9,"u":"10,00 €/KG","img":"https://fd5-photos.leclercdrive.fr/image.ashx?id=2907965&use=l&cat=p&typeid=i","cat":284449},{"id":264700,"n":"Cheetos crunchy Sweet Chili - 90g","p":0.9,"u":"10,00 €/KG","img":"https://fd5-photos.leclercdrive.fr/image.ashx?id=2907968&use=l&cat=p&typeid=i","cat":284449},{"id":264713,"n":"Kit crousti'fajitas Old El Paso Extra doux - 521g","p":4.79,"u":"9,19 €/KG","img":"https://fd5-photos.leclercdrive.fr/image.ashx?id=2908354&use=l&cat=p&typeid=i","cat":288993},{"id":264776,"n":"Décor pour gateaux Vahiné Licorne - x1","p":1.65,"img":"https://fd5-photos.leclercdrive.fr/image.ashx?id=2907294&use=l&cat=p&typeid=i","cat":284504},{"id":264778,"n":"Décor pour gateaux Vahiné Dinosaure - x1","p":1.65,"img":"https://fd5-photos.leclercdrive.fr/image.ashx?id=2907297&use=l&cat=p&typeid=i","cat":284504},{"id":264781,"n":"Décor pour gateaux Vahiné Langues étrangers - x1","p":1.65,"img":"https://fd5-photos.leclercdrive.fr/image.ashx?id=2907300&use=l&cat=p&typeid=i","cat":284504},{"id":264903,"n":"La Panée soja Garden Gourmet 207g","p":2.57,"u":"12,42 €/KG","img":"https://fd5-photos.leclercdrive.fr/image.ashx?id=2980155&use=l&cat=p&typeid=i","cat":316036},{"id":264904,"n":"Le Classique soja  Garden Gourmet 173g","p":2.57,"u":"14,86 €/KG","img":"https://fd5-photos.leclercdrive.fr/image.ashx?id=2965319&use=l&cat=p&typeid=i","cat":316036},{"id":264981,"n":"Fromage Tomme de Savoie NRT IGP 300g","p":3.0,"u":"10,00 €/KG","img":"https://fd5-photos.leclercdrive.fr/image.ashx?id=2934835&use=l&cat=p&typeid=i","cat":326550},{"id":265152,"n":"Fromage apéritif Apéricube Soirée match 48 cubes 250g","p":4.17,"u":"16,68 €/KG","img":"https://fd5-photos.leclercdrive.fr/image.ashx?id=2908915&use=l&cat=p&typeid=i","cat":314027},{"id":265154,"n":"Fromage apéritif Apéricube Challenge 48 cubes 250g","p":4.61,"u":"18,44 €/KG","img":"https://fd5-photos.leclercdrive.fr/image.ashx?id=2908918&use=l&cat=p&typeid=i","cat":314027},{"id":265346,"n":"Cornichons Kühne Petits  croquants Aigres-doux - 190g","p":2.27,"u":"11,95 €/KG","img":"https://fd5-photos.leclercdrive.fr/image.ashx?id=2911930&use=l&cat=p&typeid=i","cat":284458},{"id":265446,"n":"Martini Fiero 14.5° - 1L","p":10.24,"u":"10,24 €/L","img":"https://fd5-photos.leclercdrive.fr/image.ashx?id=2911573&use=l&cat=p&typeid=i","cat":284913},{"id":265449,"n":"Martini rosato 14.5° - 1L","p":10.07,"u":"10,07 €/L","img":"https://fd5-photos.leclercdrive.fr/image.ashx?id=2941946&use=l&cat=p&typeid=i","cat":284913},{"id":265450,"n":"Martini rosso 14.5° - 1L","p":10.28,"u":"10,28 €/L","img":"https://fd5-photos.leclercdrive.fr/image.ashx?id=2941949&use=l&cat=p&typeid=i","cat":284913},{"id":265461,"n":"Salade Notre Jardin Coeurs de laitue - 200g","p":0.69,"u":"3,45 €/KG","img":"https://fd5-photos.leclercdrive.fr/image.ashx?id=2686323&use=l&cat=p&typeid=i","cat":326550},{"id":265507,"n":"Kit plumeau Swiffer Anti-poussière +4 recharges","p":5.25,"img":"https://fd5-photos.leclercdrive.fr/image.ashx?id=2917106&use=l&cat=p&typeid=i","cat":325364},{"id":265513,"n":"Liquide adoucissant Lenor Fleur de jasmin 882ml","p":5.56,"u":"6,30 €/L","img":"https://fd5-photos.leclercdrive.fr/image.ashx?id=2917103&use=l&cat=p&typeid=i","cat":284650},{"id":265514,"n":"Adoucissant Lenor collection Jasmin et rose de mai 1.155L","p":4.53,"u":"3,92 €/L","img":"https://fd5-photos.leclercdrive.fr/image.ashx?id=2912701&use=l&cat=p&typeid=i","cat":284650},{"id":265515,"n":"Adoucissant liquide Lenor Peaux sensibles - 882ml x42","p":5.56,"u":"6,30 €/L","img":"https://fd5-photos.leclercdrive.fr/image.ashx?id=2917100&use=l&cat=p&typeid=i","cat":284650},{"id":265519,"n":"Adoucissant Lenor Fresh Air Jardins en fleurs - 504ml x36","p":4.53,"u":"8,99 €/L","img":"https://fd5-photos.leclercdrive.fr/image.ashx?id=2912686&use=l&cat=p&typeid=i","cat":284650},{"id":265521,"n":"Parfum de linge Lenor Fraîcheur florale - 235g - x19","p":6.68,"u":"28,43 €/KG","img":"https://fd5-photos.leclercdrive.fr/image.ashx?id=2912692&use=l&cat=p&typeid=i","cat":325302},{"id":265779,"n":"Bière cherry 8.6 6x33cl","p":5.44,"u":"2,75 €/L","img":"https://fd5-photos.leclercdrive.fr/image.ashx?id=2916623&use=l&cat=p&typeid=i","cat":334853},{"id":265799,"n":"Désodorisant Febreze Linge frais - x3 recharges","p":7.83,"u":"391,50 €/L","img":"https://fd5-photos.leclercdrive.fr/image.ashx?id=2912680&use=l&cat=p&typeid=i","cat":311629},{"id":265811,"n":"Capsules lave-vaisselle Finish Quantum x60 - 624g","p":10.57,"u":"16,94 €/KG","img":"https://fd5-photos.leclercdrive.fr/image.ashx?id=2911453&use=l&cat=p&typeid=i","cat":284656},{"id":265813,"n":"Capsules lave-vaisselle Finish Ultimate x55 - 710g","p":8.02,"u":"11,30 €/KG","img":"https://fd5-photos.leclercdrive.fr/image.ashx?id=2911456&use=l&cat=p&typeid=i","cat":284656},{"id":265816,"n":"Dentifrice Parodontax Renforce & protège Blancheur - 75ml","p":6.42,"u":"85,60 €/MT","img":"https://fd5-photos.leclercdrive.fr/image.ashx?id=2911558&use=l&cat=p&typeid=i","cat":284612},{"id":265817,"n":"Capsules lave-vaisselle Finish Ultimate x45 - 549g","p":10.57,"u":"19,25 €/KG","img":"https://fd5-photos.leclercdrive.fr/image.ashx?id=2911459&use=l&cat=p&typeid=i","cat":284656},{"id":265823,"n":"Capsules lave-vaisselle Finish Ultimate Plus citron x45 - 549g","p":8.78,"u":"15,99 €/KG","img":"https://fd5-photos.leclercdrive.fr/image.ashx?id=2911465&use=l&cat=p&typeid=i","cat":284656},{"id":265828,"n":"Bain de bouche Parodontax Renforce & protège Menthe 500ml","p":5.76,"u":"11,52 €/L","img":"https://fd5-photos.leclercdrive.fr/image.ashx?id=2911561&use=l&cat=p&typeid=i","cat":284613},{"id":265832,"n":"Rasoir Hydro 5 - Wilkinson Face Groomer","p":14.59,"u":"Dont 0,10 € d'éco-part.","img":"https://fd5-photos.leclercdrive.fr/image.ashx?id=2963853&use=l&cat=p&typeid=i","cat":284616},{"id":265846,"n":"Détachant en poudre Ariel 500g","p":6.12,"u":"12,24 €/KG","img":"https://fd5-photos.leclercdrive.fr/image.ashx?id=2922233&use=l&cat=p&typeid=i","cat":284651},{"id":265886,"n":"Bière blonde 5 Lager Speciale 5% 6x25cl","p":3.42,"u":"2,28 €/L","img":"https://fd5-photos.leclercdrive.fr/image.ashx?id=2910768&use=l&cat=p&typeid=i","cat":334873},{"id":265890,"n":"Vodka Poliakov cherry 70cl 32°","p":10.96,"u":"15,66 €/L","img":"https://fd5-photos.leclercdrive.fr/image.ashx?id=3002048&use=l&cat=p&typeid=i","cat":284550},{"id":265941,"n":"Dentifrice Sensodyne Soin gencives 3x75ml","p":9.83,"pp":5.9,"u":"26,22 €/L","img":"https://fd5-photos.leclercdrive.fr/image.ashx?id=3009020&use=l&cat=p&typeid=i","cat":284612},{"id":265949,"n":"Dentifrice Sensodyne Soin blancheur 3x75ml","p":9.01,"u":"40,04 €/L","img":"https://fd5-photos.leclercdrive.fr/image.ashx?id=2915588&use=l&cat=p&typeid=i","cat":284612},{"id":265950,"n":"Dentifrice Sensodyne Soin blancheur 3x75ml","p":9.83,"pp":5.9,"u":"26,22 €/L","img":"https://fd5-photos.leclercdrive.fr/image.ashx?id=3009026&use=l&cat=p&typeid=i","cat":284612},{"id":266088,"n":"Adoucissant Cajoline Creations Brise de muguet 1.386L x66","p":6.21,"u":"4,48 €/L","img":"https://fd5-photos.leclercdrive.fr/image.ashx?id=2914240&use=l&cat=p&typeid=i","cat":284650},{"id":266093,"n":"Adoucissant Lenor Envolée d'air - x55 - 1.155L","p":4.53,"u":"3,92 €/L","img":"https://fd5-photos.leclercdrive.fr/image.ashx?id=2914171&use=l&cat=p&typeid=i","cat":284650},{"id":266096,"n":"Shampooing Head & Shoulders DermaxPro - Apaise - 250ml","p":5.11,"u":"20,44 €/L","img":"https://fd5-photos.leclercdrive.fr/image.ashx?id=2914138&use=l&cat=p&typeid=i","cat":284606},{"id":266097,"n":"Pâtes Panzani  Serpentini - 1kg","p":1.92,"u":"1,92 €/KG","img":"https://fd5-photos.leclercdrive.fr/image.ashx?id=2914456&use=l&cat=p&typeid=i","cat":284427},{"id":266102,"n":"Baume lèvres hydratant Labello x2","p":3.83,"u":"383,00 €/KG","img":"https://fd5-photos.leclercdrive.fr/image.ashx?id=2913811&use=l&cat=p&typeid=i","cat":285485},{"id":266104,"n":"Lait corps nourissant Nivea Peaux sèches - 400ml","p":4.47,"u":"11,18 €/L","img":"https://fd5-photos.leclercdrive.fr/image.ashx?id=2977639&use=l&cat=p&typeid=i","cat":325349},{"id":266106,"n":"Adoucissant Soupline Concentré Ultra Moments magiques - 800ml","p":9.46,"u":"11,83 €/L","img":"https://fd5-photos.leclercdrive.fr/image.ashx?id=2914225&use=l&cat=p&typeid=i","cat":284650},{"id":266107,"n":"Gel WC Harpic Power Plus 750ml","p":2.13,"u":"2,84 €/L","img":"https://fd5-photos.leclercdrive.fr/image.ashx?id=2914027&use=l&cat=p&typeid=i","cat":284662},{"id":266108,"n":"Bloc WC Harpic Hygienic & Fresh Pin Eucalyptus - x2","p":1.97,"img":"https://fd5-photos.leclercdrive.fr/image.ashx?id=2914636&use=l&cat=p&typeid=i","cat":284662},{"id":266110,"n":"Bloc WC Harpic Hygienic & Fresh 2.0 Agrume - x2","p":1.94,"img":"https://fd5-photos.leclercdrive.fr/image.ashx?id=2914633&use=l&cat=p&typeid=i","cat":284662},{"id":266111,"n":"Bloc WC Harpic Hygienic & Fresh 2.0 Marine - x2","p":1.97,"img":"https://fd5-photos.leclercdrive.fr/image.ashx?id=2914024&use=l&cat=p&typeid=i","cat":284662},{"id":266123,"n":"Jambon Sec fines et fondantes Aoste nature 4 tranches - 67g","p":2.26,"u":"33,73 €/KG","img":"https://fd5-photos.leclercdrive.fr/image.ashx?id=2937196&use=l&cat=p&typeid=i","cat":316007},{"id":266139,"n":"Gel WC Harpic Power Plus Marine - 750ml","p":1.93,"u":"2,57 €/L","img":"https://fd5-photos.leclercdrive.fr/image.ashx?id=2914021&use=l&cat=p&typeid=i","cat":284662},{"id":266140,"n":"Capsules lave-vaisselle Finish Ultimate Plus - x47 - 573g","p":11.88,"pp":7.13,"u":"12,44 €/KG","img":"https://fd5-photos.leclercdrive.fr/image.ashx?id=2914630&use=l&cat=p&typeid=i","cat":284656},{"id":266143,"n":"Adoucissant Lenor Fresh Air Rayons soleil - 504ml - x36D","p":4.53,"u":"8,99 €/L","img":"https://fd5-photos.leclercdrive.fr/image.ashx?id=2914153&use=l&cat=p&typeid=i","cat":284650},{"id":266145,"n":"Adoucissant Lenor Fresh Air Soleil tropical - 504ml - x36","p":4.53,"u":"8,99 €/L","img":"https://fd5-photos.leclercdrive.fr/image.ashx?id=2914156&use=l&cat=p&typeid=i","cat":284650},{"id":266147,"n":"Parfum de linge Lenor Parfum d'Ariel - x13 - 155g","p":4.53,"u":"29,23 €/KG","img":"https://fd5-photos.leclercdrive.fr/image.ashx?id=2914159&use=l&cat=p&typeid=i","cat":325302},{"id":266149,"n":"Adoucissant Lenor Fresh Air Fraîcheur matinale 504ml - x36","p":4.53,"u":"8,99 €/L","img":"https://fd5-photos.leclercdrive.fr/image.ashx?id=2914150&use=l&cat=p&typeid=i","cat":284650},{"id":266150,"n":"Lait corps hydratation Nivea Express - 250ml","p":4.09,"u":"16,36 €/L","img":"https://fd5-photos.leclercdrive.fr/image.ashx?id=2977648&use=l&cat=p&typeid=i","cat":325349},{"id":266152,"n":"Crème visage jour Nivea Anti-rides Q10+ Sensitive 50ml","p":11.99,"u":"239,80 €/L","img":"https://fd5-photos.leclercdrive.fr/image.ashx?id=2973940&use=l&cat=p&typeid=i","cat":325345},{"id":266156,"n":"Lessive capsuleS Ariel Pods+ Unstoppable - 515g - x26","p":12.39,"u":"24,06 €/KG","img":"https://fd5-photos.leclercdrive.fr/image.ashx?id=2914852&use=l&cat=p&typeid=i","cat":284641},{"id":266157,"n":"Lessive capsules Ariel Pods Grandiose Original 762g x21","p":13.07,"u":"17,15 €/KG","img":"https://fd5-photos.leclercdrive.fr/image.ashx?id=2914180&use=l&cat=p&typeid=i","cat":284641},{"id":266162,"n":"Capsules lave-vaisselle Finish Quantum - 707g - x68","p":11.88,"pp":7.13,"u":"10,08 €/KG","img":"https://fd5-photos.leclercdrive.fr/image.ashx?id=2914627&use=l&cat=p&typeid=i","cat":284656},{"id":266163,"n":"Parfum de linge Lenor Jasmin & Rose de mai 155g x13","p":4.53,"u":"29,23 €/KG","img":"https://fd5-photos.leclercdrive.fr/image.ashx?id=2914162&use=l&cat=p&typeid=i","cat":325302},{"id":266177,"n":"Adoucissant Soupline Lenor Ambre & orchidée - 1.155L x55","p":4.53,"u":"3,92 €/L","img":"https://fd5-photos.leclercdrive.fr/image.ashx?id=2914165&use=l&cat=p&typeid=i","cat":284650},{"id":266181,"n":"Adoucissant Lenor Bouquet floral - 1.155L - x55","p":4.53,"u":"3,92 €/L","img":"https://fd5-photos.leclercdrive.fr/image.ashx?id=2914174&use=l&cat=p&typeid=i","cat":284650},{"id":266201,"n":"Adoucissant Soupline Ultra Fraîcheur infinie lagon 800ml","p":5.88,"u":"7,35 €/L","img":"https://fd5-photos.leclercdrive.fr/image.ashx?id=2991024&use=l&cat=p&typeid=i","cat":284650},{"id":266203,"n":"Adoucissant Soupline Ultra concentré Rose éclatante 800 ml","p":5.44,"u":"6,80 €/L","img":"https://fd5-photos.leclercdrive.fr/image.ashx?id=2914210&use=l&cat=p&typeid=i","cat":284650},{"id":266204,"n":"Adoucissant Soupline Ultra Emotion vanille - 1800ml","p":11.8,"u":"6,56 €/L","img":"https://fd5-photos.leclercdrive.fr/image.ashx?id=2914207&use=l&cat=p&typeid=i","cat":284650},{"id":266208,"n":"Adoucissant Soupline Ultra concentré Soin Expert 800 ml","p":6.47,"u":"8,09 €/L","img":"https://fd5-photos.leclercdrive.fr/image.ashx?id=2914222&use=l&cat=p&typeid=i","cat":284650},{"id":266210,"n":"Adoucissant Soupline Concentré   Sublime Musc 1,26L","p":5.53,"u":"4,39 €/L","img":"https://fd5-photos.leclercdrive.fr/image.ashx?id=2966803&use=l&cat=p&typeid=i","cat":284650},{"id":266213,"n":"Adoucissant Soupline Emotion ambré - 1260ml","p":7.75,"u":"6,15 €/L","img":"https://fd5-photos.leclercdrive.fr/image.ashx?id=2914231&use=l&cat=p&typeid=i","cat":284650},{"id":266232,"n":"Riz risotto Taureau Ailé 1kg","p":4.53,"u":"4,53 €/KG","img":"https://fd5-photos.leclercdrive.fr/image.ashx?id=2914696&use=l&cat=p&typeid=i","cat":284428},{"id":266233,"n":"Bonbons Carambar CaraCool  Caramel - Caramel salé - 380g","p":3.18,"u":"8,37 €/KG","img":"https://fd5-photos.leclercdrive.fr/image.ashx?id=2937406&use=l&cat=p&typeid=i","cat":304250},{"id":266238,"n":"Bonbons La Vosgienne  Cassis sans sucres -  49g","p":1.57,"u":"32,04 €/KG","img":"https://fd5-photos.leclercdrive.fr/image.ashx?id=2971900&use=l&cat=p&typeid=i","cat":304252},{"id":266239,"n":"Bonbons La Vosgienne Menthe citron sans sucres - 49g","p":1.57,"u":"32,04 €/KG","img":"https://fd5-photos.leclercdrive.fr/image.ashx?id=2991190&use=l&cat=p&typeid=i","cat":304252},{"id":266244,"n":"Bonbons La Vosgienne Menthol Eucalyptus - 46g","p":1.82,"u":"39,57 €/KG","img":"https://fd5-photos.leclercdrive.fr/image.ashx?id=2979054&use=l&cat=p&typeid=i","cat":304252},{"id":266276,"n":"Pâtes fraîches Rana Poulet rôti au citron 250g","p":2.53,"u":"10,12 €/KG","img":"https://fd5-photos.leclercdrive.fr/image.ashx?id=2889934&use=l&cat=p&typeid=i","cat":326550},{"id":266445,"n":"Lessive capsules Ariel Pods+ Active - 554g - x26","p":12.39,"u":"22,36 €/KG","img":"https://fd5-photos.leclercdrive.fr/image.ashx?id=2914843&use=l&cat=p&typeid=i","cat":284641},{"id":266449,"n":"Lessive capsules Ariel Pods Grandiose Alpine x21 - 762g","p":12.24,"u":"16,06 €/KG","img":"https://fd5-photos.leclercdrive.fr/image.ashx?id=2970245&use=l&cat=p&typeid=i","cat":284641},{"id":266461,"n":"Vin Rouge Le Cube  BIB - 3L","p":8.75,"u":"2,92 €/L","img":"https://fd5-photos.leclercdrive.fr/image.ashx?id=2914492&use=l&cat=p&typeid=i","cat":289560},{"id":266465,"n":"Lessive liquide Skip Bébé - 1.47L x35","p":12.93,"u":"8,80 €/L","img":"https://fd5-photos.leclercdrive.fr/image.ashx?id=2971787&use=l&cat=p&typeid=i","cat":284640},{"id":266466,"n":"Lessive capsules Ariel Pods+ Ultra détachant - 606g x26","p":13.93,"u":"22,99 €/KG","img":"https://fd5-photos.leclercdrive.fr/image.ashx?id=2914846&use=l&cat=p&typeid=i","cat":284641},{"id":266554,"n":"Mozzarella vache Casa Azzurra Cylindre - 250g","p":1.84,"u":"7,36 €/KG","img":"https://fd5-photos.leclercdrive.fr/image.ashx?id=2050339&use=l&cat=p&typeid=i","cat":326550},{"id":266633,"n":"Dentrifrice Oral-B Pro Expert Protection - 2x75ml","p":4.69,"u":"31,27 €/L","img":"https://fd5-photos.leclercdrive.fr/image.ashx?id=2938286&use=l&cat=p&typeid=i","cat":284612},{"id":266634,"n":"Oral B Pro Expert Nettoyage Intense - 2x75ml","p":5.5,"u":"36,67 €/L","img":"https://fd5-photos.leclercdrive.fr/image.ashx?id=2966152&use=l&cat=p&typeid=i","cat":284612},{"id":266635,"n":"Dentrifrice Oral-B Pro Expert Dents Sensibles - 2x75ml","p":5.5,"u":"36,67 €/L","img":"https://fd5-photos.leclercdrive.fr/image.ashx?id=2966155&use=l&cat=p&typeid=i","cat":284612},{"id":266637,"n":"Oral B Pro Expert Blancheur Saine - 2x75ml","p":5.5,"u":"36,67 €/L","img":"https://fd5-photos.leclercdrive.fr/image.ashx?id=2938289&use=l&cat=p&typeid=i","cat":284612},{"id":266665,"n":"Biscuits Gullon Goûter fourré Méga Duo - 300g","p":1.35,"u":"4,50 €/KG","img":"https://fd5-photos.leclercdrive.fr/image.ashx?id=2914795&use=l&cat=p&typeid=i","cat":284488},{"id":266701,"n":"Mini biscuits  P'tit Déli Rond enrobé Chocolat blanc 128g","p":1.45,"u":"11,33 €/KG","img":"https://fd5-photos.leclercdrive.fr/image.ashx?id=2942244&use=l&cat=p&typeid=i","cat":284488},{"id":266704,"n":"Barres chocolatées Knoppers Lait Noisette - x5 - 200g","p":2.18,"u":"10,90 €/KG","img":"https://fd5-photos.leclercdrive.fr/image.ashx?id=2967609&use=l&cat=p&typeid=i","cat":284498},{"id":266706,"n":"Pain de mie La Boulangère Complet & graines - 500g","p":1.88,"u":"3,76 €/KG","img":"https://fd5-photos.leclercdrive.fr/image.ashx?id=2926693&use=l&cat=p&typeid=i","cat":284477},{"id":266721,"n":"Chips Croky Paprika - 150g","p":1.25,"u":"8,33 €/KG","img":"https://fd5-photos.leclercdrive.fr/image.ashx?id=2920271&use=l&cat=p&typeid=i","cat":284447},{"id":266724,"n":"Chips Partymix Croky 6x30g","p":2.13,"u":"11,83 €/KG","img":"https://fd5-photos.leclercdrive.fr/image.ashx?id=2920265&use=l&cat=p&typeid=i","cat":284447},{"id":266725,"n":"Chips Croky Bicky - 150g","p":1.09,"u":"7,27 €/KG","img":"https://fd5-photos.leclercdrive.fr/image.ashx?id=2920268&use=l&cat=p&typeid=i","cat":284447},{"id":266726,"n":"Chips Croky Ketchup - 150g","p":1.25,"u":"8,33 €/KG","img":"https://fd5-photos.leclercdrive.fr/image.ashx?id=2920277&use=l&cat=p&typeid=i","cat":284447},{"id":266727,"n":"Chips Croky Pickles - 150g","p":1.25,"u":"8,33 €/KG","img":"https://fd5-photos.leclercdrive.fr/image.ashx?id=2920280&use=l&cat=p&typeid=i","cat":284447},{"id":266729,"n":"Chips Croky Bolognese - 150g","p":1.23,"u":"8,20 €/KG","img":"https://fd5-photos.leclercdrive.fr/image.ashx?id=2920274&use=l&cat=p&typeid=i","cat":284447},{"id":266755,"n":"Gel détartrant Canard WC Ecolabel - 750ml","p":2.47,"pp":1.63,"u":"2,17 €/L","img":"https://fd5-photos.leclercdrive.fr/image.ashx?id=2916390&use=l&cat=p&typeid=i","cat":284662},{"id":267004,"n":"Soda Coca Cola Cherry Canette 6x20cl","p":3.97,"u":"3,31 €/L","img":"https://fd5-photos.leclercdrive.fr/image.ashx?id=2916438&use=l&cat=p&typeid=i","cat":284530},{"id":267010,"n":"Farine pois chiches Happy Bio 500g","p":3.7,"u":"7,40 €/KG","img":"https://fd5-photos.leclercdrive.fr/image.ashx?id=2916039&use=l&cat=p&typeid=i","cat":284503},{"id":267011,"n":"Farine d'avoine Happy Bio Complète - 500g","p":3.99,"u":"7,98 €/KG","img":"https://fd5-photos.leclercdrive.fr/image.ashx?id=2916042&use=l&cat=p&typeid=i","cat":284503},{"id":267018,"n":"Tablette chocolat Tablette d'Or Lait et noisette - 100g","p":1.49,"u":"14,90 €/KG","img":"https://fd5-photos.leclercdrive.fr/image.ashx?id=2943085&use=l&cat=p&typeid=i","cat":284497},{"id":267162,"n":"Papier toilette Le Trèfle Douceur bambou - x18","p":15.31,"img":"https://fd5-photos.leclercdrive.fr/image.ashx?id=2916471&use=l&cat=p&typeid=i","cat":323290},{"id":267203,"n":"Porp Corn salés Tokapi Pop-Box - x2 - 180g","p":1.61,"u":"8,94 €/KG","img":"https://fd5-photos.leclercdrive.fr/image.ashx?id=2915660&use=l&cat=p&typeid=i","cat":304249},{"id":267240,"n":"Soin sans rinçage Nuxe Hair Prodigieux - 100ml","p":18.9,"u":"189,00 €/L","img":"https://fd5-photos.leclercdrive.fr/image.ashx?id=2919286&use=l&cat=p&typeid=i","cat":290399},{"id":267332,"n":"Adoucissant Cajoline Créations Souffle de fraîcheur 1.386L x66","p":5.71,"u":"4,12 €/L","img":"https://fd5-photos.leclercdrive.fr/image.ashx?id=2917109&use=l&cat=p&typeid=i","cat":284650},{"id":267333,"n":"Adoucissant Cajoline Créations Fleur de tiaré & Pivoine 1.386L","p":5.44,"u":"3,92 €/L","img":"https://fd5-photos.leclercdrive.fr/image.ashx?id=2917112&use=l&cat=p&typeid=i","cat":284650},{"id":267335,"n":"Adoucissant Cajoline Créations Lavande & Rose blanche 1.386L","p":4.15,"u":"2,99 €/L","img":"https://fd5-photos.leclercdrive.fr/image.ashx?id=2917115&use=l&cat=p&typeid=i","cat":284650},{"id":267336,"n":"Adoucissant Cajoline Doux & Pur L'original - 1.386L x66","p":4.31,"u":"3,11 €/L","img":"https://fd5-photos.leclercdrive.fr/image.ashx?id=2917118&use=l&cat=p&typeid=i","cat":284650},{"id":267339,"n":"Adoucissant Cajoline Origines Fraîcheur Céleste 1.254L x66","p":5.76,"u":"4,59 €/L","img":"https://fd5-photos.leclercdrive.fr/image.ashx?id=2917121&use=l&cat=p&typeid=i","cat":284650},{"id":267341,"n":"Adoucissant Cajoline Elixir Bouquet estival - 460ml","p":6.97,"u":"15,15 €/L","img":"https://fd5-photos.leclercdrive.fr/image.ashx?id=2940672&use=l&cat=p&typeid=i","cat":284650},{"id":267342,"n":"Adoucissant liquide Cajoline Elixir Brise printanière 460ml","p":6.85,"u":"14,89 €/L","img":"https://fd5-photos.leclercdrive.fr/image.ashx?id=3000896&use=l&cat=p&typeid=i","cat":284650},{"id":267352,"n":"IGP Pays d'Oc moelleux Miss Anais 75cl","p":6.15,"pp":4.3,"u":"5,73 €/L","img":"https://fd5-photos.leclercdrive.fr/image.ashx?id=2916776&use=l&cat=p&typeid=i","cat":289557},{"id":267371,"n":"Adoucissant Cajoline Créations Fleur de la passion 1.386L x66","p":4.34,"u":"3,13 €/L","img":"https://fd5-photos.leclercdrive.fr/image.ashx?id=2918107&use=l&cat=p&typeid=i","cat":284650},{"id":267388,"n":"Adoucissant liquide Cajoline Elixir Fraîcheur Céleste 460ml","p":6.87,"u":"14,93 €/L","img":"https://fd5-photos.leclercdrive.fr/image.ashx?id=2918113&use=l&cat=p&typeid=i","cat":284650},{"id":267391,"n":"Adoucissant Cajoline Origines Brise printanière 1.254L x66","p":6.85,"u":"5,46 €/L","img":"https://fd5-photos.leclercdrive.fr/image.ashx?id=2918110&use=l&cat=p&typeid=i","cat":284650},{"id":267399,"n":"Vin de France La vieille ferme Rouge - 75cl","p":4.25,"u":"5,67 €/L","img":"https://fd5-photos.leclercdrive.fr/image.ashx?id=2989195&use=l&cat=p&typeid=i","cat":289556},{"id":267403,"n":"Vin de France La vieille ferme Blanc - 75cl","p":4.25,"u":"5,67 €/L","img":"https://fd5-photos.leclercdrive.fr/image.ashx?id=2989201&use=l&cat=p&typeid=i","cat":289557},{"id":267410,"n":"Jus de pamplemousse Tropicana Rose Ruby - 1L","p":2.88,"u":"2,88 €/L","img":"https://fd5-photos.leclercdrive.fr/image.ashx?id=3010825&use=l&cat=p&typeid=i","cat":284914},{"id":267661,"n":"Coq'ailes Maître Coq Grillé - 250g","p":2.47,"u":"9,88 €/KG","img":"https://fd5-photos.leclercdrive.fr/image.ashx?id=2848794&use=l&cat=p&typeid=i","cat":326550},{"id":267988,"n":"Jus de clémentine Innocent 750ml","p":2.25,"u":"3,00 €/L","img":"https://fd5-photos.leclercdrive.fr/image.ashx?id=2926066&use=l&cat=p&typeid=i","cat":284354},{"id":268005,"n":"Jambon cru Serrano Aoste  4 tranches - 67g","p":2.32,"u":"34,63 €/KG","img":"https://fd5-photos.leclercdrive.fr/image.ashx?id=2939844&use=l&cat=p&typeid=i","cat":316007},{"id":268010,"n":"Skyr Délisse Vanille 4x100g","p":1.89,"u":"4,73 €/KG","img":"https://fd5-photos.leclercdrive.fr/image.ashx?id=2992606&use=l&cat=p&typeid=i","cat":315000},{"id":268011,"n":"Skyr Délisse Fruits rouges 4x100g","p":1.87,"u":"4,68 €/KG","img":"https://fd5-photos.leclercdrive.fr/image.ashx?id=2992609&use=l&cat=p&typeid=i","cat":315000},{"id":268029,"n":"Culottes Pampers Baby-dry Pants Taille 7 - x29","p":14.94,"u":"0,52 €/P","img":"https://fd5-photos.leclercdrive.fr/image.ashx?id=2919934&use=l&cat=p&typeid=i","cat":290633},{"id":268030,"n":"Culottes Pampers Premium Protection Pants - Taille 4 x31","p":15.39,"u":"0,50 €/P","img":"https://fd5-photos.leclercdrive.fr/image.ashx?id=2919937&use=l&cat=p&typeid=i","cat":290633},{"id":268031,"n":"Jus multifruits Andros La vie en jaune 90cl","p":2.91,"u":"3,23 €/L","img":"https://fd5-photos.leclercdrive.fr/image.ashx?id=2919853&use=l&cat=p&typeid=i","cat":284354},{"id":268033,"n":"Couches Pampers Harmonie Taille 2 - x50","p":17.75,"u":"0,36 €/P","img":"https://fd5-photos.leclercdrive.fr/image.ashx?id=2919940&use=l&cat=p&typeid=i","cat":284737},{"id":268038,"n":"Couches Pampers Baby-dry Taille 4 - x43","p":14.94,"u":"0,35 €/P","img":"https://fd5-photos.leclercdrive.fr/image.ashx?id=2942003&use=l&cat=p&typeid=i","cat":284737},{"id":268041,"n":"Couches Pampers Baby-Dry Taille 2 - x56","p":15.98,"u":"0,29 €/P","img":"https://fd5-photos.leclercdrive.fr/image.ashx?id=2919982&use=l&cat=p&typeid=i","cat":284737},{"id":268050,"n":"Couches Pampers Baby-Dry Taille 6 - x33","p":15.39,"u":"0,47 €/P","img":"https://fd5-photos.leclercdrive.fr/image.ashx?id=2941994&use=l&cat=p&typeid=i","cat":284737},{"id":268052,"n":"Couches Pampers Baby-Dry Taille 5+ - x35","p":15.39,"u":"0,44 €/P","img":"https://fd5-photos.leclercdrive.fr/image.ashx?id=2942006&use=l&cat=p&typeid=i","cat":284737},{"id":268054,"n":"Couches Pampers Baby-Dry Taille 3 - x50","p":14.25,"u":"0,29 €/P","img":"https://fd5-photos.leclercdrive.fr/image.ashx?id=2919988&use=l&cat=p&typeid=i","cat":284737},{"id":268057,"n":"Couches Pampers Premium Protection Taille 2 - x54","p":16.95,"u":"0,31 €/P","img":"https://fd5-photos.leclercdrive.fr/image.ashx?id=2957392&use=l&cat=p&typeid=i","cat":284737},{"id":268058,"n":"Box XXL Radiatori Côté Snack Poulet crème et Emmental 400g","p":2.99,"u":"7,48 €/KG","img":"https://fd5-photos.leclercdrive.fr/image.ashx?id=2918520&use=l&cat=p&typeid=i","cat":334983},{"id":268059,"n":"Couches Pampers Harmonie Taille 4 - x36","p":17.38,"u":"0,48 €/P","img":"https://fd5-photos.leclercdrive.fr/image.ashx?id=2941976&use=l&cat=p&typeid=i","cat":284737},{"id":268174,"n":"Culottes Pampers Night Pants Taille 6 - x30","p":15.39,"u":"0,51 €/P","img":"https://fd5-photos.leclercdrive.fr/image.ashx?id=2919952&use=l&cat=p&typeid=i","cat":290633},{"id":268180,"n":"Culottes Pampers Premium Protection Pants - Taille 6 x27","p":16.61,"u":"0,62 €/P","img":"https://fd5-photos.leclercdrive.fr/image.ashx?id=3009248&use=l&cat=p&typeid=i","cat":290633},{"id":268187,"n":"Couches Pampers Premium Protection - Taille 6 x29","p":15.88,"u":"0,55 €/P","img":"https://fd5-photos.leclercdrive.fr/image.ashx?id=2919997&use=l&cat=p&typeid=i","cat":284737},{"id":268189,"n":"Couches Pampers Premium Protection Taille 3 x46","p":16.9,"u":"0,37 €/P","img":"https://fd5-photos.leclercdrive.fr/image.ashx?id=2991009&use=l&cat=p&typeid=i","cat":284737},{"id":268190,"n":"Couches Pampers Premium Protection Taille 5 x33","p":17.14,"u":"0,52 €/P","img":"https://fd5-photos.leclercdrive.fr/image.ashx?id=2991012&use=l&cat=p&typeid=i","cat":284737},{"id":268234,"n":"Spaghetti Barilla  Protein + - 400g","p":2.01,"u":"5,03 €/KG","img":"https://fd5-photos.leclercdrive.fr/image.ashx?id=2919931&use=l&cat=p&typeid=i","cat":284427},{"id":268345,"n":"Biscuits fourrés BN Chocolat caramel - x3 - 855g","p":6.44,"u":"7,53 €/KG","img":"https://fd5-photos.leclercdrive.fr/image.ashx?id=2921474&use=l&cat=p&typeid=i","cat":284488},{"id":268346,"n":"Biscuits BN fourrés chocolat à la pâte à tartiner- x3 - 855g","p":6.44,"u":"7,53 €/KG","img":"https://fd5-photos.leclercdrive.fr/image.ashx?id=2921477&use=l&cat=p&typeid=i","cat":284488},{"id":268347,"n":"Pétales snacks Tokapi Goût crème oignon - 75g","p":0.89,"u":"11,87 €/KG","img":"https://fd5-photos.leclercdrive.fr/image.ashx?id=2920241&use=l&cat=p&typeid=i","cat":284449},{"id":268378,"n":"Steak de boeuf ** L'Atelier Boucherie x1 - 140g","p":2.99,"u":"21,36 €/KG","img":"https://fd5-photos.leclercdrive.fr/image.ashx?id=2930570&use=l&cat=p&typeid=i","cat":284328},{"id":268386,"n":"Côte de porc sans os L'Atelier Boucherie x2 - 200g","p":2.19,"u":"10,95 €/KG","img":"https://fd5-photos.leclercdrive.fr/image.ashx?id=2930603&use=l&cat=p&typeid=i","cat":284331},{"id":268389,"n":"Poitrine de porc L'Atelier Boucherie x7 - 600g","p":6.55,"u":"10,92 €/KG","img":"https://fd5-photos.leclercdrive.fr/image.ashx?id=2930579&use=l&cat=p&typeid=i","cat":284331},{"id":268460,"n":"Disque gel WC Nicols Océan - 10 doses","p":2.29,"u":"21,81 €/KG","img":"https://fd5-photos.leclercdrive.fr/image.ashx?id=2922140&use=l&cat=p&typeid=i","cat":284662},{"id":268461,"n":"Disque gel WC Nicols Citron - 10 doses","p":2.29,"u":"21,81 €/KG","img":"https://fd5-photos.leclercdrive.fr/image.ashx?id=2922137&use=l&cat=p&typeid=i","cat":284662},{"id":268465,"n":"Pepsi pack de 6 canettes  6x33cl","p":3.08,"u":"1,56 €/L","img":"https://fd5-photos.leclercdrive.fr/image.ashx?id=2921540&use=l&cat=p&typeid=i","cat":284530},{"id":268468,"n":"Thé glacé Lipton Framboise  1.75L","p":2.07,"u":"1,18 €/L","img":"https://fd5-photos.leclercdrive.fr/image.ashx?id=2921103&use=l&cat=p&typeid=i","cat":295019},{"id":268473,"n":"Chips Lay's Paysanne Tapenade 120g","p":1.59,"u":"13,25 €/KG","img":"https://fd5-photos.leclercdrive.fr/image.ashx?id=2921543&use=l&cat=p&typeid=i","cat":284447},{"id":268514,"n":"Dentifrice Oral B Expert Blanchiment doux 3x75ml","p":7.48,"u":"4,99 €/L","img":"https://fd5-photos.leclercdrive.fr/image.ashx?id=2920889&use=l&cat=p&typeid=i","cat":284612},{"id":268765,"n":"Dentifrice Oral B Pro Expert Dents sensibles - 3x75ml","p":7.48,"u":"33,24 €/L","img":"https://fd5-photos.leclercdrive.fr/image.ashx?id=2920966&use=l&cat=p&typeid=i","cat":284612},{"id":268771,"n":"Dentifrice oral B Pro Expert 3x75ml","p":6.59,"u":"29,29 €/L","img":"https://fd5-photos.leclercdrive.fr/image.ashx?id=2920969&use=l&cat=p&typeid=i","cat":284612},{"id":268773,"n":"Dentifrice Oral B Expert Nettoyage intense - 3x75ml","p":6.59,"u":"29,29 €/L","img":"https://fd5-photos.leclercdrive.fr/image.ashx?id=2920972&use=l&cat=p&typeid=i","cat":284612},{"id":268774,"n":"Dentifrice Oral B Pro Expert 75ml","p":2.79,"u":"37,20 €/L","img":"https://fd5-photos.leclercdrive.fr/image.ashx?id=2920960&use=l&cat=p&typeid=i","cat":284612},{"id":268834,"n":"Couches Pampers Premium  Taille 6 - x70","p":35.97,"u":"0,51 €/P","img":"https://fd5-photos.leclercdrive.fr/image.ashx?id=2922254&use=l&cat=p&typeid=i","cat":284737},{"id":269044,"n":"Capsules de café Espresso  L'OR Supremo x40+10 - 260g","p":12.13,"u":"46,65 €/KG","img":"https://fd5-photos.leclercdrive.fr/image.ashx?id=2924932&use=l&cat=p&typeid=i","cat":284749},{"id":269147,"n":"Bâtonnet Côte d'Or vanille Sauce caramel x4 - 276g","p":4.53,"u":"16,41 €/KG","img":"https://fd5-photos.leclercdrive.fr/image.ashx?id=2923867&use=l&cat=p&typeid=i","cat":284265},{"id":269150,"n":"Capsules de Café KitKat Dolce Gusto x16","p":5.29,"u":"0,33 €/P","img":"https://fd5-photos.leclercdrive.fr/image.ashx?id=2924893&use=l&cat=p&typeid=i","cat":293239},{"id":269161,"n":"Lessive liquide Persil  Bouquet de Provence - 1,806L","p":7.79,"u":"4,31 €/L","img":"https://fd5-photos.leclercdrive.fr/image.ashx?id=2924977&use=l&cat=p&typeid=i","cat":284640},{"id":269166,"n":"Lessive liquide Persil  Bouquet de Provence - 2,565L","p":10.2,"u":"3,98 €/L","img":"https://fd5-photos.leclercdrive.fr/image.ashx?id=2924980&use=l&cat=p&typeid=i","cat":284640},{"id":269197,"n":"Lessive liquide Persil  Douceur d'amande - 1.806","p":7.44,"u":"4,12 €/L","img":"https://fd5-photos.leclercdrive.fr/image.ashx?id=2944491&use=l&cat=p&typeid=i","cat":284640},{"id":269335,"n":"Déodorant Adidas Pure game - 150ml","p":3.13,"u":"20,87 €/L","img":"https://fd5-photos.leclercdrive.fr/image.ashx?id=2924290&use=l&cat=p&typeid=i","cat":284618},{"id":269337,"n":"Spray repulsif Primoplast Moustiques - 100ml","p":4.5,"u":"45,00 €/L","img":"https://fd5-photos.leclercdrive.fr/image.ashx?id=2989712&use=l&cat=p&typeid=i","cat":299654},{"id":269386,"n":"Lessive Liquide Persil Peaux Sensibles 43 lavages","p":7.5,"u":"4,15 €/L","img":"https://fd5-photos.leclercdrive.fr/image.ashx?id=2945838&use=l&cat=p&typeid=i","cat":284640},{"id":269798,"n":"Boisson energisante Red Bull Zéro - 4x250ml","p":4.75,"u":"4,75 €/L","img":"https://fd5-photos.leclercdrive.fr/image.ashx?id=3011998&use=l&cat=p&typeid=i","cat":284533},{"id":269812,"n":"Gel nettoyant Garnier  Booster d'éclat - 250ml","p":5.5,"u":"22,00 €/L","img":"https://fd5-photos.leclercdrive.fr/image.ashx?id=2954241&use=l&cat=p&typeid=i","cat":284603},{"id":269844,"n":"Morceaux de sucre Saint Louis 1kg","p":2.73,"u":"2,73 €/KG","img":"https://fd5-photos.leclercdrive.fr/image.ashx?id=2926347&use=l&cat=p&typeid=i","cat":284502},{"id":269948,"n":"Bâtonnets Yeti Milkshake Lait de coco - x8 - 560g","p":3.45,"u":"6,16 €/KG","img":"https://fd5-photos.leclercdrive.fr/image.ashx?id=2926416&use=l&cat=p&typeid=i","cat":285250},{"id":269960,"n":"Mélange fruits secs Sun Mix Grillé vitalité - 160g","p":2.99,"u":"18,69 €/KG","img":"https://fd5-photos.leclercdrive.fr/image.ashx?id=2943891&use=l&cat=p&typeid=i","cat":284357},{"id":270135,"n":"Déodorant Dove Tout le corps Crème Lavande 72H- 75ml","p":5.49,"u":"73,20 €/L","img":"https://fd5-photos.leclercdrive.fr/image.ashx?id=2927738&use=l&cat=p&typeid=i","cat":284595},{"id":270173,"n":"Bâtonnets Nuii Pistache d'Anatolie crème x4 284g","p":4.37,"u":"15,39 €/KG","img":"https://fd5-photos.leclercdrive.fr/image.ashx?id=2927630&use=l&cat=p&typeid=i","cat":284265},{"id":270174,"n":"Barre de céréales Golden Graham 8x25g","p":2.81,"u":"14,05 €/KG","img":"https://fd5-photos.leclercdrive.fr/image.ashx?id=2927627&use=l&cat=p&typeid=i","cat":300032},{"id":270238,"n":"Filets  maquereaux Petit Navire Moutarde - 338g","p":3.49,"u":"10,33 €/KG","img":"https://fd5-photos.leclercdrive.fr/image.ashx?id=2928369&use=l&cat=p&typeid=i","cat":303868},{"id":270302,"n":"Dessert brassé végétal Andros Fruits du Verger - 6x100g","p":2.35,"u":"3,92 €/KG","img":"https://fd5-photos.leclercdrive.fr/image.ashx?id=2855984&use=l&cat=p&typeid=i","cat":326550},{"id":270341,"n":"Lessive en feuilles Dr Beckmann L'essentielle - x60 + 20","p":10.79,"u":"0,13 €/P","img":"https://fd5-photos.leclercdrive.fr/image.ashx?id=2929050&use=l&cat=p&typeid=i","cat":284644},{"id":270344,"n":"Lessive en feuilles Dr Beckmann L'éclatante - x60 + 20","p":10.79,"u":"0,13 €/P","img":"https://fd5-photos.leclercdrive.fr/image.ashx?id=2929053&use=l&cat=p&typeid=i","cat":284644},{"id":270430,"n":"Pain Burgers Pasquier  Le Clasique 4+2 Offerts - 352g","p":1.8,"u":"5,11 €/KG","img":"https://fd5-photos.leclercdrive.fr/image.ashx?id=2928062&use=l&cat=p&typeid=i","cat":325067},{"id":270661,"n":"Ferments lactiques Vahiné Pour yahourt maison -20g","p":2.31,"u":"115,50 €/KG","img":"https://fd5-photos.leclercdrive.fr/image.ashx?id=2930069&use=l&cat=p&typeid=i","cat":284505},{"id":270766,"n":"Eau aromatisée Vittel Aro Fraise framboise - 1L","p":1.19,"u":"1,19 €/L","img":"https://fd5-photos.leclercdrive.fr/image.ashx?id=2940624&use=l&cat=p&typeid=i","cat":284537},{"id":270767,"n":"Eau aromatisée Vittel Aro Fraise framboise - 4x50cl","p":3.28,"u":"3,28 €/L","img":"https://fd5-photos.leclercdrive.fr/image.ashx?id=2940621&use=l&cat=p&typeid=i","cat":284537},{"id":270768,"n":"Eau aromatisée Vittel Aro Pêche abricot - 1L","p":1.19,"u":"1,19 €/L","img":"https://fd5-photos.leclercdrive.fr/image.ashx?id=2940627&use=l&cat=p&typeid=i","cat":284537},{"id":270900,"n":"Fromager saumon fumé Savour 140g","p":2.39,"u":"17,07 €/KG","img":"https://fd5-photos.leclercdrive.fr/image.ashx?id=2992612&use=l&cat=p&typeid=i","cat":315999},{"id":270901,"n":"Fromager échalotes et herbes Savour 140g","p":2.39,"u":"17,07 €/KG","img":"https://fd5-photos.leclercdrive.fr/image.ashx?id=2992615&use=l&cat=p&typeid=i","cat":315999},{"id":270988,"n":"Capsules café L'Or Espresso Brésil N°8 x30","p":9.61,"u":"61,60 €/KG","img":"https://fd5-photos.leclercdrive.fr/image.ashx?id=2938295&use=l&cat=p&typeid=i","cat":284749},{"id":270989,"n":"Barre P'tit Déli Boules choco - 120g","p":1.48,"u":"12,33 €/KG","img":"https://fd5-photos.leclercdrive.fr/image.ashx?id=2930132&use=l&cat=p&typeid=i","cat":300032},{"id":270993,"n":"Petit salé Céréal Bio  260g","p":2.5,"u":"9,62 €/KG","img":"https://fd5-photos.leclercdrive.fr/image.ashx?id=2936107&use=l&cat=p&typeid=i","cat":328010},{"id":271003,"n":"Tofu aux herbes Céréal Bio 250g","p":2.82,"u":"11,28 €/KG","img":"https://fd5-photos.leclercdrive.fr/image.ashx?id=2936113&use=l&cat=p&typeid=i","cat":328010},{"id":271005,"n":"Riz Ben's Original Micro-ondables long grain  450g","p":2.47,"u":"5,49 €/KG","img":"https://fd5-photos.leclercdrive.fr/image.ashx?id=2937634&use=l&cat=p&typeid=i","cat":287600},{"id":271010,"n":"Barre protéinée Gerlinéa Cacahuète et chocolat - 45g","p":1.67,"u":"37,11 €/KG","img":"https://fd5-photos.leclercdrive.fr/image.ashx?id=2936092&use=l&cat=p&typeid=i","cat":318652},{"id":271016,"n":"Biscuit Gerblé Amande - 210g","p":1.74,"u":"8,29 €/KG","img":"https://fd5-photos.leclercdrive.fr/image.ashx?id=2936101&use=l&cat=p&typeid=i","cat":284487},{"id":271017,"n":"Barre matin Gerblé Abricot sésame -120g","p":1.87,"u":"15,58 €/KG","img":"https://fd5-photos.leclercdrive.fr/image.ashx?id=2999249&use=l&cat=p&typeid=i","cat":300032},{"id":271047,"n":"Pinsa Harry's 230g","p":3.34,"u":"14,52 €/KG","img":"https://fd5-photos.leclercdrive.fr/image.ashx?id=2936377&use=l&cat=p&typeid=i","cat":284359},{"id":271073,"n":"Déodorant Invisible Care Dove  0% alcool 2x200ml","p":4.56,"u":"11,40 €/L","img":"https://fd5-photos.leclercdrive.fr/image.ashx?id=2938346&use=l&cat=p&typeid=i","cat":284595},{"id":271074,"n":"Déodorant Original Dove 2x200ml","p":4.56,"u":"11,40 €/L","img":"https://fd5-photos.leclercdrive.fr/image.ashx?id=2938343&use=l&cat=p&typeid=i","cat":284595},{"id":271239,"n":"Chocolat Rocher Poulain Lait - 7x32g","p":2.59,"u":"11,56 €/KG","img":"https://fd5-photos.leclercdrive.fr/image.ashx?id=2937409&use=l&cat=p&typeid=i","cat":284499},{"id":271240,"n":"Rocher Poulain Chocolat noir - x7 - 224g","p":2.77,"u":"12,37 €/KG","img":"https://fd5-photos.leclercdrive.fr/image.ashx?id=2963463&use=l&cat=p&typeid=i","cat":284499},{"id":271245,"n":"Ramette de papier A4 75g Eco+ - 500 feuilles","p":3.57,"u":"0,01 €/P","img":"https://fd5-photos.leclercdrive.fr/image.ashx?id=2943142&use=l&cat=p&typeid=i","cat":284697},{"id":271277,"n":"Preparation crème glacée Vanille bourbon - 200g","p":2.87,"u":"14,35 €/KG","img":"https://fd5-photos.leclercdrive.fr/image.ashx?id=2936332&use=l&cat=p&typeid=i","cat":284505},{"id":271278,"n":"Arrangé vanille bourbon  Isautier 37° - 50cl","p":16.84,"u":"33,68 €/L","img":"https://fd5-photos.leclercdrive.fr/image.ashx?id=2938433&use=l&cat=p&typeid=i","cat":284551},{"id":271284,"n":"Préparation creme glacée Vahiné Chocolat noir - 210g","p":2.71,"u":"12,90 €/KG","img":"https://fd5-photos.leclercdrive.fr/image.ashx?id=2936335&use=l&cat=p&typeid=i","cat":284505},{"id":271285,"n":"Pepites de chocolat Vahiné  Brownies - 310g","p":2.96,"u":"9,55 €/KG","img":"https://fd5-photos.leclercdrive.fr/image.ashx?id=2936320&use=l&cat=p&typeid=i","cat":284505},{"id":271437,"n":"Feuilles simples Clairefontaine 90g - x300 - 21x29.7cm","p":3.88,"img":"https://fd5-photos.leclercdrive.fr/image.ashx?id=3008032&use=l&cat=p&typeid=i","cat":284697},{"id":271449,"n":"Cookies chunks Vahiné 3 chocolats - 330g","p":3.17,"u":"9,61 €/KG","img":"https://fd5-photos.leclercdrive.fr/image.ashx?id=2936329&use=l&cat=p&typeid=i","cat":284505},{"id":271459,"n":"Papier toilette Le Trèfle Ultra Care x6","p":3.78,"u":"0,63 €/P","img":"https://fd5-photos.leclercdrive.fr/image.ashx?id=2974042&use=l&cat=p&typeid=i","cat":284634},{"id":271496,"n":"Choux de bruxelles  530g","p":1.75,"u":"3,30 €/KG","img":"https://fd5-photos.leclercdrive.fr/image.ashx?id=2931956&use=l&cat=p&typeid=i","cat":312611},{"id":271513,"n":"Ramen Tables du Monde 362g","p":2.47,"u":"6,82 €/KG","img":"https://fd5-photos.leclercdrive.fr/image.ashx?id=2931974&use=l&cat=p&typeid=i","cat":288992},{"id":271515,"n":"Ramen Tables du Monde Boeuf - 362g","p":2.47,"u":"6,82 €/KG","img":"https://fd5-photos.leclercdrive.fr/image.ashx?id=2931977&use=l&cat=p&typeid=i","cat":288992},{"id":271855,"n":"Lasagnes végé bolognaise Fleury Michon 300g","p":3.77,"u":"12,57 €/KG","img":"https://fd5-photos.leclercdrive.fr/image.ashx?id=2939640&use=l&cat=p&typeid=i","cat":316036},{"id":271856,"n":"Hachis végé parmentier Fleury Michon 300g","p":3.73,"u":"12,43 €/KG","img":"https://fd5-photos.leclercdrive.fr/image.ashx?id=2939643&use=l&cat=p&typeid=i","cat":316036},{"id":271857,"n":"Chili végé à la Mexicaine Fleury Michon 300g","p":3.73,"u":"12,43 €/KG","img":"https://fd5-photos.leclercdrive.fr/image.ashx?id=2939646&use=l&cat=p&typeid=i","cat":316036},{"id":271971,"n":"Déodorant bille Sanex Natur  Protect Aloe vera 50ml","p":3.83,"u":"76,60 €/L","img":"https://fd5-photos.leclercdrive.fr/image.ashx?id=2938310&use=l&cat=p&typeid=i","cat":284595},{"id":271982,"n":"Dentifrice Blancheur Signal White Now 3en1 Charbon 75ml","p":4.62,"u":"61,60 €/L","img":"https://fd5-photos.leclercdrive.fr/image.ashx?id=2938340&use=l&cat=p&typeid=i","cat":284612},{"id":271995,"n":"Dentifrice Sensodyne  Sensibilité & gencives 75ml","p":4.47,"u":"59,60 €/L","img":"https://fd5-photos.leclercdrive.fr/image.ashx?id=2937799&use=l&cat=p&typeid=i","cat":284612},{"id":271998,"n":"Dentifrice Sensodyne Multi-protection 75ml","p":4.56,"u":"60,80 €/L","img":"https://fd5-photos.leclercdrive.fr/image.ashx?id=2937802&use=l&cat=p&typeid=i","cat":284612},{"id":272116,"n":"Chips Savour Poivre noir - 120g","p":1.65,"u":"13,75 €/KG","img":"https://fd5-photos.leclercdrive.fr/image.ashx?id=2933470&use=l&cat=p&typeid=i","cat":284447},{"id":272119,"n":"Doypack  basmati Taureau Ailé Curry vert - 220g","p":1.73,"u":"7,86 €/KG","img":"https://fd5-photos.leclercdrive.fr/image.ashx?id=2948240&use=l&cat=p&typeid=i","cat":287600},{"id":272145,"n":"Latté Kitkat Nescafé  273g","p":4.95,"u":"18,13 €/KG","img":"https://fd5-photos.leclercdrive.fr/image.ashx?id=2952178&use=l&cat=p&typeid=i","cat":284843},{"id":272149,"n":"Roquefort AOP Société Fromage de brebis - 100g","p":1.9,"u":"19,00 €/KG","img":"https://fd5-photos.leclercdrive.fr/image.ashx?id=2729683&use=l&cat=p&typeid=i","cat":326550},{"id":272351,"n":"Masque Sérum Garnier Hyaluron+  Répare tissus x1","p":2.75,"img":"https://fd5-photos.leclercdrive.fr/image.ashx?id=2986657&use=l&cat=p&typeid=i","cat":325346},{"id":272581,"n":"Yaourts châtaignes Bio village Bio au lait de brebis - 2x125g","p":1.16,"u":"4,64 €/KG","img":"https://fd5-photos.leclercdrive.fr/image.ashx?id=2658593&use=l&cat=p&typeid=i","cat":326550},{"id":272844,"n":"Boisson hydratation Prime Lemonade - 500ml","p":1.93,"u":"3,86 €/L","img":"https://fd5-photos.leclercdrive.fr/image.ashx?id=2964000&use=l&cat=p&typeid=i","cat":284533},{"id":272976,"n":"Copies doubles Clairefontaine Perforées  21x29.7cm- 300 pages","p":3.88,"img":"https://fd5-photos.leclercdrive.fr/image.ashx?id=2938632&use=l&cat=p&typeid=i","cat":284697},{"id":272977,"n":"Surligneurs Stabilo Boss original x7","p":8.5,"img":"https://fd5-photos.leclercdrive.fr/image.ashx?id=2938800&use=l&cat=p&typeid=i","cat":284696},{"id":273361,"n":"Apér'idées Mimolette 150g","p":1.98,"u":"13,20 €/KG","img":"https://fd5-photos.leclercdrive.fr/image.ashx?id=2391762&use=l&cat=p&typeid=i","cat":326550},{"id":273424,"n":"Boisson petillante Perrier Citron - 6x1L","p":5.4,"u":"0,90 €/L","img":"https://fd5-photos.leclercdrive.fr/image.ashx?id=2948522&use=l&cat=p&typeid=i","cat":284536},{"id":273426,"n":"Boisson énergisante Crazy Tiger 35cl","p":0.99,"u":"2,83 €/L","img":"https://fd5-photos.leclercdrive.fr/image.ashx?id=2955032&use=l&cat=p&typeid=i","cat":284533},{"id":273444,"n":"Riz Taureau Ailé 2x500g","p":3.15,"u":"3,15 €/KG","img":"https://fd5-photos.leclercdrive.fr/image.ashx?id=2963745&use=l&cat=p&typeid=i","cat":284428},{"id":273764,"n":"Harpic Power plus Original - 1L","p":2.57,"u":"2,57 €/L","img":"https://fd5-photos.leclercdrive.fr/image.ashx?id=2946217&use=l&cat=p&typeid=i","cat":284662},{"id":273765,"n":"Harpic Power plus Marine - 1L","p":2.57,"u":"2,57 €/L","img":"https://fd5-photos.leclercdrive.fr/image.ashx?id=2948174&use=l&cat=p&typeid=i","cat":284662},{"id":273785,"n":"Yaourts de Savoie NRT  Pêche Abricot - 4x150g","p":1.64,"u":"2,73 €/KG","img":"https://fd5-photos.leclercdrive.fr/image.ashx?id=2920806&use=l&cat=p&typeid=i","cat":326550},{"id":273822,"n":"Oignon rouge Eco+ 500g","p":0.99,"u":"1,98 €/KG","img":"https://fd5-photos.leclercdrive.fr/image.ashx?id=2942048&use=l&cat=p&typeid=i","cat":284352},{"id":273844,"n":"Duo de petits récipients Monbento - 2x100ml","p":11.0,"img":"https://fd5-photos.leclercdrive.fr/image.ashx?id=2943009&use=l&cat=p&typeid=i","cat":334134},{"id":273845,"n":"Gourde aluminium Monbento 650ml","p":15.0,"img":"https://fd5-photos.leclercdrive.fr/image.ashx?id=3005742&use=l&cat=p&typeid=i","cat":284710},{"id":273854,"n":"Boîte repas Monbento 2 étages - x1","p":38.0,"img":"https://fd5-photos.leclercdrive.fr/image.ashx?id=3005787&use=l&cat=p&typeid=i","cat":284710},{"id":273856,"n":"Boîte de conservation Monbento Rectangulaire - 2600ml","p":28.0,"img":"https://fd5-photos.leclercdrive.fr/image.ashx?id=3005724&use=l&cat=p&typeid=i","cat":284710},{"id":273859,"n":"Boîte repas Monbento 1 étage","p":28.0,"img":"https://fd5-photos.leclercdrive.fr/image.ashx?id=3005745&use=l&cat=p&typeid=i","cat":284710},{"id":273863,"n":"LE NATURE AU LAIT DE BREBIS 4x110g SOIGNON","p":1.77,"u":"4,02 €/KG","img":"https://fd5-photos.leclercdrive.fr/image.ashx?id=2948111&use=l&cat=p&typeid=i","cat":326550},{"id":273864,"n":"Capsules lave-vaisselle Finish Ultimate - x57 - 735g","p":11.88,"pp":7.13,"u":"9,70 €/KG","img":"https://fd5-photos.leclercdrive.fr/image.ashx?id=3011593&use=l&cat=p&typeid=i","cat":284656},{"id":274035,"n":"Bière rouge Jenlain 75cl","p":3.33,"u":"4,44 €/L","img":"https://fd5-photos.leclercdrive.fr/image.ashx?id=2944002&use=l&cat=p&typeid=i","cat":334852},{"id":274074,"n":"AOC Médoc vin rouge Bordeaux Château L'Estran - 75cl","p":7.95,"pp":5.25,"u":"7,00 €/L","img":"https://fd5-photos.leclercdrive.fr/image.ashx?id=2944248&use=l&cat=p&typeid=i","cat":289556},{"id":274079,"n":"Martini Bianco 1.5L","p":12.75,"u":"8,50 €/L","img":"https://fd5-photos.leclercdrive.fr/image.ashx?id=2997265&use=l&cat=p&typeid=i","cat":286032},{"id":274080,"n":"Martini Rosso 1.5L","p":12.75,"u":"8,50 €/L","img":"https://fd5-photos.leclercdrive.fr/image.ashx?id=2997268&use=l&cat=p&typeid=i","cat":286032},{"id":274116,"n":"Nuggets de poulet Maître Coq 400g","p":3.43,"u":"8,58 €/KG","img":"https://fd5-photos.leclercdrive.fr/image.ashx?id=2943969&use=l&cat=p&typeid=i","cat":333684},{"id":274202,"n":"Carottes baie du Mont St-Michel Nos Régions ont du Talent 1kg","p":1.99,"u":"1,99 €/KG","img":"https://fd5-photos.leclercdrive.fr/image.ashx?id=2943024&use=l&cat=p&typeid=i","cat":284352},{"id":274304,"n":"Petits suisses aux fruits bio Les 2 vaches - 12x50g","p":2.5,"u":"4,17 €/KG","img":"https://fd5-photos.leclercdrive.fr/image.ashx?id=2774103&use=l&cat=p&typeid=i","cat":326550},{"id":274346,"n":"Sucre de canne Saint Louis Morceaux secables 1kg","p":2.59,"u":"2,59 €/KG","img":"https://fd5-photos.leclercdrive.fr/image.ashx?id=2943966&use=l&cat=p&typeid=i","cat":284502},{"id":274347,"n":"Sauté de veau William Saurin Legumes - 280g","p":3.05,"u":"10,89 €/KG","img":"https://fd5-photos.leclercdrive.fr/image.ashx?id=2943984&use=l&cat=p&typeid=i","cat":284953},{"id":274348,"n":"Recettes terrine Lily's Kitchen 6x150g","p":9.37,"u":"10,41 €/KG","img":"https://fd5-photos.leclercdrive.fr/image.ashx?id=2944350&use=l&cat=p&typeid=i","cat":284673},{"id":274384,"n":"Pâtée pour chien Lily's Kitchen Poulet et légumes - 400g","p":3.57,"u":"8,93 €/KG","img":"https://fd5-photos.leclercdrive.fr/image.ashx?id=2944927&use=l&cat=p&typeid=i","cat":288578},{"id":274385,"n":"Friandises Lily's Kitchen au boeuf - 70g","p":3.67,"u":"52,43 €/KG","img":"https://fd5-photos.leclercdrive.fr/image.ashx?id=2944930&use=l&cat=p&typeid=i","cat":294527},{"id":274395,"n":"Friandises Lily's Kitchen Poulet et Saumon - 70g","p":2.85,"u":"40,71 €/KG","img":"https://fd5-photos.leclercdrive.fr/image.ashx?id=2944936&use=l&cat=p&typeid=i","cat":294527},{"id":274403,"n":"Friandises Lily's Kitchen  au Canard - 70g","p":2.85,"u":"40,71 €/KG","img":"https://fd5-photos.leclercdrive.fr/image.ashx?id=2944939&use=l&cat=p&typeid=i","cat":294527},{"id":274409,"n":"Pâtée pour chien Lily's Kitchen Chevreuil, Faisan Saumon - 400g","p":3.57,"u":"8,93 €/KG","img":"https://fd5-photos.leclercdrive.fr/image.ashx?id=2944942&use=l&cat=p&typeid=i","cat":288578},{"id":274410,"n":"Terrine Lily's Kitchen  Boeuf et légumes - 150g","p":1.63,"u":"10,87 €/KG","img":"https://fd5-photos.leclercdrive.fr/image.ashx?id=2944945&use=l&cat=p&typeid=i","cat":284673},{"id":274414,"n":"Terrine Lily's Kitchen Poulet, Dinde et légumes - 150g","p":1.75,"u":"11,67 €/KG","img":"https://fd5-photos.leclercdrive.fr/image.ashx?id=2944948&use=l&cat=p&typeid=i","cat":284673},{"id":274415,"n":"Terrine Lily's Kitchen Agneau, Légumes, Myrtille- 150g","p":1.74,"u":"1,16 €/L","img":"https://fd5-photos.leclercdrive.fr/image.ashx?id=2944951&use=l&cat=p&typeid=i","cat":284673},{"id":274419,"n":"Pain au lait La Boulangère  Pepites de chocolats - 280g","p":2.88,"u":"10,29 €/KG","img":"https://fd5-photos.leclercdrive.fr/image.ashx?id=2944879&use=l&cat=p&typeid=i","cat":294673},{"id":274421,"n":"Compotes Pom'Potes Pomme  Poire Banane - x4 - 360g","p":2.19,"u":"6,08 €/KG","img":"https://fd5-photos.leclercdrive.fr/image.ashx?id=2949826&use=l&cat=p&typeid=i","cat":284508},{"id":274422,"n":"Compotes Pom'Potes Pomme  Fraise Cerise - x4 - 360g","p":2.19,"u":"6,08 €/KG","img":"https://fd5-photos.leclercdrive.fr/image.ashx?id=3010921&use=l&cat=p&typeid=i","cat":284508},{"id":274426,"n":"Compotes Pom'Potes Pomme  Framboise Citron vert x4 - 360g","p":2.19,"u":"6,08 €/KG","img":"https://fd5-photos.leclercdrive.fr/image.ashx?id=2943813&use=l&cat=p&typeid=i","cat":284508},{"id":274427,"n":"Compotes Pom'Potes Pomme Pêche  Pamplemousse - x4 - 360g","p":2.16,"u":"6,00 €/KG","img":"https://fd5-photos.leclercdrive.fr/image.ashx?id=3010918&use=l&cat=p&typeid=i","cat":284508},{"id":274428,"n":"Compotes Pom'Potes Pomme Ananas Orange/Citron - x12 - 1.08kg","p":5.43,"u":"5,03 €/KG","img":"https://fd5-photos.leclercdrive.fr/image.ashx?id=3010963&use=l&cat=p&typeid=i","cat":284508},{"id":274430,"n":"Compotes Pom'Potes Les P'tits Explorateurs - x20 - 1.8kg","p":8.14,"u":"4,52 €/KG","img":"https://fd5-photos.leclercdrive.fr/image.ashx?id=2943825&use=l&cat=p&typeid=i","cat":284508},{"id":274492,"n":"Harpic lingettes Original x72","p":2.57,"u":"0,04 €/P","img":"https://fd5-photos.leclercdrive.fr/image.ashx?id=2946272&use=l&cat=p&typeid=i","cat":325358},{"id":274493,"n":"Harpic tablettes power plus Fraicheur active pin  x6","p":2.8,"u":"0,47 €/P","img":"https://fd5-photos.leclercdrive.fr/image.ashx?id=2946275&use=l&cat=p&typeid=i","cat":284662},{"id":274500,"n":"Brioche tranchée La Boulangère 450g","p":1.99,"u":"4,42 €/KG","img":"https://fd5-photos.leclercdrive.fr/image.ashx?id=2944882&use=l&cat=p&typeid=i","cat":285529},{"id":274505,"n":"Yaourt à la Grecque Danone Vanille -4x110g","p":2.36,"u":"5,36 €/KG","img":"https://fd5-photos.leclercdrive.fr/image.ashx?id=2992738&use=l&cat=p&typeid=i","cat":314999},{"id":274506,"n":"Yaourt à la Grecque Danone Nature  - 4x110g","p":1.77,"u":"4,02 €/KG","img":"https://fd5-photos.leclercdrive.fr/image.ashx?id=2992732&use=l&cat=p&typeid=i","cat":314999},{"id":274509,"n":"Yaourt à la Grecque Danone Fraise - 4x110g","p":2.42,"u":"5,50 €/KG","img":"https://fd5-photos.leclercdrive.fr/image.ashx?id=2992729&use=l&cat=p&typeid=i","cat":314999},{"id":274526,"n":"Capsules lave-vaisselle Finish Ultimate Plus - Citron - 573g","p":11.88,"pp":7.13,"u":"12,44 €/KG","img":"https://fd5-photos.leclercdrive.fr/image.ashx?id=2945646&use=l&cat=p&typeid=i","cat":284656},{"id":274528,"n":"Capsules lave-vaisselle Finish Quantum - Citron - 707g x68","p":11.88,"pp":7.13,"u":"10,08 €/KG","img":"https://fd5-photos.leclercdrive.fr/image.ashx?id=2945643&use=l&cat=p&typeid=i","cat":284656},{"id":274530,"n":"Capsules lave-vaisselle Finish Ultimate - Citron - 735g x57","p":11.88,"pp":7.13,"u":"9,70 €/KG","img":"https://fd5-photos.leclercdrive.fr/image.ashx?id=2945649&use=l&cat=p&typeid=i","cat":284656},{"id":274531,"n":"Capsules lave-vaisselle Finish Ultimate Plus Bicarbonate 268g","p":6.57,"u":"24,51 €/KG","img":"https://fd5-photos.leclercdrive.fr/image.ashx?id=2945652&use=l&cat=p&typeid=i","cat":284656},{"id":274540,"n":"Recharges spray automatique Airwick - Bois - 228ml","p":5.69,"u":"24,96 €/L","img":"https://fd5-photos.leclercdrive.fr/image.ashx?id=2945631&use=l&cat=p&typeid=i","cat":311629},{"id":274555,"n":"Yaourt à la Grecque Danone Caramel - 4x110g","p":1.72,"u":"3,91 €/KG","img":"https://fd5-photos.leclercdrive.fr/image.ashx?id=2992741&use=l&cat=p&typeid=i","cat":314999},{"id":274571,"n":"Skyr protéiné Danone nature 0% MG - 825g","p":4.75,"u":"5,76 €/KG","img":"https://fd5-photos.leclercdrive.fr/image.ashx?id=2951028&use=l&cat=p&typeid=i","cat":315000},{"id":274593,"n":"Danone Skyr nature  x4 - 400g","p":2.01,"u":"5,03 €/KG","img":"https://fd5-photos.leclercdrive.fr/image.ashx?id=2960654&use=l&cat=p&typeid=i","cat":315000},{"id":274596,"n":"Danone Skyr nature  x8 - 800g","p":3.11,"u":"3,89 €/KG","img":"https://fd5-photos.leclercdrive.fr/image.ashx?id=2960657&use=l&cat=p&typeid=i","cat":315000},{"id":274977,"n":"Lingettes Carolin Multi-usages  x80","p":3.2,"u":"0,04 €/P","img":"https://fd5-photos.leclercdrive.fr/image.ashx?id=2946562&use=l&cat=p&typeid=i","cat":325358},{"id":274994,"n":"Lames Wilkinson  The face Groomer - x4","p":14.35,"u":"3,59 €/P","img":"https://fd5-photos.leclercdrive.fr/image.ashx?id=2946619&use=l&cat=p&typeid=i","cat":284616},{"id":275019,"n":"Pain Pinsa La Boulangère 230g","p":2.83,"u":"12,30 €/KG","img":"https://fd5-photos.leclercdrive.fr/image.ashx?id=2946607&use=l&cat=p&typeid=i","cat":284359},{"id":275025,"n":"Lingettes serpillières Carolin  pour parquets - x15","p":3.65,"u":"0,24 €/P","img":"https://fd5-photos.leclercdrive.fr/image.ashx?id=2946973&use=l&cat=p&typeid=i","cat":284907},{"id":275029,"n":"Lames de rasoir Wilkinson Double edge blades x10","p":3.0,"img":"https://fd5-photos.leclercdrive.fr/image.ashx?id=2946724&use=l&cat=p&typeid=i","cat":284616},{"id":275040,"n":"Dentastix Light Pedigree  Grand chien - x7 - 152g","p":1.85,"u":"12,17 €/KG","img":"https://fd5-photos.leclercdrive.fr/image.ashx?id=2946625&use=l&cat=p&typeid=i","cat":294527},{"id":275041,"n":"Dentastix Light Pedigree  Moyen chien - x7 - 98g","p":1.35,"u":"13,78 €/KG","img":"https://fd5-photos.leclercdrive.fr/image.ashx?id=2946628&use=l&cat=p&typeid=i","cat":294527},{"id":275046,"n":"Dentastix Light Pedigree Petit chien - x7 - 58g","p":1.01,"u":"17,41 €/KG","img":"https://fd5-photos.leclercdrive.fr/image.ashx?id=2946631&use=l&cat=p&typeid=i","cat":294527},{"id":275217,"n":"Crème visage jour Nivea Anti-âge repulpant SPF30 50ml","p":12.97,"u":"259,40 €/L","img":"https://fd5-photos.leclercdrive.fr/image.ashx?id=3000815&use=l&cat=p&typeid=i","cat":325345},{"id":275219,"n":"Rasoir Intuition Wilkinson Complete Mini - x1","p":8.39,"img":"https://fd5-photos.leclercdrive.fr/image.ashx?id=2947177&use=l&cat=p&typeid=i","cat":325352},{"id":275224,"n":"Barre de céréales Lion 8x25g","p":2.81,"u":"14,05 €/KG","img":"https://fd5-photos.leclercdrive.fr/image.ashx?id=2947195&use=l&cat=p&typeid=i","cat":285869},{"id":275225,"n":"Barre de céréales Chocapic 8x25g","p":2.84,"u":"14,20 €/KG","img":"https://fd5-photos.leclercdrive.fr/image.ashx?id=2947198&use=l&cat=p&typeid=i","cat":285869},{"id":275236,"n":"Lingettes Carolin  Anti-bactériennes  - x80","p":3.19,"u":"0,04 €/P","img":"https://fd5-photos.leclercdrive.fr/image.ashx?id=2946964&use=l&cat=p&typeid=i","cat":325358},{"id":275240,"n":"Lingettes Carolin Citron Ultra dégraissant - x80","p":3.25,"u":"0,04 €/P","img":"https://fd5-photos.leclercdrive.fr/image.ashx?id=2946976&use=l&cat=p&typeid=i","cat":325358},{"id":275244,"n":"Dentifrice Sensodyne  Sensibilité et gencives -75ml","p":4.48,"u":"59,73 €/L","img":"https://fd5-photos.leclercdrive.fr/image.ashx?id=2947180&use=l&cat=p&typeid=i","cat":284612},{"id":275245,"n":"Dentifrice Sensodyne Blancheur - 75ml","p":4.25,"u":"56,67 €/L","img":"https://fd5-photos.leclercdrive.fr/image.ashx?id=2947183&use=l&cat=p&typeid=i","cat":284612},{"id":275249,"n":"Spray aérosol Airwick  Baies sauvages -250ml","p":3.77,"u":"15,08 €/L","img":"https://fd5-photos.leclercdrive.fr/image.ashx?id=2947066&use=l&cat=p&typeid=i","cat":311626},{"id":275352,"n":"Déodorant bille bio Sanex Bambou Fresh - 50ml","p":3.81,"u":"76,20 €/L","img":"https://fd5-photos.leclercdrive.fr/image.ashx?id=2949088&use=l&cat=p&typeid=i","cat":284595},{"id":275353,"n":"Déodorant bille Sanex Minéral efficacité - 50ml","p":4.11,"u":"82,20 €/L","img":"https://fd5-photos.leclercdrive.fr/image.ashx?id=2949091&use=l&cat=p&typeid=i","cat":284595},{"id":275379,"n":"Masque nutrition Le Petit Marseillais - Intense - 370ml","p":5.08,"u":"13,73 €/L","img":"https://fd5-photos.leclercdrive.fr/image.ashx?id=2966439&use=l&cat=p&typeid=i","cat":284608},{"id":275381,"n":"Gel douche Dop Lait végétal Pyrénées - 480ml","p":3.11,"u":"6,48 €/L","img":"https://fd5-photos.leclercdrive.fr/image.ashx?id=2955348&use=l&cat=p&typeid=i","cat":284594},{"id":275398,"n":"Saucisse Knacki Herta Sel réduit - x6 - 210g","p":2.8,"u":"13,33 €/KG","img":"https://fd5-photos.leclercdrive.fr/image.ashx?id=2948824&use=l&cat=p&typeid=i","cat":316012},{"id":275404,"n":"Shampooing Dop Hair Argan - 480ml","p":3.01,"u":"6,27 €/L","img":"https://fd5-photos.leclercdrive.fr/image.ashx?id=2955372&use=l&cat=p&typeid=i","cat":284606},{"id":275405,"n":"Shampooing Dop Hair Amande - 480ml","p":2.85,"u":"5,94 €/L","img":"https://fd5-photos.leclercdrive.fr/image.ashx?id=2955369&use=l&cat=p&typeid=i","cat":284606},{"id":275406,"n":"Pâte nettoyante Cillit Bang 470g","p":3.48,"u":"7,40 €/KG","img":"https://fd5-photos.leclercdrive.fr/image.ashx?id=2948986&use=l&cat=p&typeid=i","cat":325357},{"id":275407,"n":"Shampooing Dop Hair Karité - 480ml","p":2.85,"u":"5,94 €/L","img":"https://fd5-photos.leclercdrive.fr/image.ashx?id=2955378&use=l&cat=p&typeid=i","cat":284606},{"id":275409,"n":"Shampooing Dop Hair Antipelliculaire - 480ml","p":2.78,"u":"5,79 €/L","img":"https://fd5-photos.leclercdrive.fr/image.ashx?id=2955375&use=l&cat=p&typeid=i","cat":284606},{"id":275410,"n":"Shampooing Dop Vitamines - 480ml","p":2.81,"u":"5,85 €/L","img":"https://fd5-photos.leclercdrive.fr/image.ashx?id=2955384&use=l&cat=p&typeid=i","cat":284606},{"id":275412,"n":"Shampooing Dop Hair Oeufs - 480ml","p":2.78,"u":"5,79 €/L","img":"https://fd5-photos.leclercdrive.fr/image.ashx?id=2954773&use=l&cat=p&typeid=i","cat":284606},{"id":275418,"n":"Gel douche enfance Dop Bonbons - 310ml","p":2.41,"u":"7,77 €/L","img":"https://fd5-photos.leclercdrive.fr/image.ashx?id=2955360&use=l&cat=p&typeid=i","cat":284594},{"id":275506,"n":"Lait Le Petit Marseillais Nutrition Amande Argan 250ml","p":4.14,"u":"16,56 €/L","img":"https://fd5-photos.leclercdrive.fr/image.ashx?id=2950330&use=l&cat=p&typeid=i","cat":325349},{"id":275507,"n":"Lait Le Petit Marseillais Nutrition Argan 400ml","p":4.05,"u":"10,13 €/L","img":"https://fd5-photos.leclercdrive.fr/image.ashx?id=2950333&use=l&cat=p&typeid=i","cat":325349},{"id":275508,"n":"Shampooing Le Petit Marseillais Blonde ensolleilé 300ml","p":2.55,"u":"8,50 €/L","img":"https://fd5-photos.leclercdrive.fr/image.ashx?id=2950336&use=l&cat=p&typeid=i","cat":284606},{"id":275509,"n":"Shampooing Dessange Couleur - 280ml","p":4.54,"u":"16,21 €/L","img":"https://fd5-photos.leclercdrive.fr/image.ashx?id=2955405&use=l&cat=p&typeid=i","cat":284606},{"id":275514,"n":"Shampooing nourrissant Timotei Huiles précieuses - 300ml","p":2.45,"u":"8,17 €/L","img":"https://fd5-photos.leclercdrive.fr/image.ashx?id=2950699&use=l&cat=p&typeid=i","cat":284606},{"id":275520,"n":"Shampooing Timotei Purifiant & détox - 300ml","p":2.52,"u":"8,40 €/L","img":"https://fd5-photos.leclercdrive.fr/image.ashx?id=2950705&use=l&cat=p&typeid=i","cat":284606},{"id":275522,"n":"Savon solide L'Arbrez vert Doux - Peaux sensibles 2x100g","p":1.95,"u":"9,75 €/KG","img":"https://fd5-photos.leclercdrive.fr/image.ashx?id=2950291&use=l&cat=p&typeid=i","cat":284597},{"id":275523,"n":"Shampooing Head & Shoulders Hydrate - 250ml","p":5.22,"u":"20,88 €/L","img":"https://fd5-photos.leclercdrive.fr/image.ashx?id=2950873&use=l&cat=p&typeid=i","cat":284606},{"id":275525,"n":"Shampooing Head & Shoulders Revitalise - 250ml","p":5.68,"u":"22,72 €/L","img":"https://fd5-photos.leclercdrive.fr/image.ashx?id=2950876&use=l&cat=p&typeid=i","cat":284606},{"id":275526,"n":"Lait de brushing Dessange Hydratant - 140ml","p":9.47,"u":"67,64 €/L","img":"https://fd5-photos.leclercdrive.fr/image.ashx?id=2955387&use=l&cat=p&typeid=i","cat":284608},{"id":275528,"n":"Sérum Dessange Extrême 3 huiles - 110ml","p":7.07,"u":"64,27 €/L","img":"https://fd5-photos.leclercdrive.fr/image.ashx?id=2954624&use=l&cat=p&typeid=i","cat":284608},{"id":275529,"n":"Soin cheveux Dessange Nutri-richesse - 110ml","p":6.83,"u":"62,09 €/L","img":"https://fd5-photos.leclercdrive.fr/image.ashx?id=2955390&use=l&cat=p&typeid=i","cat":284608},{"id":275531,"n":"Masque Dessange Nutri-Extrême - 280ml","p":6.66,"u":"23,79 €/L","img":"https://fd5-photos.leclercdrive.fr/image.ashx?id=2955393&use=l&cat=p&typeid=i","cat":284608},{"id":275601,"n":"Gel douche Dove Hydratant - 2x450ml","p":8.76,"u":"9,73 €/L","img":"https://fd5-photos.leclercdrive.fr/image.ashx?id=2949583&use=l&cat=p&typeid=i","cat":284594},{"id":275602,"n":"Gel douche Dove Advanced Care Nutrition intense - 2x225ml","p":6.67,"u":"14,82 €/L","img":"https://fd5-photos.leclercdrive.fr/image.ashx?id=2949586&use=l&cat=p&typeid=i","cat":284594},{"id":275608,"n":"Dentifrice Sensodyne Sensibilité quotidienne 2x75ml","p":6.1,"u":"40,67 €/L","img":"https://fd5-photos.leclercdrive.fr/image.ashx?id=2949571&use=l&cat=p&typeid=i","cat":284612},{"id":275613,"n":"Lait hydratant Noix de coco Bio 400ml","p":4.69,"u":"11,73 €/L","img":"https://fd5-photos.leclercdrive.fr/image.ashx?id=2950327&use=l&cat=p&typeid=i","cat":325349},{"id":275614,"n":"Lait apaisant hydratation Aloe vera Bio - 400ml","p":7.08,"u":"17,70 €/L","img":"https://fd5-photos.leclercdrive.fr/image.ashx?id=2949535&use=l&cat=p&typeid=i","cat":325349},{"id":275615,"n":"Gel douche Ushuaïa Minéraux marins - 280ml","p":2.65,"u":"9,46 €/L","img":"https://fd5-photos.leclercdrive.fr/image.ashx?id=3008791&use=l&cat=p&typeid=i","cat":284594},{"id":275616,"n":"Gel douche délassante Ushuaïa Huile essentielle d'Ylang 280ml","p":2.65,"u":"9,46 €/L","img":"https://fd5-photos.leclercdrive.fr/image.ashx?id=2949544&use=l&cat=p&typeid=i","cat":284594},{"id":275617,"n":"Gel douche Ushuaïa Orchidée - 280ml","p":2.65,"u":"9,46 €/L","img":"https://fd5-photos.leclercdrive.fr/image.ashx?id=2949541&use=l&cat=p&typeid=i","cat":284594},{"id":275618,"n":"Gel douche hydratant Ushuaïa Grenade - 280ml","p":2.65,"u":"9,46 €/L","img":"https://fd5-photos.leclercdrive.fr/image.ashx?id=2949550&use=l&cat=p&typeid=i","cat":284594},{"id":275619,"n":"Crème de douche Ushuaïa Lait de coco - 280ml","p":2.23,"u":"7,96 €/L","img":"https://fd5-photos.leclercdrive.fr/image.ashx?id=2949553&use=l&cat=p&typeid=i","cat":284594},{"id":275620,"n":"Gel douche tonifiant Ushuaïa Extrait de cèdre - 280ml","p":2.64,"u":"9,43 €/L","img":"https://fd5-photos.leclercdrive.fr/image.ashx?id=2949556&use=l&cat=p&typeid=i","cat":284594},{"id":275659,"n":"Soin visage Garnier BHA+ Niacinamide SPF50+ - 40ml","p":8.48,"u":"212,00 €/L","img":"https://fd5-photos.leclercdrive.fr/image.ashx?id=3000797&use=l&cat=p&typeid=i","cat":325345},{"id":275661,"n":"Soin visage Garnier Aloe vera Hyaluronique 250ml","p":5.17,"u":"20,68 €/L","img":"https://fd5-photos.leclercdrive.fr/image.ashx?id=2954244&use=l&cat=p&typeid=i","cat":325345},{"id":275662,"n":"Soin hydratant Garnier Hyaluron Liquide quotidien - 120ml","p":10.97,"u":"91,42 €/L","img":"https://fd5-photos.leclercdrive.fr/image.ashx?id=2986654&use=l&cat=p&typeid=i","cat":325345},{"id":275663,"n":"Lotion exfoliante Garnier Salicylique - 120ml","p":8.19,"u":"68,25 €/L","img":"https://fd5-photos.leclercdrive.fr/image.ashx?id=2954253&use=l&cat=p&typeid=i","cat":325346},{"id":275665,"n":"Fluide Garnier hyaluronique Anti-uv quotidien SPF50+ 40ml","p":12.1,"u":"302,50 €/L","img":"https://fd5-photos.leclercdrive.fr/image.ashx?id=2954256&use=l&cat=p&typeid=i","cat":325345},{"id":275666,"n":"Dentifrice Sanogyl Multiprotection Gencives 75ml","p":3.87,"u":"51,60 €/L","img":"https://fd5-photos.leclercdrive.fr/image.ashx?id=2950204&use=l&cat=p&typeid=i","cat":284612},{"id":275668,"n":"Dentifrice Sanogyl Multiprotection blancheur 75ml","p":4.49,"u":"59,87 €/L","img":"https://fd5-photos.leclercdrive.fr/image.ashx?id=2950207&use=l&cat=p&typeid=i","cat":284612},{"id":275669,"n":"Dentifrice Sanogyl Soin global - 75ml","p":2.99,"u":"39,87 €/L","img":"https://fd5-photos.leclercdrive.fr/image.ashx?id=2950201&use=l&cat=p&typeid=i","cat":284612},{"id":275671,"n":"Dentifrice Sanogyl Soin gencives - 75ml","p":2.97,"u":"39,60 €/L","img":"https://fd5-photos.leclercdrive.fr/image.ashx?id=2950195&use=l&cat=p&typeid=i","cat":284612},{"id":275673,"n":"Dentifrice Sanogyl Soin blancheur - 75ml","p":2.97,"u":"39,60 €/L","img":"https://fd5-photos.leclercdrive.fr/image.ashx?id=2950198&use=l&cat=p&typeid=i","cat":284612},{"id":275681,"n":"Après-shampooing Dessange Nutri- extrême - 225ml","p":3.93,"u":"17,47 €/L","img":"https://fd5-photos.leclercdrive.fr/image.ashx?id=2954627&use=l&cat=p&typeid=i","cat":284607},{"id":275682,"n":"Eau micellaire Garnier SkinActive - 400ml","p":5.37,"u":"13,43 €/L","img":"https://fd5-photos.leclercdrive.fr/image.ashx?id=2954262&use=l&cat=p&typeid=i","cat":284603},{"id":275683,"n":"Shampooing Dessange Âge sublime - 280ml","p":3.84,"u":"13,71 €/L","img":"https://fd5-photos.leclercdrive.fr/image.ashx?id=3011578&use=l&cat=p&typeid=i","cat":284606},{"id":275684,"n":"Shampooing Dessange Hydra brush - 280ml","p":4.97,"u":"17,75 €/L","img":"https://fd5-photos.leclercdrive.fr/image.ashx?id=2955402&use=l&cat=p&typeid=i","cat":284606},{"id":275685,"n":"Shampooing Dessange Nutri-riche - 280ml","p":3.84,"u":"13,71 €/L","img":"https://fd5-photos.leclercdrive.fr/image.ashx?id=2955408&use=l&cat=p&typeid=i","cat":284606},{"id":275686,"n":"Shampooing Dessange Nutri-extrême - 280ml","p":3.53,"u":"12,61 €/L","img":"https://fd5-photos.leclercdrive.fr/image.ashx?id=2955411&use=l&cat=p&typeid=i","cat":284606},{"id":275687,"n":"Dentifrice Vademecum Bio Protection complète - 75ml","p":2.83,"u":"37,73 €/L","img":"https://fd5-photos.leclercdrive.fr/image.ashx?id=2950684&use=l&cat=p&typeid=i","cat":284612},{"id":275690,"n":"Dentifrice Sensodyne Eclat blancheur - 75ml","p":7.42,"u":"98,93 €/L","img":"https://fd5-photos.leclercdrive.fr/image.ashx?id=2997781&use=l&cat=p&typeid=i","cat":284612},{"id":275692,"n":"Dentifrice Sensodyne Nettoyage intense - 75ml","p":7.42,"u":"98,93 €/L","img":"https://fd5-photos.leclercdrive.fr/image.ashx?id=2998047&use=l&cat=p&typeid=i","cat":284612},{"id":275695,"n":"Dentifrice Sensodyne Rapide Action extra-fresh - 75ml","p":4.87,"u":"64,93 €/L","img":"https://fd5-photos.leclercdrive.fr/image.ashx?id=2950717&use=l&cat=p&typeid=i","cat":284612},{"id":275706,"n":"Dentifrice Sensodyne Multi-protection Blancheur 75ml","p":4.35,"u":"58,00 €/L","img":"https://fd5-photos.leclercdrive.fr/image.ashx?id=2950723&use=l&cat=p&typeid=i","cat":284612},{"id":275708,"n":"Dentifrice Sensodyne Sensibilité Gencives Email 75ml","p":4.86,"u":"64,80 €/L","img":"https://fd5-photos.leclercdrive.fr/image.ashx?id=2950720&use=l&cat=p&typeid=i","cat":284612},{"id":275903,"n":"Yaourt à la Grecque Danone Citron - 4x110g","p":1.2,"u":"2,73 €/KG","img":"https://fd5-photos.leclercdrive.fr/image.ashx?id=2992744&use=l&cat=p&typeid=i","cat":326550},{"id":276028,"n":"Spray nettoyant Cillit Bang Expert crasse & calcaire - 1L","p":3.98,"u":"3,98 €/L","img":"https://fd5-photos.leclercdrive.fr/image.ashx?id=2950390&use=l&cat=p&typeid=i","cat":325357},{"id":276029,"n":"Spray nettoyant Cillit Bang  Expert Dégraissant Familial 1L","p":3.97,"u":"3,97 €/L","img":"https://fd5-photos.leclercdrive.fr/image.ashx?id=2950387&use=l&cat=p&typeid=i","cat":325357},{"id":276126,"n":"Whisky Jack Daniel's Bonded 70cL","p":33.9,"pp":29.9,"u":"42,71 €/L","img":"https://fd5-photos.leclercdrive.fr/image.ashx?id=2952001&use=l&cat=p&typeid=i","cat":284547},{"id":276231,"n":"Mini Carambar  Team - 350g","p":3.45,"u":"9,86 €/KG","img":"https://fd5-photos.leclercdrive.fr/image.ashx?id=2951869&use=l&cat=p&typeid=i","cat":304250},{"id":276237,"n":"Boisson gazeuse Fanta  Orange 4x2L","p":8.85,"u":"1,11 €/L","img":"https://fd5-photos.leclercdrive.fr/image.ashx?id=2952007&use=l&cat=p&typeid=i","cat":284532},{"id":276550,"n":"Biscuit sésame GERBLE - 5x4 220g","p":1.52,"u":"6,91 €/KG","img":"https://fd5-photos.leclercdrive.fr/image.ashx?id=2953803&use=l&cat=p&typeid=i","cat":318651},{"id":276581,"n":"Café froid Macchiato Plantation Saveur caramel 250ml","p":1.09,"u":"4,36 €/L","img":"https://fd5-photos.leclercdrive.fr/image.ashx?id=2952409&use=l&cat=p&typeid=i","cat":295246},{"id":276583,"n":"Café froid Latte Plantation 250ml","p":1.09,"u":"4,36 €/L","img":"https://fd5-photos.leclercdrive.fr/image.ashx?id=2952433&use=l&cat=p&typeid=i","cat":295246},{"id":276584,"n":"Yaourt à la Grecque Délisse Nature sucré 4x150g","p":1.69,"u":"2,82 €/KG","img":"https://fd5-photos.leclercdrive.fr/image.ashx?id=2952436&use=l&cat=p&typeid=i","cat":314999},{"id":276589,"n":"Saucisson sec Saint-Azay Noisettes 30 tranches 100g","p":2.07,"u":"20,70 €/KG","img":"https://fd5-photos.leclercdrive.fr/image.ashx?id=2952418&use=l&cat=p&typeid=i","cat":316007},{"id":276590,"n":"Stick de fuet Saint-Azay 70g","p":1.99,"u":"28,43 €/KG","img":"https://fd5-photos.leclercdrive.fr/image.ashx?id=2952421&use=l&cat=p&typeid=i","cat":316006},{"id":276709,"n":"Yaourts Lait brebis Bio Village Bio Vanille - 2x125g","p":1.32,"u":"5,28 €/KG","img":"https://fd5-photos.leclercdrive.fr/image.ashx?id=2646994&use=l&cat=p&typeid=i","cat":326550},{"id":276785,"n":"Gâteaux Kinder Délice coconut Noix de coco et cacao - 10x37g","p":2.54,"u":"6,86 €/KG","img":"https://fd5-photos.leclercdrive.fr/image.ashx?id=2832482&use=l&cat=p&typeid=i","cat":326550},{"id":276975,"n":"Mochis glacés Little Moons Chocolat noisettes - 192g","p":5.59,"u":"29,11 €/KG","img":"https://fd5-photos.leclercdrive.fr/image.ashx?id=2956622&use=l&cat=p&typeid=i","cat":284266},{"id":277075,"n":"Cocktail Ginger mule Old Nick 16° - 70cl","p":5.8,"u":"8,29 €/L","img":"https://fd5-photos.leclercdrive.fr/image.ashx?id=2961807&use=l&cat=p&typeid=i","cat":284551},{"id":277090,"n":"Fromage Le Goudale 160g","p":4.55,"u":"28,44 €/KG","img":"https://fd5-photos.leclercdrive.fr/image.ashx?id=2960789&use=l&cat=p&typeid=i","cat":314034},{"id":277153,"n":"Skyr végétal Protéiné Alpro Nature - 400g","p":2.77,"u":"6,93 €/KG","img":"https://fd5-photos.leclercdrive.fr/image.ashx?id=2976092&use=l&cat=p&typeid=i","cat":316071},{"id":277158,"n":"Petites tranches Saint Agaune Fumée - 70g+35g offerts","p":2.79,"u":"26,57 €/KG","img":"https://fd5-photos.leclercdrive.fr/image.ashx?id=2963187&use=l&cat=p&typeid=i","cat":316006},{"id":277159,"n":"Petites tranches Saint Agaûne Nature - 70g+35g offerts","p":2.79,"u":"26,57 €/KG","img":"https://fd5-photos.leclercdrive.fr/image.ashx?id=2963184&use=l&cat=p&typeid=i","cat":316006},{"id":277449,"n":"Gratin montagnard La Cuisine d'Océane - 300g","p":2.5,"u":"8,33 €/KG","img":"https://fd5-photos.leclercdrive.fr/image.ashx?id=2957023&use=l&cat=p&typeid=i","cat":284953},{"id":277474,"n":"Kéfir Yaourt Activia nature - 2x150g","p":2.21,"u":"7,37 €/KG","img":"https://fd5-photos.leclercdrive.fr/image.ashx?id=2972385&use=l&cat=p&typeid=i","cat":315000},{"id":277483,"n":"Skyr nature Danone 0% MG - 450g","p":2.07,"u":"4,60 €/KG","img":"https://fd5-photos.leclercdrive.fr/image.ashx?id=2966279&use=l&cat=p&typeid=i","cat":284409},{"id":277484,"n":"Danone Skyr fraise 4x100g","p":2.13,"u":"5,33 €/KG","img":"https://fd5-photos.leclercdrive.fr/image.ashx?id=2965903&use=l&cat=p&typeid=i","cat":315000},{"id":277520,"n":"Déodorant Sanex Spray Mineral  Efficacité - 200ml","p":3.81,"u":"19,05 €/L","img":"https://fd5-photos.leclercdrive.fr/image.ashx?id=2968574&use=l&cat=p&typeid=i","cat":284595},{"id":277544,"n":"Petit pot de crème Délisse Chocolat saveur noisette 4x100g","p":1.46,"u":"3,65 €/KG","img":"https://fd5-photos.leclercdrive.fr/image.ashx?id=2952406&use=l&cat=p&typeid=i","cat":326550},{"id":277592,"n":"Shampooing Dessange Blond californien - 280ml","p":4.86,"u":"17,36 €/L","img":"https://fd5-photos.leclercdrive.fr/image.ashx?id=2957941&use=l&cat=p&typeid=i","cat":284606},{"id":277593,"n":"Shampooing bleu Dessange Blond californien - 280ml","p":4.86,"u":"17,36 €/L","img":"https://fd5-photos.leclercdrive.fr/image.ashx?id=2957938&use=l&cat=p&typeid=i","cat":284606},{"id":277594,"n":"Soin patine Dessange Blond californien - 140ml","p":9.47,"u":"67,64 €/L","img":"https://fd5-photos.leclercdrive.fr/image.ashx?id=2957932&use=l&cat=p&typeid=i","cat":284608},{"id":277595,"n":"Gel douche Ushuaïa Agrumes verts - 280ml","p":2.47,"u":"8,82 €/L","img":"https://fd5-photos.leclercdrive.fr/image.ashx?id=2974399&use=l&cat=p&typeid=i","cat":284594},{"id":277625,"n":"Gel douche Ushuaïa Fleur d'oranger - 280ml","p":4.57,"u":"16,32 €/L","img":"https://fd5-photos.leclercdrive.fr/image.ashx?id=2957926&use=l&cat=p&typeid=i","cat":284594},{"id":277627,"n":"Gel douche Ushuaïa Coco - 280ml","p":4.57,"u":"16,32 €/L","img":"https://fd5-photos.leclercdrive.fr/image.ashx?id=3000264&use=l&cat=p&typeid=i","cat":284594},{"id":277631,"n":"Shampooing régulateur Dessange Douce argile - 280ml","p":3.84,"u":"13,71 €/L","img":"https://fd5-photos.leclercdrive.fr/image.ashx?id=2957935&use=l&cat=p&typeid=i","cat":284606},{"id":277746,"n":"Rillettes de poulet Bordeau Chesnel 220g + 110g offerts","p":1.72,"u":"5,21 €/KG","img":"https://fd5-photos.leclercdrive.fr/image.ashx?id=2943840&use=l&cat=p&typeid=i","cat":326550},{"id":277811,"n":"Compotes Materne coupelles  Pomme abricot vanille - 24x100g","p":7.72,"u":"3,22 €/KG","img":"https://fd5-photos.leclercdrive.fr/image.ashx?id=2986137&use=l&cat=p&typeid=i","cat":284508},{"id":277813,"n":"Compotes Materne coupelles pomme brugnon poire - 24x100g","p":7.72,"u":"3,22 €/KG","img":"https://fd5-photos.leclercdrive.fr/image.ashx?id=2961858&use=l&cat=p&typeid=i","cat":284508},{"id":277844,"n":"Compote Frutii' pomme mangue 4x100g","p":1.87,"u":"4,68 €/KG","img":"https://fd5-photos.leclercdrive.fr/image.ashx?id=2958125&use=l&cat=p&typeid=i","cat":284508},{"id":278026,"n":"Jus Joker Orange -Sans pulpe - 4x1.5L","p":18.59,"u":"3,10 €/L","img":"https://fd5-photos.leclercdrive.fr/image.ashx?id=2959028&use=l&cat=p&typeid=i","cat":284521},{"id":278082,"n":"AOP Calvet brut Crémant de  Bordeaux blanc - 75cl","p":6.1,"u":"8,13 €/L","img":"https://fd5-photos.leclercdrive.fr/image.ashx?id=2961011&use=l&cat=p&typeid=i","cat":289557},{"id":278366,"n":"Eau aromatisée O'Fresh Citron & Citron vert - 6x50cl","p":2.75,"u":"0,92 €/L","img":"https://fd5-photos.leclercdrive.fr/image.ashx?id=2959245&use=l&cat=p&typeid=i","cat":284537},{"id":278570,"n":"Lessive liquide Le Chat  L'expert Bicarbonate - 1,8L","p":9.99,"u":"5,55 €/L","img":"https://fd5-photos.leclercdrive.fr/image.ashx?id=2962290&use=l&cat=p&typeid=i","cat":284640},{"id":278573,"n":"Gel douche Ushuaïa Grenade - 490ml","p":4.24,"u":"8,65 €/L","img":"https://fd5-photos.leclercdrive.fr/image.ashx?id=3011566&use=l&cat=p&typeid=i","cat":284594},{"id":278575,"n":"Gel douche Ushuaïa Ylang - Relaxe - 490ml","p":4.24,"u":"8,65 €/L","img":"https://fd5-photos.leclercdrive.fr/image.ashx?id=3011560&use=l&cat=p&typeid=i","cat":284594},{"id":278578,"n":"Gel douche Ushuaïa Minéraux marins - 490ml","p":4.21,"u":"8,59 €/L","img":"https://fd5-photos.leclercdrive.fr/image.ashx?id=3011563&use=l&cat=p&typeid=i","cat":284594},{"id":278579,"n":"Gel douche Ushuaïa Eucalyptus - 280ml","p":2.47,"u":"8,82 €/L","img":"https://fd5-photos.leclercdrive.fr/image.ashx?id=2974408&use=l&cat=p&typeid=i","cat":284594},{"id":278583,"n":"Gel douche Ushuaïa Vanille - 280ml","p":2.47,"u":"8,82 €/L","img":"https://fd5-photos.leclercdrive.fr/image.ashx?id=2974402&use=l&cat=p&typeid=i","cat":284594},{"id":278584,"n":"Gel douche Ecopack Ushuaïa Ylang - Relaxe - 500ml","p":3.31,"u":"6,62 €/L","img":"https://fd5-photos.leclercdrive.fr/image.ashx?id=3011575&use=l&cat=p&typeid=i","cat":284594},{"id":278680,"n":"Crème extra légère Bridélice Semi-épaisse 4%MG - 3x20cl","p":2.3,"u":"3,83 €/L","img":"https://fd5-photos.leclercdrive.fr/image.ashx?id=2996581&use=l&cat=p&typeid=i","cat":284381},{"id":278729,"n":"Croque-Monsieur Herta Maxi Mozzarella x2 - 310g","p":2.59,"u":"8,35 €/KG","img":"https://fd5-photos.leclercdrive.fr/image.ashx?id=2965013&use=l&cat=p&typeid=i","cat":333671},{"id":278791,"n":"Bière ambrée d'hiver Bellerose - 75cl - 7% vol.","p":3.95,"u":"5,27 €/L","img":"https://fd5-photos.leclercdrive.fr/image.ashx?id=2965118&use=l&cat=p&typeid=i","cat":334872},{"id":278878,"n":"Assortiment frutii' pomme 800g Les Vergers de Chateaubourg","p":3.89,"u":"4,86 €/KG","img":"https://fd5-photos.leclercdrive.fr/image.ashx?id=2979117&use=l&cat=p&typeid=i","cat":284508},{"id":278905,"n":"Tablette chocolat Poulain noir doux - 4x95g","p":5.47,"u":"14,39 €/KG","img":"https://fd5-photos.leclercdrive.fr/image.ashx?id=2975347&use=l&cat=p&typeid=i","cat":284497},{"id":278910,"n":"Boisson Crazy Tiger Cerise - 35cl","p":0.99,"u":"2,83 €/L","img":"https://fd5-photos.leclercdrive.fr/image.ashx?id=2967262&use=l&cat=p&typeid=i","cat":284533},{"id":278911,"n":"Boisson Crazy Tiger Tiki Mango - 35cl","p":0.99,"u":"2,83 €/L","img":"https://fd5-photos.leclercdrive.fr/image.ashx?id=2967259&use=l&cat=p&typeid=i","cat":284533},{"id":278912,"n":"Boisson Crazy Tiger Pomme - 35cl","p":0.99,"u":"2,83 €/L","img":"https://fd5-photos.leclercdrive.fr/image.ashx?id=3011524&use=l&cat=p&typeid=i","cat":284533},{"id":278980,"n":"Jus Montebelo Ananas orange citron - 1L","p":2.99,"pp":1.97,"u":"1,97 €/L","img":"https://fd5-photos.leclercdrive.fr/image.ashx?id=2971724&use=l&cat=p&typeid=i","cat":284354},{"id":278982,"n":"Jus Montebelo orange goyave ananas citron - 1L","p":2.99,"pp":1.97,"u":"1,97 €/L","img":"https://fd5-photos.leclercdrive.fr/image.ashx?id=2971721&use=l&cat=p&typeid=i","cat":284354},{"id":279003,"n":"Apéri'chaud Richesmonts 140g","p":2.39,"u":"17,07 €/KG","img":"https://fd5-photos.leclercdrive.fr/image.ashx?id=2990484&use=l&cat=p&typeid=i","cat":314027},{"id":279028,"n":"Sauce fromagère Saint-Agur 150g","p":2.59,"u":"17,27 €/KG","img":"https://fd5-photos.leclercdrive.fr/image.ashx?id=2968556&use=l&cat=p&typeid=i","cat":284382},{"id":279037,"n":"Gel douche Ushuaïa Café vert - 280ml","p":2.68,"u":"9,57 €/L","img":"https://fd5-photos.leclercdrive.fr/image.ashx?id=2966584&use=l&cat=p&typeid=i","cat":284594},{"id":279046,"n":"Lait coprs Le Petit Marseillais L'Original - 250ml","p":3.92,"u":"15,68 €/L","img":"https://fd5-photos.leclercdrive.fr/image.ashx?id=2966581&use=l&cat=p&typeid=i","cat":325349},{"id":279047,"n":"Dentifrice Sanogyl Soin duo sensibilité - 75ml","p":3.19,"u":"42,53 €/L","img":"https://fd5-photos.leclercdrive.fr/image.ashx?id=2966575&use=l&cat=p&typeid=i","cat":284612},{"id":279201,"n":"Nouilles japonaises Nissin Hot Chili piment, Sésame - 66g","p":1.77,"u":"26,82 €/KG","img":"https://fd5-photos.leclercdrive.fr/image.ashx?id=2966779&use=l&cat=p&typeid=i","cat":288992},{"id":279238,"n":"Cubes McCain Airfryer 600g","p":2.38,"u":"3,97 €/KG","img":"https://fd5-photos.leclercdrive.fr/image.ashx?id=2988734&use=l&cat=p&typeid=i","cat":319792},{"id":279257,"n":"Macaroni tomate mozza Panzani - 400g","p":2.3,"u":"5,75 €/KG","img":"https://fd5-photos.leclercdrive.fr/image.ashx?id=2968211&use=l&cat=p&typeid=i","cat":284442},{"id":279403,"n":"Macaroni cheese Panzani - 400g","p":2.3,"u":"5,75 €/KG","img":"https://fd5-photos.leclercdrive.fr/image.ashx?id=2967762&use=l&cat=p&typeid=i","cat":284442},{"id":279412,"n":"Spaghetti carbonara Panzani - 400g","p":2.36,"u":"5,90 €/KG","img":"https://fd5-photos.leclercdrive.fr/image.ashx?id=2967759&use=l&cat=p&typeid=i","cat":284442},{"id":279678,"n":"Biscuit  Mots Doux Vanille - 180g","p":1.89,"u":"10,50 €/KG","img":"https://fd5-photos.leclercdrive.fr/image.ashx?id=2970747&use=l&cat=p&typeid=i","cat":284488},{"id":279680,"n":"Spaghetti carbonara Panzani 800g","p":3.66,"u":"4,58 €/KG","img":"https://fd5-photos.leclercdrive.fr/image.ashx?id=2970957&use=l&cat=p&typeid=i","cat":284442},{"id":279682,"n":"Macaroni tomate Panzani 800g","p":3.79,"u":"4,74 €/KG","img":"https://fd5-photos.leclercdrive.fr/image.ashx?id=2970960&use=l&cat=p&typeid=i","cat":284442},{"id":279683,"n":"Barre de céréales Nesquick 8x25g","p":2.81,"u":"14,05 €/KG","img":"https://fd5-photos.leclercdrive.fr/image.ashx?id=2971350&use=l&cat=p&typeid=i","cat":300032},{"id":279813,"n":"Gaufrettes Knoppers  x6 - 150g","p":1.9,"u":"12,67 €/KG","img":"https://fd5-photos.leclercdrive.fr/image.ashx?id=2974441&use=l&cat=p&typeid=i","cat":284488},{"id":280025,"n":"Recharge gel lavant mains Le Petit Marseillais Olive 500ml","p":3.06,"u":"6,12 €/L","img":"https://fd5-photos.leclercdrive.fr/image.ashx?id=2985336&use=l&cat=p&typeid=i","cat":284597},{"id":280033,"n":"Dentifrice Sanogyl Haleine fraîche - 75ml","p":4.49,"u":"59,87 €/L","img":"https://fd5-photos.leclercdrive.fr/image.ashx?id=2971050&use=l&cat=p&typeid=i","cat":284612},{"id":280146,"n":"Chewing-gum Hollywood 2Fresh Menthe verte 3x22g","p":3.54,"u":"26,82 €/KG","img":"https://fd5-photos.leclercdrive.fr/image.ashx?id=3011968&use=l&cat=p&typeid=i","cat":304251},{"id":280270,"n":"Dessert lacté Vanille Blédina dès 6 mois Mini Lactés - 6x55g","p":2.07,"u":"37,64 €/KG","img":"https://fd5-photos.leclercdrive.fr/image.ashx?id=2972862&use=l&cat=p&typeid=i","cat":312392},{"id":280276,"n":"Dessert lacté Fruits Blédina dès 6 mois Mini Lactés - 12x55g","p":4.47,"u":"6,77 €/KG","img":"https://fd5-photos.leclercdrive.fr/image.ashx?id=2972865&use=l&cat=p&typeid=i","cat":312392},{"id":280360,"n":"Pain de mie La Boulangère Toastiligne Complet - 330g","p":1.37,"u":"4,15 €/KG","img":"https://fd5-photos.leclercdrive.fr/image.ashx?id=2926657&use=l&cat=p&typeid=i","cat":326550},{"id":280418,"n":"Dessert lacté Nature Blédina dès 6 mois - 4x95g","p":1.85,"u":"4,87 €/KG","img":"https://fd5-photos.leclercdrive.fr/image.ashx?id=2972868&use=l&cat=p&typeid=i","cat":312392},{"id":280419,"n":"Dessert lacté Fraise Blédina dès 6 mois - 4x95g","p":2.07,"u":"5,45 €/KG","img":"https://fd5-photos.leclercdrive.fr/image.ashx?id=2972871&use=l&cat=p&typeid=i","cat":312392},{"id":280420,"n":"Dessert lacté Blédina Vanille dès 6 mois - 4x95g","p":1.85,"u":"4,87 €/KG","img":"https://fd5-photos.leclercdrive.fr/image.ashx?id=2972874&use=l&cat=p&typeid=i","cat":312392},{"id":280425,"n":"Dessert lacté Blédina Mangue Pêche dès 6 mois - 4x95g","p":2.07,"u":"5,45 €/KG","img":"https://fd5-photos.leclercdrive.fr/image.ashx?id=2972877&use=l&cat=p&typeid=i","cat":312392},{"id":280610,"n":"Lait corps Nivea Repair & care - 250ml","p":4.48,"pp":2.96,"u":"11,84 €/L","img":"https://fd5-photos.leclercdrive.fr/image.ashx?id=2974435&use=l&cat=p&typeid=i","cat":325349},{"id":280613,"n":"Lait corps fermeté Nivea Hydratant Q10 +Vitamine C 400ml","p":5.7,"u":"14,25 €/L","img":"https://fd5-photos.leclercdrive.fr/image.ashx?id=2974432&use=l&cat=p&typeid=i","cat":325349},{"id":280674,"n":"Dessert Nestlé Lait eclats d'amandes - 170g","p":3.27,"u":"19,24 €/KG","img":"https://fd5-photos.leclercdrive.fr/image.ashx?id=2974453&use=l&cat=p&typeid=i","cat":284497},{"id":280717,"n":"Chocolat Lindt Excellence Fusion sel Noir 85% & Lait-100g","p":3.39,"u":"33,90 €/KG","img":"https://fd5-photos.leclercdrive.fr/image.ashx?id=2975810&use=l&cat=p&typeid=i","cat":284956},{"id":280746,"n":"Chocolat Lindt Excellence  Fusion Noir 70% & Lait - 100g","p":3.36,"u":"33,60 €/KG","img":"https://fd5-photos.leclercdrive.fr/image.ashx?id=2975819&use=l&cat=p&typeid=i","cat":284958},{"id":280750,"n":"Chocolat Lindt Excellence Fusion Noir 70% & Blanc - 100g","p":3.18,"u":"31,80 €/KG","img":"https://fd5-photos.leclercdrive.fr/image.ashx?id=2975822&use=l&cat=p&typeid=i","cat":284956},{"id":280761,"n":"Gel douche Sanex Derma Thérapie 850ml","p":8.32,"u":"9,79 €/L","img":"https://fd5-photos.leclercdrive.fr/image.ashx?id=2987032&use=l&cat=p&typeid=i","cat":284594},{"id":280777,"n":"Préparation Banana Bread Vahiné 300g","p":2.92,"u":"9,73 €/KG","img":"https://fd5-photos.leclercdrive.fr/image.ashx?id=2975873&use=l&cat=p&typeid=i","cat":284505},{"id":280778,"n":"Ketchup tomato Heinz cornichon - 250g","p":1.82,"u":"7,28 €/KG","img":"https://fd5-photos.leclercdrive.fr/image.ashx?id=2976176&use=l&cat=p&typeid=i","cat":284455},{"id":280782,"n":"Sauce sweet chili Heinz 260g","p":2.05,"u":"7,88 €/KG","img":"https://fd5-photos.leclercdrive.fr/image.ashx?id=2976101&use=l&cat=p&typeid=i","cat":318431},{"id":280783,"n":"Sauce korean barbecue Heinz 265g","p":1.86,"u":"7,02 €/KG","img":"https://fd5-photos.leclercdrive.fr/image.ashx?id=2976137&use=l&cat=p&typeid=i","cat":318431},{"id":280784,"n":"Mayonnaise  Heinz Srirachamix - 400g","p":3.2,"u":"8,00 €/KG","img":"https://fd5-photos.leclercdrive.fr/image.ashx?id=2976140&use=l&cat=p&typeid=i","cat":318431},{"id":280858,"n":"Beurre St-Hubert doux L'Original - 500g","p":3.29,"pp":2.3,"u":"4,60 €/KG","img":"https://fd5-photos.leclercdrive.fr/image.ashx?id=2975966&use=l&cat=p&typeid=i","cat":284379},{"id":280859,"n":"Beurre St-Hubert demi-sel L'Original - 500g","p":3.29,"pp":2.3,"u":"4,60 €/KG","img":"https://fd5-photos.leclercdrive.fr/image.ashx?id=2975969&use=l&cat=p&typeid=i","cat":284379},{"id":280905,"n":"Pancakes Pasquier Pépites de chocolat x8 - 280g","p":2.09,"u":"7,46 €/KG","img":"https://fd5-photos.leclercdrive.fr/image.ashx?id=2975921&use=l&cat=p&typeid=i","cat":284495},{"id":280908,"n":"Pizza DR. Oetker Suprema 5 fromages - 424g","p":4.83,"u":"11,39 €/KG","img":"https://fd5-photos.leclercdrive.fr/image.ashx?id=2993095&use=l&cat=p&typeid=i","cat":284256},{"id":280909,"n":"Pizza DR. Oetker Suprema Salami à la romaine - 425g","p":4.83,"u":"11,36 €/KG","img":"https://fd5-photos.leclercdrive.fr/image.ashx?id=2993092&use=l&cat=p&typeid=i","cat":284256},{"id":280924,"n":"Dentifrice Signal White Now 3en1 White boost charbon 2x75ml","p":8.86,"u":"59,07 €/L","img":"https://fd5-photos.leclercdrive.fr/image.ashx?id=2975677&use=l&cat=p&typeid=i","cat":284612},{"id":281331,"n":"Bonbons Têtes Brûlées Horror Mix 450g","p":5.99,"u":"13,31 €/KG","img":"https://fd5-photos.leclercdrive.fr/image.ashx?id=2978772&use=l&cat=p&typeid=i","cat":304250},{"id":281332,"n":"bonbons Têtes Brûlées Mini mix 480g","p":5.99,"u":"12,48 €/KG","img":"https://fd5-photos.leclercdrive.fr/image.ashx?id=2978775&use=l&cat=p&typeid=i","cat":304250},{"id":281333,"n":"Bonbons Têtes Brûlées  Family Party 600g","p":5.99,"u":"9,98 €/KG","img":"https://fd5-photos.leclercdrive.fr/image.ashx?id=2978778&use=l&cat=p&typeid=i","cat":304250},{"id":281334,"n":"Bonbons Têtes Brûlées Des bonbons ou un sort 500g","p":5.99,"u":"11,98 €/KG","img":"https://fd5-photos.leclercdrive.fr/image.ashx?id=2978781&use=l&cat=p&typeid=i","cat":304250},{"id":281339,"n":"Bonbons Lutti Giantfeet Fizz 280g","p":2.4,"u":"8,57 €/KG","img":"https://fd5-photos.leclercdrive.fr/image.ashx?id=2978820&use=l&cat=p&typeid=i","cat":304250},{"id":281522,"n":"Boisson végétale Alpro Barista Coco 750ml","p":1.79,"u":"2,39 €/L","img":"https://fd5-photos.leclercdrive.fr/image.ashx?id=2979430&use=l&cat=p&typeid=i","cat":316067},{"id":281524,"n":"Boisson végétale Alpro Avoine 500ml","p":1.16,"u":"2,32 €/L","img":"https://fd5-photos.leclercdrive.fr/image.ashx?id=2986855&use=l&cat=p&typeid=i","cat":316067},{"id":281688,"n":"Pasta' poêlée Bonduelle Penne légumes du soleil - 750g","p":3.29,"u":"4,39 €/KG","img":"https://fd5-photos.leclercdrive.fr/image.ashx?id=2979662&use=l&cat=p&typeid=i","cat":319823},{"id":281689,"n":"Pasta' poêlée Bonduelle Gnocchis tomate mozzarella 750g","p":3.29,"u":"4,39 €/KG","img":"https://fd5-photos.leclercdrive.fr/image.ashx?id=2979665&use=l&cat=p&typeid=i","cat":319823},{"id":281690,"n":"Pasta' poêlée Bonduelle Fusilli courgettes fromage 750g","p":3.29,"u":"4,39 €/KG","img":"https://fd5-photos.leclercdrive.fr/image.ashx?id=2979668&use=l&cat=p&typeid=i","cat":319823},{"id":281691,"n":"Pasta' poêlée Bonduelle Gnocchis épinards ricotta 750g","p":3.29,"u":"4,39 €/KG","img":"https://fd5-photos.leclercdrive.fr/image.ashx?id=2979671&use=l&cat=p&typeid=i","cat":319823},{"id":281737,"n":"Vin mousseux brut Kriter 6x75cl","p":18.6,"u":"4,13 €/L","img":"https://fd5-photos.leclercdrive.fr/image.ashx?id=2980872&use=l&cat=p&typeid=i","cat":284544},{"id":281755,"n":"Crème gourmande Mamie Nova Vaille bourbon 2x150g","p":1.54,"u":"5,13 €/KG","img":"https://fd5-photos.leclercdrive.fr/image.ashx?id=2981133&use=l&cat=p&typeid=i","cat":285041},{"id":282256,"n":"Mix rhubarbe Daco Bello 300g","p":4.25,"u":"14,17 €/KG","img":"https://fd5-photos.leclercdrive.fr/image.ashx?id=2983276&use=l&cat=p&typeid=i","cat":284357},{"id":282711,"n":"Lessive poudre Persil Bouquet de Provence 3.19kg","p":14.67,"u":"4,60 €/KG","img":"https://fd5-photos.leclercdrive.fr/image.ashx?id=2985666&use=l&cat=p&typeid=i","cat":284642},{"id":282718,"n":"Lessive liquide Tout en 1 Skip Extra détachant - 1.554L x37","p":12.53,"u":"8,06 €/L","img":"https://fd5-photos.leclercdrive.fr/image.ashx?id=2985672&use=l&cat=p&typeid=i","cat":284640},{"id":282721,"n":"Lessive liquide Persil Bouquet de Provence 1.092L x26","p":4.19,"u":"3,84 €/L","img":"https://fd5-photos.leclercdrive.fr/image.ashx?id=2985675&use=l&cat=p&typeid=i","cat":284640},{"id":282733,"n":"Lessive liquide Skip Cycle Court Cristal blancheur - 1.48L","p":10.91,"u":"7,37 €/L","img":"https://fd5-photos.leclercdrive.fr/image.ashx?id=2985678&use=l&cat=p&typeid=i","cat":284640},{"id":282741,"n":"Lessive liquide Skip Cycle Court Peaux sensibles 1.48L","p":13.47,"u":"9,10 €/L","img":"https://fd5-photos.leclercdrive.fr/image.ashx?id=2985681&use=l&cat=p&typeid=i","cat":284640},{"id":282863,"n":"Coffret Marmottes en fête Les 2 Marmottes - x30 - 60g","p":5.9,"u":"98,33 €/KG","img":"https://fd5-photos.leclercdrive.fr/image.ashx?id=3011407&use=l&cat=p&typeid=i","cat":293234},{"id":282868,"n":"Coffret Contes de thés Les 2 Marmottes - x75 - 126g","p":19.9,"u":"157,94 €/KG","img":"https://fd5-photos.leclercdrive.fr/image.ashx?id=3011413&use=l&cat=p&typeid=i","cat":293234},{"id":282932,"n":"Petits Coraya sauce mayonnaise 21 bâtonnets +33% offerts 311g","p":1.99,"u":"6,40 €/KG","img":"https://fd5-photos.leclercdrive.fr/image.ashx?id=2986425&use=l&cat=p&typeid=i","cat":285189},{"id":283263,"n":"Adoucissant dilué Soupline Grand Air - 1500ml","p":4.16,"u":"2,77 €/L","img":"https://fd5-photos.leclercdrive.fr/image.ashx?id=3004450&use=l&cat=p&typeid=i","cat":284650},{"id":283546,"n":"Peluche Kinder Ecureuil - 133g","p":14.43,"u":"108,50 €/KG","img":"https://fd5-photos.leclercdrive.fr/image.ashx?id=2995890&use=l&cat=p&typeid=i","cat":327789},{"id":283547,"n":"Peluche Kinder Dragon - 133g","p":14.43,"u":"108,50 €/KG","img":"https://fd5-photos.leclercdrive.fr/image.ashx?id=2995893&use=l&cat=p&typeid=i","cat":327789},{"id":283678,"n":"Adoucissant dilué Soupline Hypoallergenique - 1.5L","p":4.97,"u":"3,31 €/L","img":"https://fd5-photos.leclercdrive.fr/image.ashx?id=3000498&use=l&cat=p&typeid=i","cat":284650},{"id":283823,"n":"Rillettes de porc Bordeau Chesnel 220g + 110g offerts","p":1.87,"u":"5,67 €/KG","img":"https://fd5-photos.leclercdrive.fr/image.ashx?id=2943837&use=l&cat=p&typeid=i","cat":326550},{"id":284008,"n":"Nestlé I Love Kefir à boire Nature - 500g","p":1.99,"pp":1.31,"u":"2,62 €/KG","img":"https://fd5-photos.leclercdrive.fr/image.ashx?id=2991828&use=l&cat=p&typeid=i","cat":284415},{"id":284009,"n":"Nestlé I Love Kefir à boire Nature - 6x100g","p":2.59,"pp":1.71,"u":"2,85 €/KG","img":"https://fd5-photos.leclercdrive.fr/image.ashx?id=2991831&use=l&cat=p&typeid=i","cat":284415},{"id":284010,"n":"Nestlé I Love Kefir Yaourt Nature - 2x150g","p":2.19,"pp":1.45,"u":"4,83 €/KG","img":"https://fd5-photos.leclercdrive.fr/image.ashx?id=2991834&use=l&cat=p&typeid=i","cat":284409},{"id":284079,"n":"Gel douche soin Nivea Defend Derma control - 250ml","p":1.93,"u":"7,72 €/L","img":"https://fd5-photos.leclercdrive.fr/image.ashx?id=2990910&use=l&cat=p&typeid=i","cat":284594},{"id":284082,"n":"Spray déodorant Nivea Men Derma control sensitive - 200ml","p":3.43,"u":"17,15 €/L","img":"https://fd5-photos.leclercdrive.fr/image.ashx?id=2990925&use=l&cat=p&typeid=i","cat":284618},{"id":284083,"n":"Spray déodorant Nivea Men Defend derma control - 200ml","p":4.05,"u":"20,25 €/L","img":"https://fd5-photos.leclercdrive.fr/image.ashx?id=2990907&use=l&cat=p&typeid=i","cat":284618},{"id":284084,"n":"Spray déodorant Nivea Men Derma control restore - 200ml","p":3.05,"u":"15,25 €/L","img":"https://fd5-photos.leclercdrive.fr/image.ashx?id=2990901&use=l&cat=p&typeid=i","cat":284618},{"id":284087,"n":"Déodorant stick Nivea Men Black & White Invisible - 50ml","p":3.8,"u":"76,00 €/L","img":"https://fd5-photos.leclercdrive.fr/image.ashx?id=2990928&use=l&cat=p&typeid=i","cat":284596},{"id":284088,"n":"Déodorant stick Nivea Men Dry impact - 50ml","p":3.8,"u":"76,00 €/L","img":"https://fd5-photos.leclercdrive.fr/image.ashx?id=2990412&use=l&cat=p&typeid=i","cat":284618},{"id":284090,"n":"Déodorant bille Nivea men Derma control Sensitive - 50ml","p":2.91,"u":"58,20 €/L","img":"https://fd5-photos.leclercdrive.fr/image.ashx?id=2990916&use=l&cat=p&typeid=i","cat":284618},{"id":284095,"n":"Déodorant spray Nivea Men Derma control defend - 200ml","p":3.63,"u":"18,15 €/L","img":"https://fd5-photos.leclercdrive.fr/image.ashx?id=2990904&use=l&cat=p&typeid=i","cat":284618},{"id":284100,"n":"Déodorant bille Nivea Men Derma control - 50ml","p":3.9,"u":"78,00 €/L","img":"https://fd5-photos.leclercdrive.fr/image.ashx?id=2990922&use=l&cat=p&typeid=i","cat":284618},{"id":284104,"n":"Crème hydratante Nivea Repair & Care - Visage Corps Mains 400ml","p":9.48,"pp":6.26,"u":"15,65 €/L","img":"https://fd5-photos.leclercdrive.fr/image.ashx?id=2990898&use=l&cat=p&typeid=i","cat":325350},{"id":284105,"n":"Déodorant bille Nivea Men Derma control Defend - 50ml","p":3.18,"u":"63,60 €/MT","img":"https://fd5-photos.leclercdrive.fr/image.ashx?id=2990913&use=l&cat=p&typeid=i","cat":284618},{"id":284106,"n":"Déodorant bille Nivea Derma control restore - 50ml","p":3.17,"u":"63,40 €/L","img":"https://fd5-photos.leclercdrive.fr/image.ashx?id=2990919&use=l&cat=p&typeid=i","cat":284618},{"id":284141,"n":"Gateau moelleux savane Brossard Lot de 3 x7 - 840g","p":6.23,"u":"7,42 €/KG","img":"https://fd5-photos.leclercdrive.fr/image.ashx?id=2992149&use=l&cat=p&typeid=i","cat":284495},{"id":284620,"n":"Lot oeufs de lompe Royal Sweden Noirs - 2x80g","p":7.5,"u":"46,88 €/KG","img":"https://fd5-photos.leclercdrive.fr/image.ashx?id=3001317&use=l&cat=p&typeid=i","cat":285191},{"id":285433,"n":"Lessive liquide Ariel Original - 3.105L - x69 lavages","p":21.97,"u":"7,08 €/L","img":"https://fd5-photos.leclercdrive.fr/image.ashx?id=2997331&use=l&cat=p&typeid=i","cat":284640},{"id":285444,"n":"Adoucissant Cajoline XXL Lavande - 1.84L - x88 lavages","p":6.83,"u":"3,71 €/L","img":"https://fd5-photos.leclercdrive.fr/image.ashx?id=2997391&use=l&cat=p&typeid=i","cat":284650},{"id":285719,"n":"Masque Elseve huile  Extraordinaire Coco - 2x310ml","p":9.82,"u":"15,84 €/L","img":"https://fd5-photos.leclercdrive.fr/image.ashx?id=2997811&use=l&cat=p&typeid=i","cat":284608},{"id":285749,"n":"Shampooing Elseve Hyaluronique Restage - 2x400ml","p":12.18,"u":"15,23 €/L","img":"https://fd5-photos.leclercdrive.fr/image.ashx?id=2997829&use=l&cat=p&typeid=i","cat":284606},{"id":285750,"n":"Shampooing Elseve Dream Length Restage - 2x400ml","p":12.0,"u":"15,00 €/L","img":"https://fd5-photos.leclercdrive.fr/image.ashx?id=2997835&use=l&cat=p&typeid=i","cat":284606},{"id":286200,"n":"Pack Nettoyant ménager et  Recharge Cif 870ml","p":6.78,"u":"7,79 €/L","img":"https://fd5-photos.leclercdrive.fr/image.ashx?id=2999601&use=l&cat=p&typeid=i","cat":325357},{"id":286205,"n":"Pack nettoyant ménager et  Recharge Cif 870ml","p":8.54,"u":"9,82 €/L","img":"https://fd5-photos.leclercdrive.fr/image.ashx?id=2999604&use=l&cat=p&typeid=i","cat":325357},{"id":286220,"n":"Pack nettoyant ménager et Recharge Cif 870ml","p":6.78,"u":"7,79 €/L","img":"https://fd5-photos.leclercdrive.fr/image.ashx?id=2999607&use=l&cat=p&typeid=i","cat":325357},{"id":286221,"n":"Dentifrice Colgate Max White Expert Original 2x75ml","p":8.32,"u":"55,47 €/L","img":"https://fd5-photos.leclercdrive.fr/image.ashx?id=2999598&use=l&cat=p&typeid=i","cat":284612},{"id":286871,"n":"Soda Coca-Cola 4x1.75L","p":7.1,"u":"1,01 €/L","img":"https://fd5-photos.leclercdrive.fr/image.ashx?id=3014865&use=l&cat=p&typeid=i","cat":284530},{"id":287024,"n":"Yaourt Lindahls protein Granola Crunchy fraise - 2x127g","p":1.39,"u":"5,47 €/KG","img":"https://fd5-photos.leclercdrive.fr/image.ashx?id=2984739&use=l&cat=p&typeid=i","cat":326550},{"id":287308,"n":"Kentucky Straight Bourbon Jim Beam - 70cl","p":17.5,"u":"25,00 €/L","img":"https://fd5-photos.leclercdrive.fr/image.ashx?id=3004066&use=l&cat=p&typeid=i","cat":284547},{"id":287482,"n":"Soda Coca-Cola Zéro 4x1,75L","p":5.1,"u":"0,73 €/L","img":"https://fd5-photos.leclercdrive.fr/image.ashx?id=3009668&use=l&cat=p&typeid=i","cat":284530},{"id":287558,"n":"Déodorant Axe Supreme black 48h fraîcheur 2x200ml","p":6.97,"pp":4.88,"u":"12,20 €/L","img":"https://fd5-photos.leclercdrive.fr/image.ashx?id=3006202&use=l&cat=p&typeid=i","cat":284618},{"id":287563,"n":"Déodorant Axe Supreme  Ice Cool 2x200ml","p":6.97,"pp":4.88,"u":"12,20 €/L","img":"https://fd5-photos.leclercdrive.fr/image.ashx?id=3006208&use=l&cat=p&typeid=i","cat":284618},{"id":287566,"n":"Déodorant Axe Supreme  Apollo 2x200ml","p":6.97,"pp":4.88,"u":"12,20 €/L","img":"https://fd5-photos.leclercdrive.fr/image.ashx?id=3006214&use=l&cat=p&typeid=i","cat":284618},{"id":287568,"n":"Délice végétal Andros Chocolat lait d'amande 4+2x100g","p":2.88,"u":"4,80 €/KG","img":"https://fd5-photos.leclercdrive.fr/image.ashx?id=3008797&use=l&cat=p&typeid=i","cat":316071},{"id":287847,"n":"Café L'Or Ouganda kenya en grains - 500g","p":12.85,"u":"25,70 €/KG","img":"https://fd5-photos.leclercdrive.fr/image.ashx?id=3009272&use=l&cat=p&typeid=i","cat":293237},{"id":287850,"n":"Café en grains L'Or Bresil colombie - 500g","p":12.85,"u":"25,70 €/KG","img":"https://fd5-photos.leclercdrive.fr/image.ashx?id=3009269&use=l&cat=p&typeid=i","cat":293237},{"id":288308,"n":"Pickles de champignons 290g","p":6.99,"u":"24,10 €/KG","img":"https://fd5-photos.leclercdrive.fr/image.ashx?id=2552538&use=l&cat=p&typeid=i","cat":326550},{"id":288463,"n":"Cheddar Kraft 150g","p":2.5,"u":"16,67 €/KG","img":"https://fd5-photos.leclercdrive.fr/image.ashx?id=3010245&use=l&cat=p&typeid=i","cat":314028},{"id":288464,"n":"Cheddar râpé Kraft 150g","p":2.7,"u":"18,00 €/KG","img":"https://fd5-photos.leclercdrive.fr/image.ashx?id=3010248&use=l&cat=p&typeid=i","cat":314035},{"id":288465,"n":"Crème de cheddar Kraft 125g","p":2.44,"u":"19,52 €/KG","img":"https://fd5-photos.leclercdrive.fr/image.ashx?id=3010209&use=l&cat=p&typeid=i","cat":314037},{"id":288467,"n":"Fromage burger cheddar Kraft 7 tranches 175g","p":1.85,"u":"10,57 €/KG","img":"https://fd5-photos.leclercdrive.fr/image.ashx?id=3010251&use=l&cat=p&typeid=i","cat":314028},{"id":288841,"n":"Dessert brassé végétal Andros Vanille Bourbon 6x100g","p":2.3,"u":"3,83 €/KG","img":"https://fd5-photos.leclercdrive.fr/image.ashx?id=2881957&use=l&cat=p&typeid=i","cat":326550},{"id":288856,"n":"Champignon Cèpes extra séchés Borde - 225g","p":17.43,"u":"77,47 €/KG","img":"https://fd5-photos.leclercdrive.fr/image.ashx?id=2731078&use=l&cat=p&typeid=i","cat":326550}]}