{"id":"177603-177603","dt":"2025-12-15","p":[{"id":2,"n":"Haricots verts Notre Jardin Extra fins - 345g","p":2.39,"u":"6,93 €/KG","img":"https://fd9-photos.leclercdrive.fr/image.ashx?id=2988021&use=l&cat=p&typeid=i","cat":312606},{"id":7,"n":"Haricots beurre Notre Jardin Très fins - 220g","p":1.11,"u":"5,05 €/KG","img":"https://fd9-photos.leclercdrive.fr/image.ashx?id=2988027&use=l&cat=p&typeid=i","cat":312606},{"id":8,"n":"Haricots beurre Notre Jardin Très fins - 440g","p":1.55,"u":"3,52 €/KG","img":"https://fd9-photos.leclercdrive.fr/image.ashx?id=2988030&use=l&cat=p&typeid=i","cat":312606},{"id":9,"n":"Petits pois Notre Jardin A l'étuvée - Extra fins - 280g","p":0.9,"u":"3,21 €/KG","img":"https://fd9-photos.leclercdrive.fr/image.ashx?id=2375947&use=l&cat=p&typeid=i","cat":312607},{"id":11,"n":"Petits pois carottes  Notre Jardin -Extra fins - 530g","p":1.22,"u":"2,30 €/KG","img":"https://fd9-photos.leclercdrive.fr/image.ashx?id=2398764&use=l&cat=p&typeid=i","cat":312607},{"id":13,"n":"Petits pois carottes Très fins Notre Jardin -A l'étuvée -530g","p":1.33,"u":"2,51 €/KG","img":"https://fd9-photos.leclercdrive.fr/image.ashx?id=2698156&use=l&cat=p&typeid=i","cat":312607},{"id":14,"n":"Carottes Notre Jardin Extra-fines - 265g","p":0.85,"u":"3,21 €/KG","img":"https://fd9-photos.leclercdrive.fr/image.ashx?id=1993149&use=l&cat=p&typeid=i","cat":312607},{"id":15,"n":"Champignons Paris Notre Jardin Entiers - 230g","p":1.47,"u":"6,39 €/KG","img":"https://fd9-photos.leclercdrive.fr/image.ashx?id=2553890&use=l&cat=p&typeid=i","cat":312610},{"id":16,"n":"Champignons Paris Notre Jardin Pieds et morceaux - 230g","p":1.49,"u":"6,48 €/KG","img":"https://fd9-photos.leclercdrive.fr/image.ashx?id=2553896&use=l&cat=p&typeid=i","cat":312610},{"id":17,"n":"Champignons Paris Notre Jardin Emincés - 230g","p":1.07,"u":"4,65 €/KG","img":"https://fd9-photos.leclercdrive.fr/image.ashx?id=2551960&use=l&cat=p&typeid=i","cat":312610},{"id":22,"n":"Garniture de 4 légumes  Notre Jardin - 510g","p":1.74,"u":"3,41 €/KG","img":"https://fd9-photos.leclercdrive.fr/image.ashx?id=2526279&use=l&cat=p&typeid=i","cat":312612},{"id":26,"n":"Pois chiches Notre Jardin 265g","p":0.75,"u":"2,83 €/KG","img":"https://fd9-photos.leclercdrive.fr/image.ashx?id=2988009&use=l&cat=p&typeid=i","cat":312609},{"id":27,"n":"Lentilles préparées Notre  Jardin - 265g","p":0.67,"u":"2,53 €/KG","img":"https://fd9-photos.leclercdrive.fr/image.ashx?id=2987985&use=l&cat=p&typeid=i","cat":312609},{"id":28,"n":"Lentilles Préparées Notre  Jardin - 530g","p":1.15,"u":"2,17 €/KG","img":"https://fd9-photos.leclercdrive.fr/image.ashx?id=2987982&use=l&cat=p&typeid=i","cat":312609},{"id":30,"n":"Pommes de terre Notre Jardin 530g","p":1.29,"u":"2,43 €/KG","img":"https://fd9-photos.leclercdrive.fr/image.ashx?id=2696250&use=l&cat=p&typeid=i","cat":312612},{"id":32,"n":"Coeurs de céleri Notre Jardin - 500g PNE","p":2.99,"u":"5,64 €/KG","img":"https://fd9-photos.leclercdrive.fr/image.ashx?id=2483602&use=l&cat=p&typeid=i","cat":312612},{"id":34,"n":"Garniture de céleris Notre Jardin - 500g","p":1.89,"u":"3,78 €/KG","img":"https://fd9-photos.leclercdrive.fr/image.ashx?id=2526282&use=l&cat=p&typeid=i","cat":312612},{"id":40,"n":"Coeurs de palmiers Notre Jardin Extra tendres - 500g","p":3.85,"u":"7,70 €/KG","img":"https://fd9-photos.leclercdrive.fr/image.ashx?id=2589849&use=l&cat=p&typeid=i","cat":312611},{"id":42,"n":"Haricots Mungo Notre Jardin 180g","p":1.0,"u":"5,56 €/KG","img":"https://fd9-photos.leclercdrive.fr/image.ashx?id=2072431&use=l&cat=p&typeid=i","cat":312611},{"id":47,"n":"Filets de thon Saupiquet Huile d'olive - 115g","p":2.23,"u":"19,39 €/KG","img":"https://fd9-photos.leclercdrive.fr/image.ashx?id=2846373&use=l&cat=p&typeid=i","cat":303867},{"id":50,"n":"Miettes de thon Pêche Océan Huile de tournesol - 160g","p":1.7,"u":"10,63 €/KG","img":"https://fd9-photos.leclercdrive.fr/image.ashx?id=2941366&use=l&cat=p&typeid=i","cat":303867},{"id":51,"n":"Miettes de thon Pêche Océan Tomate - 160g","p":1.13,"u":"7,06 €/KG","img":"https://fd9-photos.leclercdrive.fr/image.ashx?id=2941378&use=l&cat=p&typeid=i","cat":303867},{"id":52,"n":"Miettes de thon Pêche Océan Tomate - 3x80g","p":1.56,"u":"6,50 €/KG","img":"https://fd9-photos.leclercdrive.fr/image.ashx?id=2941363&use=l&cat=p&typeid=i","cat":303867},{"id":54,"n":"Sardines tomate Pêche Océan 135g","p":1.32,"u":"9,78 €/KG","img":"https://fd9-photos.leclercdrive.fr/image.ashx?id=2694097&use=l&cat=p&typeid=i","cat":305146},{"id":55,"n":"Filets sardines Pêche Océan Huile d'olive Sans arête - 100g","p":1.35,"u":"13,50 €/KG","img":"https://fd9-photos.leclercdrive.fr/image.ashx?id=1986231&use=l&cat=p&typeid=i","cat":305146},{"id":58,"n":"Filets maquereaux Pêche Océan Arômates et Muscadet 176g","p":1.45,"u":"8,24 €/KG","img":"https://fd9-photos.leclercdrive.fr/image.ashx?id=2476948&use=l&cat=p&typeid=i","cat":303868},{"id":66,"n":"Terrine de campagne Côté Table Cèpes - 180g","p":1.55,"u":"8,61 €/KG","img":"https://fd9-photos.leclercdrive.fr/image.ashx?id=2519414&use=l&cat=p&typeid=i","cat":305149},{"id":72,"n":"Lentilles cuisinées Raynal Et Roquelaure - 820g","p":2.02,"u":"2,46 €/KG","img":"https://fd9-photos.leclercdrive.fr/image.ashx?id=2928393&use=l&cat=p&typeid=i","cat":312609},{"id":74,"n":"Choucroute Côté Table garnie 800g","p":2.69,"u":"3,36 €/KG","img":"https://fd9-photos.leclercdrive.fr/image.ashx?id=2977111&use=l&cat=p&typeid=i","cat":284441},{"id":76,"n":"Gratin dauphinois Côté Table 850g","p":1.67,"u":"1,96 €/KG","img":"https://fd9-photos.leclercdrive.fr/image.ashx?id=3013313&use=l&cat=p&typeid=i","cat":284441},{"id":78,"n":"Saucisses lentilles Côté Table 840g","p":1.99,"u":"2,37 €/KG","img":"https://fd9-photos.leclercdrive.fr/image.ashx?id=2977102&use=l&cat=p&typeid=i","cat":284441},{"id":79,"n":"Saucisses lentilles Côté Table 420g","p":1.13,"u":"2,69 €/KG","img":"https://fd9-photos.leclercdrive.fr/image.ashx?id=2977105&use=l&cat=p&typeid=i","cat":284441},{"id":80,"n":"Gésiers de canard du Sud-Ouest NRT - 215g","p":6.99,"u":"32,51 €/KG","img":"https://fd9-photos.leclercdrive.fr/image.ashx?id=2723204&use=l&cat=p&typeid=i","cat":284440},{"id":92,"n":"Chips Pom'lisse Nature - 6x30g","p":1.37,"u":"7,61 €/KG","img":"https://fd9-photos.leclercdrive.fr/image.ashx?id=2917317&use=l&cat=p&typeid=i","cat":284447},{"id":97,"n":"Pétales salées Tokapi Soufflés - 75g","p":0.69,"u":"9,20 €/KG","img":"https://fd9-photos.leclercdrive.fr/image.ashx?id=2751874&use=l&cat=p&typeid=i","cat":284449},{"id":104,"n":"Mélange Grillé et salé Tokapi Cacahuètes et noisettes - 120g","p":1.46,"u":"12,17 €/KG","img":"https://fd9-photos.leclercdrive.fr/image.ashx?id=2794100&use=l&cat=p&typeid=i","cat":284448},{"id":105,"n":"Cacahuètes grillées Tokapi Salées - 250g","p":0.85,"u":"3,40 €/KG","img":"https://fd9-photos.leclercdrive.fr/image.ashx?id=2795529&use=l&cat=p&typeid=i","cat":284448},{"id":108,"n":"Noix de cajou grillées Tokapi Salées - 400g","p":4.78,"u":"11,95 €/KG","img":"https://fd9-photos.leclercdrive.fr/image.ashx?id=2793985&use=l&cat=p&typeid=i","cat":284448},{"id":113,"n":"Crackers Tuc Nature Original - 100g","p":0.54,"u":"5,40 €/KG","img":"https://fd9-photos.leclercdrive.fr/image.ashx?id=3002195&use=l&cat=p&typeid=i","cat":297000},{"id":117,"n":"Huile Isio 4 Lesieur 1L","p":3.4,"u":"3,40 €/L","img":"https://fd9-photos.leclercdrive.fr/image.ashx?id=2916018&use=l&cat=p&typeid=i","cat":284453},{"id":118,"n":"Huile d'olive Puget 1L","p":11.5,"u":"11,50 €/L","img":"https://fd9-photos.leclercdrive.fr/image.ashx?id=2917750&use=l&cat=p&typeid=i","cat":284453},{"id":122,"n":"Huile de friture Rustica Sans odeur - 2L","p":4.45,"u":"2,23 €/L","img":"https://fd9-photos.leclercdrive.fr/image.ashx?id=2916662&use=l&cat=p&typeid=i","cat":284453},{"id":126,"n":"Huile de tournesol Rustica 3L","p":5.89,"u":"1,96 €/L","img":"https://fd9-photos.leclercdrive.fr/image.ashx?id=2900322&use=l&cat=p&typeid=i","cat":284453},{"id":127,"n":"Huile de colza Rustica  1L","p":1.76,"u":"1,76 €/L","img":"https://fd9-photos.leclercdrive.fr/image.ashx?id=2500797&use=l&cat=p&typeid=i","cat":284453},{"id":128,"n":"Vinaigre de vin Rustica 75cl","p":0.99,"u":"1,32 €/L","img":"https://fd9-photos.leclercdrive.fr/image.ashx?id=1061150&use=l&cat=p&typeid=i","cat":298543},{"id":129,"n":"Vinaigre de cidre Rustica  75cl","p":0.87,"u":"1,16 €/L","img":"https://fd9-photos.leclercdrive.fr/image.ashx?id=2657190&use=l&cat=p&typeid=i","cat":298543},{"id":130,"n":"Vinaigrette Rustica  Moutarde - 50cl","p":0.89,"u":"1,78 €/L","img":"https://fd9-photos.leclercdrive.fr/image.ashx?id=1950144&use=l&cat=p&typeid=i","cat":284456},{"id":131,"n":"Jus de citron Rustica Sicile - 2x125ml - 250ml","p":1.08,"u":"4,32 €/L","img":"https://fd9-photos.leclercdrive.fr/image.ashx?id=2974786&use=l&cat=p&typeid=i","cat":288383},{"id":136,"n":"Sel fin de Camargue NRT 250g","p":1.63,"u":"6,52 €/KG","img":"https://fd9-photos.leclercdrive.fr/image.ashx?id=2644906&use=l&cat=p&typeid=i","cat":284457},{"id":137,"n":"Gros sel de Camargue NRT Sachet -1kg","p":1.2,"u":"1,20 €/KG","img":"https://fd9-photos.leclercdrive.fr/image.ashx?id=2819956&use=l&cat=p&typeid=i","cat":284457},{"id":138,"n":"Sel fin de Guérande IGP NRT 250g","p":1.35,"u":"5,40 €/KG","img":"https://fd9-photos.leclercdrive.fr/image.ashx?id=2644900&use=l&cat=p&typeid=i","cat":284457},{"id":156,"n":"Moutarde de Dijon Rustica  Fine et forte Verre whisky-280g","p":1.94,"u":"6,93 €/KG","img":"https://fd9-photos.leclercdrive.fr/image.ashx?id=2954337&use=l&cat=p&typeid=i","cat":288850},{"id":157,"n":"Moutarde de Dijon AMORA Fine & Forte - 265g","p":1.52,"u":"5,74 €/KG","img":"https://fd9-photos.leclercdrive.fr/image.ashx?id=3004870&use=l&cat=p&typeid=i","cat":288850},{"id":169,"n":"Sauce Pesto Panzani Basilic - 200g","p":1.64,"u":"8,20 €/KG","img":"https://fd9-photos.leclercdrive.fr/image.ashx?id=2989093&use=l&cat=p&typeid=i","cat":287599},{"id":174,"n":"Tomates pelées Notre Jardin Entières - 476g","p":1.4,"u":"2,94 €/KG","img":"https://fd9-photos.leclercdrive.fr/image.ashx?id=2189999&use=l&cat=p&typeid=i","cat":312608},{"id":177,"n":"Sauce Tomate Turini 2x190g","p":1.39,"u":"3,66 €/KG","img":"https://fd9-photos.leclercdrive.fr/image.ashx?id=2668117&use=l&cat=p&typeid=i","cat":288384},{"id":178,"n":"Sauce Napolitaine Turini 420g","p":0.88,"u":"2,10 €/KG","img":"https://fd9-photos.leclercdrive.fr/image.ashx?id=2441893&use=l&cat=p&typeid=i","cat":287599},{"id":187,"n":"Pâtes Barilla Fusilli - 500g","p":1.0,"u":"2,00 €/KG","img":"https://fd9-photos.leclercdrive.fr/image.ashx?id=2392212&use=l&cat=p&typeid=i","cat":284427},{"id":191,"n":"Pâtes Collezione Barilla Lasagne aux œufs - 500g","p":1.96,"u":"3,92 €/KG","img":"https://fd9-photos.leclercdrive.fr/image.ashx?id=2990997&use=l&cat=p&typeid=i","cat":284427},{"id":193,"n":"Pâtes vermicelles Panzani  500g","p":1.23,"u":"2,46 €/KG","img":"https://fd9-photos.leclercdrive.fr/image.ashx?id=2896072&use=l&cat=p&typeid=i","cat":284427},{"id":194,"n":"Pâtes Coquillettes Panzani 500g","p":0.91,"u":"1,82 €/KG","img":"https://fd9-photos.leclercdrive.fr/image.ashx?id=2870200&use=l&cat=p&typeid=i","cat":284427},{"id":196,"n":"Pâtes nouilles fines Panzani 500g","p":1.19,"u":"2,38 €/KG","img":"https://fd9-photos.leclercdrive.fr/image.ashx?id=2876005&use=l&cat=p&typeid=i","cat":284427},{"id":197,"n":"Pâtes Torti Panzani 500g","p":0.77,"u":"1,54 €/KG","img":"https://fd9-photos.leclercdrive.fr/image.ashx?id=2869552&use=l&cat=p&typeid=i","cat":284427},{"id":199,"n":"Pâtes Tagliatelle Panzani Créatives - 500G","p":1.54,"u":"3,08 €/KG","img":"https://fd9-photos.leclercdrive.fr/image.ashx?id=2902936&use=l&cat=p&typeid=i","cat":284427},{"id":200,"n":"Pâtes lasagnes Turini  500g","p":1.29,"u":"2,58 €/KG","img":"https://fd9-photos.leclercdrive.fr/image.ashx?id=2980779&use=l&cat=p&typeid=i","cat":284427},{"id":201,"n":"Pâtes Etoiles Turini 500g","p":1.05,"u":"2,10 €/KG","img":"https://fd9-photos.leclercdrive.fr/image.ashx?id=2744222&use=l&cat=p&typeid=i","cat":284427},{"id":202,"n":"Pâtes Nouilles Turini 500g","p":0.75,"u":"1,50 €/KG","img":"https://fd9-photos.leclercdrive.fr/image.ashx?id=2980770&use=l&cat=p&typeid=i","cat":284427},{"id":203,"n":"Pâtes Torsades Turini 500g","p":0.65,"u":"1,30 €/KG","img":"https://fd9-photos.leclercdrive.fr/image.ashx?id=2980426&use=l&cat=p&typeid=i","cat":284427},{"id":204,"n":"Pâtes Coquillettes Turini 500g","p":0.75,"u":"1,50 €/KG","img":"https://fd9-photos.leclercdrive.fr/image.ashx?id=2980408&use=l&cat=p&typeid=i","cat":284427},{"id":205,"n":"Pâtes Macaroni Turini 500g","p":0.75,"u":"1,50 €/KG","img":"https://fd9-photos.leclercdrive.fr/image.ashx?id=2980417&use=l&cat=p&typeid=i","cat":284427},{"id":206,"n":"Spaghetti Turini 500g","p":0.69,"u":"1,38 €/KG","img":"https://fd9-photos.leclercdrive.fr/image.ashx?id=2980399&use=l&cat=p&typeid=i","cat":284427},{"id":208,"n":"Pâtes gansettes Turini 500g","p":0.98,"u":"1,96 €/KG","img":"https://fd9-photos.leclercdrive.fr/image.ashx?id=2607422&use=l&cat=p&typeid=i","cat":284427},{"id":210,"n":"Pâtes cheveux d'anges Turini 500g","p":0.85,"u":"1,70 €/KG","img":"https://fd9-photos.leclercdrive.fr/image.ashx?id=2980782&use=l&cat=p&typeid=i","cat":284427},{"id":211,"n":"Pâtes Tagliatelles Turini 500g","p":1.29,"u":"2,58 €/KG","img":"https://fd9-photos.leclercdrive.fr/image.ashx?id=2669693&use=l&cat=p&typeid=i","cat":284427},{"id":219,"n":"Riz long Comptoir du Grain Sachet cuisson rapide x5 - 1kg","p":1.74,"u":"1,74 €/KG","img":"https://fd9-photos.leclercdrive.fr/image.ashx?id=1759876&use=l&cat=p&typeid=i","cat":284428},{"id":220,"n":"Couscous moyen Regia 1kg","p":2.3,"u":"2,30 €/KG","img":"https://fd9-photos.leclercdrive.fr/image.ashx?id=2874856&use=l&cat=p&typeid=i","cat":284429},{"id":225,"n":"Couscous Comptoir du Grain Grain moyen - 1kg","p":1.44,"u":"1,44 €/KG","img":"https://fd9-photos.leclercdrive.fr/image.ashx?id=3012794&use=l&cat=p&typeid=i","cat":284429},{"id":229,"n":"Blé précuit Comptoir du Grain Cuisson rapide 10 min - 500g","p":1.54,"u":"3,08 €/KG","img":"https://fd9-photos.leclercdrive.fr/image.ashx?id=1986243&use=l&cat=p&typeid=i","cat":284429},{"id":230,"n":"Pois cassés Notre Jardin 500g","p":1.05,"u":"2,10 €/KG","img":"https://fd9-photos.leclercdrive.fr/image.ashx?id=2983772&use=l&cat=p&typeid=i","cat":284430},{"id":240,"n":"Soupe Régal Soupe Poireaux Pommes de terre - 1L","p":1.19,"u":"1,19 €/L","img":"https://fd9-photos.leclercdrive.fr/image.ashx?id=2983784&use=l&cat=p&typeid=i","cat":284462},{"id":242,"n":"Soupe Velouté Régal Soupe Potiron - 1L","p":1.35,"u":"1,35 €/L","img":"https://fd9-photos.leclercdrive.fr/image.ashx?id=2983787&use=l&cat=p&typeid=i","cat":284462},{"id":255,"n":"Arôme Saveur Maggi 250g","p":1.86,"u":"7,44 €/KG","img":"https://fd9-photos.leclercdrive.fr/image.ashx?id=2671960&use=l&cat=p&typeid=i","cat":288379},{"id":259,"n":"Assaisonnement Liquide KNORR Viandox - 160ml","p":1.46,"pp":1.02,"u":"6,38 €/L","img":"https://fd9-photos.leclercdrive.fr/image.ashx?id=2705215&use=l&cat=p&typeid=i","cat":288383},{"id":267,"n":"Biscuits Petit Ecolier LU Chocolat au lait - 120g","p":2.07,"u":"17,25 €/KG","img":"https://fd9-photos.leclercdrive.fr/image.ashx?id=3014404&use=l&cat=p&typeid=i","cat":284488},{"id":270,"n":"Biscuits Petit Ecolier LU Chocolat noir - 150g","p":1.73,"u":"11,53 €/KG","img":"https://fd9-photos.leclercdrive.fr/image.ashx?id=2944359&use=l&cat=p&typeid=i","cat":284488},{"id":274,"n":"Biscuits Pocket Prince Chocolat - 400g","p":2.27,"u":"5,68 €/KG","img":"https://fd9-photos.leclercdrive.fr/image.ashx?id=3002207&use=l&cat=p&typeid=i","cat":284488},{"id":278,"n":"Biscuits La Barquette Lulu LU Chocolat noisettes - 2x120g","p":2.0,"u":"8,33 €/KG","img":"https://fd9-photos.leclercdrive.fr/image.ashx?id=2135740&use=l&cat=p&typeid=i","cat":284488},{"id":283,"n":"Biscuit Petit beurre P'tit Déli Chocolat au lait pocket - 250g","p":2.25,"u":"9,00 €/KG","img":"https://fd9-photos.leclercdrive.fr/image.ashx?id=750519&use=l&cat=p&typeid=i","cat":284488},{"id":284,"n":"Biscuits P'tit Déli ronds Chocolat lait 200g","p":1.2,"u":"6,00 €/KG","img":"https://fd9-photos.leclercdrive.fr/image.ashx?id=2884210&use=l&cat=p&typeid=i","cat":284488},{"id":286,"n":"Biscuits barquette P'tit Déli Chocolat et noisette x18 - 120g","p":0.89,"u":"7,42 €/KG","img":"https://fd9-photos.leclercdrive.fr/image.ashx?id=2705065&use=l&cat=p&typeid=i","cat":284488},{"id":288,"n":"Gaufrettes P'tit Déli  Enrobées chocolat 150g","p":1.59,"u":"10,60 €/KG","img":"https://fd9-photos.leclercdrive.fr/image.ashx?id=2965416&use=l&cat=p&typeid=i","cat":284488},{"id":289,"n":"Mini goûters P'tit Déli Chocolat 168g","p":1.13,"u":"6,73 €/KG","img":"https://fd9-photos.leclercdrive.fr/image.ashx?id=2321941&use=l&cat=p&typeid=i","cat":284488},{"id":290,"n":"Biscuits P'tit Déli Bâtonnets Chocolat 150g","p":1.19,"u":"7,93 €/KG","img":"https://fd9-photos.leclercdrive.fr/image.ashx?id=2470189&use=l&cat=p&typeid=i","cat":284488},{"id":291,"n":"Goûter Moelleux P'tit Déli  Lait et cacao x10 420g","p":2.81,"u":"6,69 €/KG","img":"https://fd9-photos.leclercdrive.fr/image.ashx?id=2610684&use=l&cat=p&typeid=i","cat":284495},{"id":292,"n":"Biscuits fourrés P'tit Déli Coeur fondant chocolat - 225g","p":1.26,"u":"5,60 €/KG","img":"https://fd9-photos.leclercdrive.fr/image.ashx?id=2932393&use=l&cat=p&typeid=i","cat":284488},{"id":296,"n":"Biscuits La Barquette Lulu LU Fraise - 2x120g","p":2.21,"u":"9,21 €/KG","img":"https://fd9-photos.leclercdrive.fr/image.ashx?id=3001952&use=l&cat=p&typeid=i","cat":284489},{"id":304,"n":"Génoises fourrées P'tit Déli - 150g","p":1.39,"u":"9,27 €/KG","img":"https://fd9-photos.leclercdrive.fr/image.ashx?id=2470192&use=l&cat=p&typeid=i","cat":284489},{"id":310,"n":"Biscuits boudoirs P'tit Déli Aux oeufs - 175g","p":1.38,"u":"7,89 €/KG","img":"https://fd9-photos.leclercdrive.fr/image.ashx?id=828485&use=l&cat=p&typeid=i","cat":284487},{"id":313,"n":"Biscuits palmiers P'tit Déli 100g","p":0.59,"u":"5,90 €/KG","img":"https://fd9-photos.leclercdrive.fr/image.ashx?id=2940896&use=l&cat=p&typeid=i","cat":284487},{"id":314,"n":"Biscuits langue chat P'tit Déli 200g","p":1.28,"u":"6,40 €/KG","img":"https://fd9-photos.leclercdrive.fr/image.ashx?id=552395&use=l&cat=p&typeid=i","cat":284487},{"id":315,"n":"Biscuits cigarettes P'tit Déli Fines 180g","p":0.94,"u":"5,22 €/KG","img":"https://fd9-photos.leclercdrive.fr/image.ashx?id=2907039&use=l&cat=p&typeid=i","cat":284487},{"id":316,"n":"Palets bretons P'tit Déli 125g","p":0.97,"u":"7,76 €/KG","img":"https://fd9-photos.leclercdrive.fr/image.ashx?id=2809650&use=l&cat=p&typeid=i","cat":284487},{"id":323,"n":"Gâteaux Mini roulés Pépito Chocolat - 150g","p":1.73,"u":"11,53 €/KG","img":"https://fd9-photos.leclercdrive.fr/image.ashx?id=2331898&use=l&cat=p&typeid=i","cat":284495},{"id":325,"n":"Galettes Bretonnes P'tit Déli Pur beurre - 125g","p":0.73,"u":"5,84 €/KG","img":"https://fd9-photos.leclercdrive.fr/image.ashx?id=2847943&use=l&cat=p&typeid=i","cat":284487},{"id":327,"n":"Biscuits P'tit Déli Cookies Chocolat nougatine 200g","p":1.35,"u":"6,75 €/KG","img":"https://fd9-photos.leclercdrive.fr/image.ashx?id=2042798&use=l&cat=p&typeid=i","cat":325066},{"id":328,"n":"Biscuits Cookies P'tit Déli Chocolat pépite chocolat - 200g","p":1.35,"u":"6,75 €/KG","img":"https://fd9-photos.leclercdrive.fr/image.ashx?id=2900025&use=l&cat=p&typeid=i","cat":325066},{"id":350,"n":"Pain de mie nature Epi d'Or Grandes tranches - 550g","p":1.09,"u":"1,98 €/KG","img":"https://fd9-photos.leclercdrive.fr/image.ashx?id=2860700&use=l&cat=p&typeid=i","cat":284477},{"id":352,"n":"Pain de mie nature Epi d'Or  Extra-moelleux - 500g","p":0.95,"u":"1,90 €/KG","img":"https://fd9-photos.leclercdrive.fr/image.ashx?id=2860697&use=l&cat=p&typeid=i","cat":284477},{"id":360,"n":"Pains au lait Epi d'Or Pépites chocolat - 350g","p":2.29,"u":"6,54 €/KG","img":"https://fd9-photos.leclercdrive.fr/image.ashx?id=2867895&use=l&cat=p&typeid=i","cat":293505},{"id":362,"n":"Briochettes Epi d'Or Nature x12 - 480g","p":1.49,"u":"3,10 €/KG","img":"https://fd9-photos.leclercdrive.fr/image.ashx?id=2860709&use=l&cat=p&typeid=i","cat":284478},{"id":363,"n":"Pains au lait Epi d'Or x10 - 350g","p":1.19,"u":"3,40 €/KG","img":"https://fd9-photos.leclercdrive.fr/image.ashx?id=2860688&use=l&cat=p&typeid=i","cat":293505},{"id":364,"n":"Pains au chocolat Epi d'Or x8 - 360g","p":1.89,"u":"5,25 €/KG","img":"https://fd9-photos.leclercdrive.fr/image.ashx?id=2860691&use=l&cat=p&typeid=i","cat":296366},{"id":367,"n":"Barre patissière P'tit Déli 800g","p":2.2,"u":"2,75 €/KG","img":"https://fd9-photos.leclercdrive.fr/image.ashx?id=2074379&use=l&cat=p&typeid=i","cat":294776},{"id":368,"n":"Madeleine P'tit Déli coquilles Sachet 1kg","p":3.4,"u":"3,40 €/KG","img":"https://fd9-photos.leclercdrive.fr/image.ashx?id=2999493&use=l&cat=p&typeid=i","cat":284492},{"id":369,"n":"Marbré P'tit Déli 300g","p":1.89,"u":"6,30 €/KG","img":"https://fd9-photos.leclercdrive.fr/image.ashx?id=2562698&use=l&cat=p&typeid=i","cat":294776},{"id":376,"n":"Biscottes Cracotte LU  Froment - 250g","p":1.49,"u":"5,96 €/KG","img":"https://fd9-photos.leclercdrive.fr/image.ashx?id=3002006&use=l&cat=p&typeid=i","cat":284479},{"id":377,"n":"Biscottes Cracotte LU Gourmande - 250g","p":1.62,"u":"6,48 €/KG","img":"https://fd9-photos.leclercdrive.fr/image.ashx?id=3002009&use=l&cat=p&typeid=i","cat":284479},{"id":378,"n":"Biscottes Cracotte LU  Céréales complètes - 250g","p":1.63,"u":"6,52 €/KG","img":"https://fd9-photos.leclercdrive.fr/image.ashx?id=3002012&use=l&cat=p&typeid=i","cat":284479},{"id":382,"n":"Biscottes Epi d'Or 6 céréales x36 - 300g","p":1.22,"u":"4,07 €/KG","img":"https://fd9-photos.leclercdrive.fr/image.ashx?id=2532832&use=l&cat=p&typeid=i","cat":284479},{"id":384,"n":"Biscottes Epi d'Or froment x36 - 300g","p":1.37,"u":"4,57 €/KG","img":"https://fd9-photos.leclercdrive.fr/image.ashx?id=2634854&use=l&cat=p&typeid=i","cat":284479},{"id":388,"n":"Tartines craquantes Epi d'Or  Froment - 250g","p":1.05,"u":"4,20 €/KG","img":"https://fd9-photos.leclercdrive.fr/image.ashx?id=2856121&use=l&cat=p&typeid=i","cat":284479},{"id":399,"n":"Café moulu Plantation Intense et aromatique - 2x250g","p":6.8,"u":"13,60 €/KG","img":"https://fd9-photos.leclercdrive.fr/image.ashx?id=2607398&use=l&cat=p&typeid=i","cat":284750},{"id":400,"n":"Café moulu Plantation  Intense et aromatique - 250g","p":3.5,"u":"14,00 €/KG","img":"https://fd9-photos.leclercdrive.fr/image.ashx?id=2555050&use=l&cat=p&typeid=i","cat":284750},{"id":401,"n":"Café moulu Plantation  Brésil - 2x250g","p":7.19,"u":"14,38 €/KG","img":"https://fd9-photos.leclercdrive.fr/image.ashx?id=2824247&use=l&cat=p&typeid=i","cat":284750},{"id":402,"n":"Café moulu Plantation  Tradition - 4x250g","p":9.69,"u":"9,69 €/KG","img":"https://fd9-photos.leclercdrive.fr/image.ashx?id=2856408&use=l&cat=p&typeid=i","cat":284750},{"id":405,"n":"Café Soluble Nescafé Spécial Filtre Original - 200g","p":7.84,"u":"39,20 €/KG","img":"https://fd9-photos.leclercdrive.fr/image.ashx?id=2837154&use=l&cat=p&typeid=i","cat":284843},{"id":407,"n":"Café et Chicorée Soluble Ricoré Lait - 400g","p":6.1,"u":"15,25 €/KG","img":"https://fd9-photos.leclercdrive.fr/image.ashx?id=2979617&use=l&cat=p&typeid=i","cat":284843},{"id":435,"n":"Infusion Tiséa Tilleul Menthe - x25","p":1.05,"u":"26,25 €/KG","img":"https://fd9-photos.leclercdrive.fr/image.ashx?id=2481748&use=l&cat=p&typeid=i","cat":293234},{"id":436,"n":"Infusion Tiséa Verveine - x25","p":0.92,"u":"23,00 €/KG","img":"https://fd9-photos.leclercdrive.fr/image.ashx?id=2900328&use=l&cat=p&typeid=i","cat":293234},{"id":437,"n":"Infusion Tiséa Verveine Orange - x25","p":1.34,"u":"33,50 €/KG","img":"https://fd9-photos.leclercdrive.fr/image.ashx?id=2757915&use=l&cat=p&typeid=i","cat":293234},{"id":444,"n":"Lait en poudre Régilait Demi écrémé - 300g","p":2.41,"u":"8,03 €/KG","img":"https://fd9-photos.leclercdrive.fr/image.ashx?id=2110077&use=l&cat=p&typeid=i","cat":299162},{"id":446,"n":"Lait en poudre Délisse Ecrémé - 300g","p":2.1,"u":"7,00 €/KG","img":"https://fd9-photos.leclercdrive.fr/image.ashx?id=2545467&use=l&cat=p&typeid=i","cat":299162},{"id":450,"n":"Chocolat poudre Van Houten 250g","p":4.17,"u":"16,68 €/KG","img":"https://fd9-photos.leclercdrive.fr/image.ashx?id=2647173&use=l&cat=p&typeid=i","cat":293235},{"id":451,"n":"Confiture Bonne Maman Abricots - 370g","p":1.64,"u":"4,43 €/KG","img":"https://fd9-photos.leclercdrive.fr/image.ashx?id=3001275&use=l&cat=p&typeid=i","cat":284480},{"id":453,"n":"Confiture extra figues NRT De Provence - 315g","p":2.64,"u":"8,38 €/KG","img":"https://fd9-photos.leclercdrive.fr/image.ashx?id=2699801&use=l&cat=p&typeid=i","cat":284480},{"id":456,"n":"Céréales Golden Grahams Nestlé 375g","p":2.24,"u":"5,97 €/KG","img":"https://fd9-photos.leclercdrive.fr/image.ashx?id=2979830&use=l&cat=p&typeid=i","cat":309513},{"id":473,"n":"Céréales Lion Nestlé Caramel et Chocolat - 400g","p":2.62,"u":"6,55 €/KG","img":"https://fd9-photos.leclercdrive.fr/image.ashx?id=2927453&use=l&cat=p&typeid=i","cat":309513},{"id":474,"n":"Céréales Cookie Crisp Nestlé 375g","p":2.26,"u":"6,03 €/KG","img":"https://fd9-photos.leclercdrive.fr/image.ashx?id=2926443&use=l&cat=p&typeid=i","cat":309513},{"id":486,"n":"Sucre en poudre Saint Louis 1kg","p":1.81,"u":"1,81 €/KG","img":"https://fd9-photos.leclercdrive.fr/image.ashx?id=2624239&use=l&cat=p&typeid=i","cat":284502},{"id":491,"n":"Levure boulangère Francine 30g","p":1.16,"u":"38,67 €/KG","img":"https://fd9-photos.leclercdrive.fr/image.ashx?id=2210083&use=l&cat=p&typeid=i","cat":294686},{"id":492,"n":"Farine fluide Tablier Blanc Sans grumeaux - 1kg","p":0.85,"u":"0,85 €/KG","img":"https://fd9-photos.leclercdrive.fr/image.ashx?id=2487422&use=l&cat=p&typeid=i","cat":284503},{"id":494,"n":"Levure boulangère Alsa Briochin - x5 - 27.5g","p":0.8,"u":"28,57 €/KG","img":"https://fd9-photos.leclercdrive.fr/image.ashx?id=3007906&use=l&cat=p&typeid=i","cat":294686},{"id":495,"n":"Sucre vanilliné Tablier Blanc x10 - 75g","p":0.73,"u":"9,73 €/KG","img":"https://fd9-photos.leclercdrive.fr/image.ashx?id=2487434&use=l&cat=p&typeid=i","cat":284504},{"id":496,"n":"Sucre Vanillé des Isles Alsa x7 - 52.5g","p":2.4,"u":"46,15 €/KG","img":"https://fd9-photos.leclercdrive.fr/image.ashx?id=2965867&use=l&cat=p&typeid=i","cat":294686},{"id":497,"n":"Sucre Vanillé Alsa x12 - 90g","p":2.02,"u":"22,44 €/KG","img":"https://fd9-photos.leclercdrive.fr/image.ashx?id=3004459&use=l&cat=p&typeid=i","cat":294686},{"id":528,"n":"Bonbons Copains Copines Cola acide - 275 g","p":1.53,"u":"5,56 €/KG","img":"https://fd9-photos.leclercdrive.fr/image.ashx?id=2934658&use=l&cat=p&typeid=i","cat":304250},{"id":529,"n":"Bonbons Copains Copines Chocours 200g","p":1.25,"u":"6,25 €/KG","img":"https://fd9-photos.leclercdrive.fr/image.ashx?id=2934649&use=l&cat=p&typeid=i","cat":304250},{"id":547,"n":"Eau de source de Montagne 5L","p":0.87,"u":"0,17 €/L","img":"https://fd9-photos.leclercdrive.fr/image.ashx?id=2699420&use=l&cat=p&typeid=i","cat":284535},{"id":567,"n":"Eau gazeuse San Pellegrino Minérale naturelle - 6x50cl","p":2.99,"u":"1,00 €/L","img":"https://fd9-photos.leclercdrive.fr/image.ashx?id=2145871&use=l&cat=p&typeid=i","cat":284536},{"id":589,"n":"Sirop Frucci Orange - 75cl","p":3.25,"u":"4,33 €/L","img":"https://fd9-photos.leclercdrive.fr/image.ashx?id=2909864&use=l&cat=p&typeid=i","cat":295020},{"id":591,"n":"Sirop Frucci Citron - 75cl","p":1.69,"u":"2,25 €/L","img":"https://fd9-photos.leclercdrive.fr/image.ashx?id=2842214&use=l&cat=p&typeid=i","cat":295020},{"id":592,"n":"Sirop Frucci Grenadine - 75cl","p":1.99,"u":"2,65 €/L","img":"https://fd9-photos.leclercdrive.fr/image.ashx?id=2842220&use=l&cat=p&typeid=i","cat":295020},{"id":593,"n":"Sirop Frucci Pêche - 75cl","p":2.39,"u":"3,19 €/L","img":"https://fd9-photos.leclercdrive.fr/image.ashx?id=2842226&use=l&cat=p&typeid=i","cat":295020},{"id":594,"n":"Sirop Frucci Framboise - 75cl","p":3.52,"u":"4,69 €/L","img":"https://fd9-photos.leclercdrive.fr/image.ashx?id=2909867&use=l&cat=p&typeid=i","cat":295020},{"id":595,"n":"Sirop Frucci Fraise - 75cl","p":2.69,"u":"3,59 €/L","img":"https://fd9-photos.leclercdrive.fr/image.ashx?id=2842232&use=l&cat=p&typeid=i","cat":295020},{"id":596,"n":"Sirop Frucci Cassis - 75cl","p":2.94,"u":"3,92 €/L","img":"https://fd9-photos.leclercdrive.fr/image.ashx?id=2842238&use=l&cat=p&typeid=i","cat":295020},{"id":598,"n":"100% Pur jus de tomate Jafaden bouteille plastique -1L","p":2.05,"u":"2,05 €/L","img":"https://fd9-photos.leclercdrive.fr/image.ashx?id=2860682&use=l&cat=p&typeid=i","cat":284523},{"id":612,"n":"100% Pur jus d'orange Jafaden Sans pulpe - 1L","p":2.22,"u":"2,22 €/L","img":"https://fd9-photos.leclercdrive.fr/image.ashx?id=2955620&use=l&cat=p&typeid=i","cat":284521},{"id":613,"n":"Jus d'orange Jafaden A base de concentré - 6x20cl","p":1.99,"u":"1,66 €/L","img":"https://fd9-photos.leclercdrive.fr/image.ashx?id=2751871&use=l&cat=p&typeid=i","cat":284524},{"id":618,"n":"Nectar d'orange Jafaden Avec pulpe - 1L","p":1.69,"u":"1,69 €/L","img":"https://fd9-photos.leclercdrive.fr/image.ashx?id=2955638&use=l&cat=p&typeid=i","cat":284521},{"id":619,"n":"Nectar orange Jafaden 2L","p":2.52,"u":"1,26 €/L","img":"https://fd9-photos.leclercdrive.fr/image.ashx?id=2955644&use=l&cat=p&typeid=i","cat":284521},{"id":625,"n":"Pur jus raisin Jafaden 1L","p":1.55,"u":"1,55 €/L","img":"https://fd9-photos.leclercdrive.fr/image.ashx?id=2978507&use=l&cat=p&typeid=i","cat":284915},{"id":627,"n":"Jus pamplemousse rose Jafaden A base de concentré - 1L","p":1.55,"u":"1,55 €/L","img":"https://fd9-photos.leclercdrive.fr/image.ashx?id=2520005&use=l&cat=p&typeid=i","cat":284914},{"id":630,"n":"Nectar Jafaden Orange banane - 2L","p":3.19,"u":"1,60 €/L","img":"https://fd9-photos.leclercdrive.fr/image.ashx?id=2955680&use=l&cat=p&typeid=i","cat":284915},{"id":632,"n":"Jus ananas Jafaden A base de concentré 1L","p":1.75,"u":"1,75 €/L","img":"https://fd9-photos.leclercdrive.fr/image.ashx?id=2919592&use=l&cat=p&typeid=i","cat":284916},{"id":633,"n":"Jus d'ananas Jafaden Briquettes - 6x20cl","p":2.7,"u":"2,25 €/L","img":"https://fd9-photos.leclercdrive.fr/image.ashx?id=2869775&use=l&cat=p&typeid=i","cat":284524},{"id":638,"n":"Jus multifruits Jafaden 1L","p":1.89,"u":"1,89 €/L","img":"https://fd9-photos.leclercdrive.fr/image.ashx?id=2916659&use=l&cat=p&typeid=i","cat":285435},{"id":655,"n":"Soda Jean's Cola Bouteille - 1,5L","p":1.09,"u":"0,73 €/L","img":"https://fd9-photos.leclercdrive.fr/image.ashx?id=2637826&use=l&cat=p&typeid=i","cat":284530},{"id":656,"n":"Soda Jean's Cola Canette - 6x33cl","p":2.26,"u":"1,14 €/L","img":"https://fd9-photos.leclercdrive.fr/image.ashx?id=2637829&use=l&cat=p&typeid=i","cat":284530},{"id":657,"n":"Soda Jean's Cola allégé Bouteille - 1,5L","p":0.87,"u":"0,58 €/L","img":"https://fd9-photos.leclercdrive.fr/image.ashx?id=2874681&use=l&cat=p&typeid=i","cat":284530},{"id":668,"n":"Limonade artisanale NRT 1L","p":2.75,"u":"2,75 €/L","img":"https://fd9-photos.leclercdrive.fr/image.ashx?id=2791066&use=l&cat=p&typeid=i","cat":284531},{"id":669,"n":"Limonade des Pyrénées NRT 6x33cl","p":3.35,"u":"1,69 €/L","img":"https://fd9-photos.leclercdrive.fr/image.ashx?id=2771055&use=l&cat=p&typeid=i","cat":284531},{"id":683,"n":"Soda Pulp'Orange rouge Bouteille - 1,5L","p":1.59,"u":"1,06 €/L","img":"https://fd9-photos.leclercdrive.fr/image.ashx?id=2922394&use=l&cat=p&typeid=i","cat":284532},{"id":689,"n":"Thé glacé Fresh Tea Pêche - Canette -  6x33cl","p":2.49,"u":"1,26 €/L","img":"https://fd9-photos.leclercdrive.fr/image.ashx?id=2622239&use=l&cat=p&typeid=i","cat":295019},{"id":700,"n":"Bière blonde 1664 5,5° - 4x50cl canettes","p":4.64,"u":"2,32 €/L","img":"https://fd9-photos.leclercdrive.fr/image.ashx?id=2793536&use=l&cat=p&typeid=i","cat":334853},{"id":726,"n":"Bière blonde Amsterdam  Maximator 11.6% vol. - 50cl","p":1.78,"u":"3,56 €/L","img":"https://fd9-photos.leclercdrive.fr/image.ashx?id=2190897&use=l&cat=p&typeid=i","cat":334853},{"id":731,"n":"Bière blonde forte Falsbourg Canette - 8%vol. - 50cl","p":0.98,"u":"1,96 €/L","img":"https://fd9-photos.leclercdrive.fr/image.ashx?id=2637838&use=l&cat=p&typeid=i","cat":334853},{"id":742,"n":"AOP Cabernet d'Anjou vin rosé Les Caractères - BIB 3L - 11%","p":13.49,"u":"4,50 €/L","img":"https://fd9-photos.leclercdrive.fr/image.ashx?id=2940902&use=l&cat=p&typeid=i","cat":289560},{"id":744,"n":"Cidre bouché Les Goelleries Breton brut 5%vol. - 75cl","p":1.99,"u":"2,65 €/L","img":"https://fd9-photos.leclercdrive.fr/image.ashx?id=2842184&use=l&cat=p&typeid=i","cat":334880},{"id":749,"n":"Camembert Les Croisés 20%MG - 250g","p":1.53,"u":"6,12 €/KG","img":"https://fd9-photos.leclercdrive.fr/image.ashx?id=2974759&use=l&cat=p&typeid=i","cat":314033},{"id":750,"n":"Camembert de Pays Les Croisés 21% mg - 250 gr","p":1.75,"u":"7,00 €/KG","img":"https://fd9-photos.leclercdrive.fr/image.ashx?id=2974795&use=l&cat=p&typeid=i","cat":314033},{"id":751,"n":"Coulommiers Les Croisés Tendre/Onctueux - 24%mg - 350g","p":2.15,"u":"6,14 €/KG","img":"https://fd9-photos.leclercdrive.fr/image.ashx?id=2974765&use=l&cat=p&typeid=i","cat":314033},{"id":752,"n":"Petit Brie Les Croisés 32% matière grasse - 500g","p":4.31,"u":"8,62 €/KG","img":"https://fd9-photos.leclercdrive.fr/image.ashx?id=2974792&use=l&cat=p&typeid=i","cat":314033},{"id":753,"n":"Pointe de Brie Les Croisés 32% mg - 200g","p":1.45,"u":"7,25 €/KG","img":"https://fd9-photos.leclercdrive.fr/image.ashx?id=2974774&use=l&cat=p&typeid=i","cat":314033},{"id":754,"n":"Fromage Les Croisés Coeur Crème Lait pasteurisé 33%mg - 300g","p":2.29,"u":"7,63 €/KG","img":"https://fd9-photos.leclercdrive.fr/image.ashx?id=2970726&use=l&cat=p&typeid=i","cat":314033},{"id":757,"n":"Fromage Comté Entremont 32 %mg - 350g","p":5.24,"u":"14,97 €/KG","img":"https://fd9-photos.leclercdrive.fr/image.ashx?id=2983147&use=l&cat=p&typeid=i","cat":314034},{"id":760,"n":"Emmental fromage bloc Les Croisés - 250g","p":2.24,"u":"8,96 €/KG","img":"https://fd9-photos.leclercdrive.fr/image.ashx?id=2904550&use=l&cat=p&typeid=i","cat":314034},{"id":764,"n":"Fromage Bleu Les Croisés Lait pasteurisé 31% mg - 250g","p":2.29,"u":"9,16 €/KG","img":"https://fd9-photos.leclercdrive.fr/image.ashx?id=2642100&use=l&cat=p&typeid=i","cat":314032},{"id":768,"n":"Fromage de chèvre Les Croisés Lait pasteurisé 22%mg - 180g","p":2.29,"u":"12,72 €/KG","img":"https://fd9-photos.leclercdrive.fr/image.ashx?id=2048615&use=l&cat=p&typeid=i","cat":314031},{"id":769,"n":"Fromage de Brebis Les Croisés -Tranche - 200g","p":2.22,"u":"11,10 €/KG","img":"https://fd9-photos.leclercdrive.fr/image.ashx?id=2237499&use=l&cat=p&typeid=i","cat":314031},{"id":786,"n":"Chaussée aux Moines 450g","p":3.99,"u":"8,87 €/KG","img":"https://fd9-photos.leclercdrive.fr/image.ashx?id=2771166&use=l&cat=p&typeid=i","cat":329184},{"id":787,"n":"Fromage L'Ortolan  Fromagerie Milleret - 250g","p":2.45,"u":"9,80 €/KG","img":"https://fd9-photos.leclercdrive.fr/image.ashx?id=2450913&use=l&cat=p&typeid=i","cat":314033},{"id":794,"n":"Rocamadour NRT AOP  Fromage de chèvre - 3x35g","p":2.69,"u":"25,62 €/KG","img":"https://fd9-photos.leclercdrive.fr/image.ashx?id=2954142&use=l&cat=p&typeid=i","cat":314031},{"id":795,"n":"Fromage Brique Les Croisés Lait pasteurisé 60%mg - 200g","p":1.74,"u":"8,70 €/KG","img":"https://fd9-photos.leclercdrive.fr/image.ashx?id=2615804&use=l&cat=p&typeid=i","cat":314033},{"id":796,"n":"Fromage raclette Les Croisés Tranchette lait pasteurisé 400g","p":3.89,"u":"9,73 €/KG","img":"https://fd9-photos.leclercdrive.fr/image.ashx?id=2791704&use=l&cat=p&typeid=i","cat":314037},{"id":800,"n":"Mozzarella Les Croisés - 125g","p":0.93,"u":"7,44 €/KG","img":"https://fd9-photos.leclercdrive.fr/image.ashx?id=2122682&use=l&cat=p&typeid=i","cat":314026},{"id":806,"n":"Emmental fromage rapé Les Croisés - 500g","p":3.99,"u":"7,98 €/KG","img":"https://fd9-photos.leclercdrive.fr/image.ashx?id=2832903&use=l&cat=p&typeid=i","cat":314035},{"id":807,"n":"Emmental fromage rapé Les Croisés - 200g","p":1.65,"u":"8,25 €/KG","img":"https://fd9-photos.leclercdrive.fr/image.ashx?id=2949409&use=l&cat=p&typeid=i","cat":314035},{"id":808,"n":"Emmental fromage rapé Les Croisés - 100g","p":1.1,"u":"11,00 €/KG","img":"https://fd9-photos.leclercdrive.fr/image.ashx?id=2832885&use=l&cat=p&typeid=i","cat":314035},{"id":809,"n":"Râpé Parmigiano Reggiano AOP Les Croisés - 60g","p":1.1,"u":"18,33 €/KG","img":"https://fd9-photos.leclercdrive.fr/image.ashx?id=2903947&use=l&cat=p&typeid=i","cat":314035},{"id":810,"n":"Râpé Grana Padano AOP Les Croisés - 100g","p":1.5,"u":"15,00 €/KG","img":"https://fd9-photos.leclercdrive.fr/image.ashx?id=2903938&use=l&cat=p&typeid=i","cat":314035},{"id":816,"n":"Yaourts Délisse Nature - 16x125g","p":2.25,"u":"1,13 €/KG","img":"https://fd9-photos.leclercdrive.fr/image.ashx?id=2974756&use=l&cat=p&typeid=i","cat":284409},{"id":817,"n":"Yaourts Délisse Nature - 12x125g","p":1.85,"u":"1,23 €/KG","img":"https://fd9-photos.leclercdrive.fr/image.ashx?id=2971867&use=l&cat=p&typeid=i","cat":284409},{"id":818,"n":"Yaourts brassés Délisse  Nature - 8x125g","p":1.65,"u":"1,65 €/KG","img":"https://fd9-photos.leclercdrive.fr/image.ashx?id=2742611&use=l&cat=p&typeid=i","cat":284409},{"id":819,"n":"Yaourts brassés Délisse Nature - 16x125g","p":2.99,"u":"1,50 €/KG","img":"https://fd9-photos.leclercdrive.fr/image.ashx?id=3003049&use=l&cat=p&typeid=i","cat":284409},{"id":821,"n":"Yaourts sucrés Délisse Nature - 16x125g","p":2.69,"u":"1,35 €/KG","img":"https://fd9-photos.leclercdrive.fr/image.ashx?id=2591485&use=l&cat=p&typeid=i","cat":284409},{"id":822,"n":"Yaourts à la Grecque Délisse Nature - 4x150g","p":1.29,"u":"2,15 €/KG","img":"https://fd9-photos.leclercdrive.fr/image.ashx?id=2882999&use=l&cat=p&typeid=i","cat":314999},{"id":834,"n":"Yaourts La Laitière Fruits pâtissiers - 12x125g","p":4.53,"u":"3,02 €/KG","img":"https://fd9-photos.leclercdrive.fr/image.ashx?id=2578684&use=l&cat=p&typeid=i","cat":314999},{"id":839,"n":"Yaourts crémeux Délisse Panaché de fruits - 16x125g","p":4.32,"u":"2,16 €/KG","img":"https://fd9-photos.leclercdrive.fr/image.ashx?id=2799236&use=l&cat=p&typeid=i","cat":284410},{"id":841,"n":"Yaourts brassés Délisse Panaché de fruits - 16x125g","p":3.26,"u":"1,63 €/KG","img":"https://fd9-photos.leclercdrive.fr/image.ashx?id=2494211&use=l&cat=p&typeid=i","cat":284410},{"id":842,"n":"Yaourts aux fruits Délisse Panaché de fruits - 16x125g","p":3.78,"u":"1,89 €/KG","img":"https://fd9-photos.leclercdrive.fr/image.ashx?id=2609544&use=l&cat=p&typeid=i","cat":284410},{"id":843,"n":"Yaourts Crème Délisse Stracciatella - 4x125g","p":2.04,"u":"4,08 €/KG","img":"https://fd9-photos.leclercdrive.fr/image.ashx?id=2117120&use=l&cat=p&typeid=i","cat":314999},{"id":855,"n":"Yaourts brassés Déli'light  Nature - 0% MG - 8x125g","p":2.13,"u":"2,13 €/KG","img":"https://fd9-photos.leclercdrive.fr/image.ashx?id=2865041&use=l&cat=p&typeid=i","cat":315000},{"id":871,"n":"Yaourts à boire DéliUp' Délisse Nature - 10x100g","p":2.85,"u":"2,85 €/KG","img":"https://fd9-photos.leclercdrive.fr/image.ashx?id=1713612&use=l&cat=p&typeid=i","cat":284415},{"id":872,"n":"Actifidus Delisse Nature - 12x125g","p":2.23,"u":"1,49 €/KG","img":"https://fd9-photos.leclercdrive.fr/image.ashx?id=2452666&use=l&cat=p&typeid=i","cat":315000},{"id":887,"n":"Fromage frais Délisse Fruits panachés 22%mg - 12x50g","p":1.51,"u":"2,52 €/KG","img":"https://fd9-photos.leclercdrive.fr/image.ashx?id=2922491&use=l&cat=p&typeid=i","cat":284414},{"id":891,"n":"Pot de Faisselle NRT 7% matière grasse 1kg","p":3.35,"u":"3,35 €/KG","img":"https://fd9-photos.leclercdrive.fr/image.ashx?id=1946904&use=l&cat=p&typeid=i","cat":284409},{"id":894,"n":"Fromage blanc Délisse Nature 0% MG - 8x100g","p":1.79,"u":"2,24 €/KG","img":"https://fd9-photos.leclercdrive.fr/image.ashx?id=2898817&use=l&cat=p&typeid=i","cat":315000},{"id":895,"n":"Fromage blanc Délisse Nature - 3,1% MG - 8x100g","p":1.79,"u":"2,24 €/KG","img":"https://fd9-photos.leclercdrive.fr/image.ashx?id=3012791&use=l&cat=p&typeid=i","cat":284409},{"id":897,"n":"Fromage blanc Délisse Nature 3.1% MG - 1kg","p":1.97,"u":"1,97 €/KG","img":"https://fd9-photos.leclercdrive.fr/image.ashx?id=3012788&use=l&cat=p&typeid=i","cat":284409},{"id":899,"n":"Dessert Enfant Petits Filous Chocolat - 6x100g","p":2.25,"u":"3,75 €/KG","img":"https://fd9-photos.leclercdrive.fr/image.ashx?id=2878828&use=l&cat=p&typeid=i","cat":284414},{"id":909,"n":"Crème dessert Danette Chocolat et lait - 6x70g","p":1.59,"u":"3,79 €/KG","img":"https://fd9-photos.leclercdrive.fr/image.ashx?id=1984855&use=l&cat=p&typeid=i","cat":285041},{"id":918,"n":"Crème dessert Délisse Café - 4x125g","p":0.89,"u":"1,78 €/KG","img":"https://fd9-photos.leclercdrive.fr/image.ashx?id=2441048&use=l&cat=p&typeid=i","cat":285041},{"id":919,"n":"Crème dessert Délisse Caramel - 4x125g","p":0.91,"u":"1,82 €/KG","img":"https://fd9-photos.leclercdrive.fr/image.ashx?id=2854204&use=l&cat=p&typeid=i","cat":285041},{"id":920,"n":"Crème dessert Délisse Chocolat - 4x125g","p":0.95,"u":"1,90 €/KG","img":"https://fd9-photos.leclercdrive.fr/image.ashx?id=2854207&use=l&cat=p&typeid=i","cat":285041},{"id":921,"n":"Crème dessert Délisse Vanille - 4x125g","p":0.89,"u":"1,78 €/KG","img":"https://fd9-photos.leclercdrive.fr/image.ashx?id=2854210&use=l&cat=p&typeid=i","cat":285041},{"id":922,"n":"Crème dessert Délisse Praliné - 4x125g","p":0.95,"u":"1,90 €/KG","img":"https://fd9-photos.leclercdrive.fr/image.ashx?id=2441066&use=l&cat=p&typeid=i","cat":285041},{"id":923,"n":"Crème dessert Délisse Panaché - 12x125g","p":2.83,"u":"1,89 €/KG","img":"https://fd9-photos.leclercdrive.fr/image.ashx?id=2465211&use=l&cat=p&typeid=i","cat":285041},{"id":924,"n":"Petit pot de crème Délisse Chocolat - 4x100g","p":1.88,"u":"4,70 €/KG","img":"https://fd9-photos.leclercdrive.fr/image.ashx?id=2544967&use=l&cat=p&typeid=i","cat":285041},{"id":925,"n":"Petit pot de crème Délisse Vanille - 4x100g","p":1.74,"u":"4,35 €/KG","img":"https://fd9-photos.leclercdrive.fr/image.ashx?id=2556508&use=l&cat=p&typeid=i","cat":285041},{"id":926,"n":"Petit pot de crème Délisse Noix de coco - 4x100g","p":2.1,"u":"5,25 €/KG","img":"https://fd9-photos.leclercdrive.fr/image.ashx?id=2722387&use=l&cat=p&typeid=i","cat":285041},{"id":927,"n":"Petit pot de crème Délisse Caramel - 4x100g","p":1.85,"u":"4,63 €/KG","img":"https://fd9-photos.leclercdrive.fr/image.ashx?id=2556511&use=l&cat=p&typeid=i","cat":285041},{"id":931,"n":"Dessert Liégeois Délisse Café - 4x100g","p":0.99,"u":"2,48 €/KG","img":"https://fd9-photos.leclercdrive.fr/image.ashx?id=1703224&use=l&cat=p&typeid=i","cat":285042},{"id":932,"n":"Dessert Liégeois Délisse Chocolat - 4x100g","p":1.1,"u":"2,75 €/KG","img":"https://fd9-photos.leclercdrive.fr/image.ashx?id=2636233&use=l&cat=p&typeid=i","cat":285042},{"id":933,"n":"Dessert Liégeois Délisse Chocolat Café - 8x100g","p":2.19,"u":"2,74 €/KG","img":"https://fd9-photos.leclercdrive.fr/image.ashx?id=1703227&use=l&cat=p&typeid=i","cat":285042},{"id":934,"n":"Dessert Liégeois Délisse Chocolat - 12x100g","p":3.14,"u":"2,62 €/KG","img":"https://fd9-photos.leclercdrive.fr/image.ashx?id=1868857&use=l&cat=p&typeid=i","cat":285042},{"id":935,"n":"Dessert Liégeois Délisse Vanille Caramel - 8x100g","p":1.98,"u":"2,48 €/KG","img":"https://fd9-photos.leclercdrive.fr/image.ashx?id=1713618&use=l&cat=p&typeid=i","cat":285042},{"id":936,"n":"Riz au lait Délisse  Vanille - 4x115g","p":1.35,"u":"2,93 €/KG","img":"https://fd9-photos.leclercdrive.fr/image.ashx?id=2489107&use=l&cat=p&typeid=i","cat":284418},{"id":937,"n":"Riz au lait Délisse Rhum Raisin - 4x115g","p":1.69,"u":"3,67 €/KG","img":"https://fd9-photos.leclercdrive.fr/image.ashx?id=2595089&use=l&cat=p&typeid=i","cat":284418},{"id":939,"n":"Semoule au lait Délisse Vanille - 4x115g","p":1.09,"u":"2,37 €/KG","img":"https://fd9-photos.leclercdrive.fr/image.ashx?id=2558377&use=l&cat=p&typeid=i","cat":284418},{"id":940,"n":"Gâteaux de riz Délisse 4x100g","p":1.49,"u":"3,73 €/KG","img":"https://fd9-photos.leclercdrive.fr/image.ashx?id=2898820&use=l&cat=p&typeid=i","cat":284418},{"id":942,"n":"Mousse à la liégeoise Délisse Vanille - 8x80g","p":2.62,"u":"4,09 €/KG","img":"https://fd9-photos.leclercdrive.fr/image.ashx?id=3009487&use=l&cat=p&typeid=i","cat":284417},{"id":943,"n":"Mousse Délisse Chocolat noir - 4x60g","p":1.15,"u":"4,79 €/KG","img":"https://fd9-photos.leclercdrive.fr/image.ashx?id=3009493&use=l&cat=p&typeid=i","cat":284417},{"id":944,"n":"Mousse au chocolat Délisse Chocolat au lait - 4x60g","p":1.15,"u":"4,79 €/KG","img":"https://fd9-photos.leclercdrive.fr/image.ashx?id=3009496&use=l&cat=p&typeid=i","cat":284417},{"id":945,"n":"Mousse chocolat Délisse Noir et lait coulis - 8x60g","p":2.25,"u":"4,69 €/KG","img":"https://fd9-photos.leclercdrive.fr/image.ashx?id=3009499&use=l&cat=p&typeid=i","cat":284417},{"id":946,"n":"Mousse Délisse Café - 4x60g","p":1.45,"u":"6,04 €/KG","img":"https://fd9-photos.leclercdrive.fr/image.ashx?id=3009505&use=l&cat=p&typeid=i","cat":284417},{"id":955,"n":"Ile flottante Délisse Crème anglaise - 4x100g","p":1.89,"u":"4,73 €/KG","img":"https://fd9-photos.leclercdrive.fr/image.ashx?id=2860706&use=l&cat=p&typeid=i","cat":284419},{"id":959,"n":"Flan Délisse Vanille Caramel - 4x100g","p":0.79,"u":"1,98 €/KG","img":"https://fd9-photos.leclercdrive.fr/image.ashx?id=2851640&use=l&cat=p&typeid=i","cat":284420},{"id":960,"n":"Flan Délisse Vanille Caramel - 16x100g","p":2.52,"u":"1,58 €/KG","img":"https://fd9-photos.leclercdrive.fr/image.ashx?id=2858977&use=l&cat=p&typeid=i","cat":284420},{"id":970,"n":"Boisson lactée au cacao Cacolac Bouteilles - 8x20cl","p":5.49,"u":"3,43 €/L","img":"https://fd9-photos.leclercdrive.fr/image.ashx?id=2762085&use=l&cat=p&typeid=i","cat":295246},{"id":979,"n":"Beurre Mini Elle&Vire  Doux - 82% MG - 16P - 200g","p":2.88,"u":"14,40 €/KG","img":"https://fd9-photos.leclercdrive.fr/image.ashx?id=2528397&use=l&cat=p&typeid=i","cat":284379},{"id":981,"n":"Beurre Montfleuri Doux - 60% MG - 250g","p":1.98,"u":"7,92 €/KG","img":"https://fd9-photos.leclercdrive.fr/image.ashx?id=2988569&use=l&cat=p&typeid=i","cat":284379},{"id":983,"n":"Beurre Tendre Les Croisés Doux - 82% MG - 250g","p":2.59,"u":"10,36 €/KG","img":"https://fd9-photos.leclercdrive.fr/image.ashx?id=2778018&use=l&cat=p&typeid=i","cat":284379},{"id":984,"n":"Beurre Extra fin Les Croisés Doux - 82% MG - 250g","p":2.95,"u":"11,80 €/KG","img":"https://fd9-photos.leclercdrive.fr/image.ashx?id=2839869&use=l&cat=p&typeid=i","cat":284379},{"id":985,"n":"Beurre de Bretagne Les Croisés Doux - 82% MG - 500g","p":4.89,"u":"9,78 €/KG","img":"https://fd9-photos.leclercdrive.fr/image.ashx?id=2893277&use=l&cat=p&typeid=i","cat":284379},{"id":986,"n":"Beurre de Baratte d'Isigny NRT AOP 82% MG - Doux - 250g","p":3.05,"u":"12,20 €/KG","img":"https://fd9-photos.leclercdrive.fr/image.ashx?id=2657274&use=l&cat=p&typeid=i","cat":284379},{"id":988,"n":"Beurre Les Croisés 80% MG  Demi-sel Extra fin - 250g","p":2.39,"u":"9,56 €/KG","img":"https://fd9-photos.leclercdrive.fr/image.ashx?id=2777952&use=l&cat=p&typeid=i","cat":284379},{"id":989,"n":"Beurre Tendre Les Croisés Demi-sel - 80% MG - 250g","p":2.62,"u":"10,48 €/KG","img":"https://fd9-photos.leclercdrive.fr/image.ashx?id=2778009&use=l&cat=p&typeid=i","cat":284379},{"id":990,"n":"Beurre Tendre Les Croisés Doux - 82% MG - 250g","p":2.29,"u":"9,16 €/KG","img":"https://fd9-photos.leclercdrive.fr/image.ashx?id=2839887&use=l&cat=p&typeid=i","cat":284379},{"id":991,"n":"Beurre de Bretagne Les Croisés Demi-sel - 80% MG - 500g","p":4.89,"u":"9,78 €/KG","img":"https://fd9-photos.leclercdrive.fr/image.ashx?id=2777970&use=l&cat=p&typeid=i","cat":284379},{"id":1003,"n":"Crème UHT Elle & Vire Fluide Entière - 30% MG - 1L","p":5.23,"u":"5,23 €/L","img":"https://fd9-photos.leclercdrive.fr/image.ashx?id=3008554&use=l&cat=p&typeid=i","cat":284381},{"id":1005,"n":"Crème Chantilly sucrée Délisse Entière sous pression - 250g","p":1.95,"u":"7,80 €/KG","img":"https://fd9-photos.leclercdrive.fr/image.ashx?id=3002512&use=l&cat=p&typeid=i","cat":284382},{"id":1006,"n":"Crème Chantilly sucrée Délisse Allégée sous pression - 250g","p":1.85,"u":"7,40 €/KG","img":"https://fd9-photos.leclercdrive.fr/image.ashx?id=3002515&use=l&cat=p&typeid=i","cat":284382},{"id":1008,"n":"Crème entière fluide Délisse 30%mg - 3x20cl","p":2.65,"u":"4,42 €/L","img":"https://fd9-photos.leclercdrive.fr/image.ashx?id=2509977&use=l&cat=p&typeid=i","cat":284381},{"id":1009,"n":"Crème légère semi-épaisse   Délisse 18%mg - 3x20cl","p":2.09,"u":"3,48 €/L","img":"https://fd9-photos.leclercdrive.fr/image.ashx?id=3002551&use=l&cat=p&typeid=i","cat":284381},{"id":1010,"n":"Crème entière d'Isigny AOP NRT 40cl","p":2.99,"u":"7,48 €/L","img":"https://fd9-photos.leclercdrive.fr/image.ashx?id=2255331&use=l&cat=p&typeid=i","cat":284381},{"id":1011,"n":"Crème fraîche légère Délisse Epaisse - 15% MG - 20cl","p":0.7,"u":"3,50 €/L","img":"https://fd9-photos.leclercdrive.fr/image.ashx?id=832927&use=l&cat=p&typeid=i","cat":284381},{"id":1012,"n":"Crème fraîche légère Délisse Epaisse - 15% MG  - 50cl","p":1.55,"u":"3,10 €/L","img":"https://fd9-photos.leclercdrive.fr/image.ashx?id=3002539&use=l&cat=p&typeid=i","cat":284381},{"id":1013,"n":"Crème fraîche entière Délisse Epaisse - 30% MG - 20cl","p":0.84,"u":"4,20 €/L","img":"https://fd9-photos.leclercdrive.fr/image.ashx?id=832931&use=l&cat=p&typeid=i","cat":284381},{"id":1014,"n":"Crème fraîche entière Délisse Epaisse - 30% MG- 50cl","p":1.95,"u":"3,90 €/L","img":"https://fd9-photos.leclercdrive.fr/image.ashx?id=3002524&use=l&cat=p&typeid=i","cat":284381},{"id":1021,"n":"Rosette de lyon Saint Azay 10 tranches - 100g","p":2.99,"u":"29,90 €/KG","img":"https://fd9-photos.leclercdrive.fr/image.ashx?id=2114415&use=l&cat=p&typeid=i","cat":316007},{"id":1022,"n":"Bacon Saint Azay x15 - 150g","p":1.79,"u":"11,93 €/KG","img":"https://fd9-photos.leclercdrive.fr/image.ashx?id=2974957&use=l&cat=p&typeid=i","cat":316007},{"id":1026,"n":"Assiette charcuterie Saint Azay 200g","p":5.54,"u":"27,70 €/KG","img":"https://fd9-photos.leclercdrive.fr/image.ashx?id=2257220&use=l&cat=p&typeid=i","cat":316007},{"id":1027,"n":"Plateau charcuteries Alsace NRT 200g","p":2.04,"u":"10,20 €/KG","img":"https://fd9-photos.leclercdrive.fr/image.ashx?id=2991479&use=l&cat=p&typeid=i","cat":316012},{"id":1029,"n":"Mini saucissons secs Saint Azay Nature - 75g","p":1.29,"u":"17,20 €/KG","img":"https://fd9-photos.leclercdrive.fr/image.ashx?id=2943617&use=l&cat=p&typeid=i","cat":316006},{"id":1030,"n":"Mini Saucissons secs Saint Azay Aux noix - 75g","p":1.35,"u":"18,00 €/KG","img":"https://fd9-photos.leclercdrive.fr/image.ashx?id=2943620&use=l&cat=p&typeid=i","cat":316006},{"id":1032,"n":"Saucisse sèche Saint Azay Qualité supérieure - 300g","p":3.46,"u":"11,53 €/KG","img":"https://fd9-photos.leclercdrive.fr/image.ashx?id=2283978&use=l&cat=p&typeid=i","cat":316006},{"id":1033,"n":"Chorizo Doux Saint Azay 225g","p":1.89,"u":"8,40 €/KG","img":"https://fd9-photos.leclercdrive.fr/image.ashx?id=2753460&use=l&cat=p&typeid=i","cat":316006},{"id":1034,"n":"Chorizo Fort Saint Azay 225g","p":1.89,"u":"8,40 €/KG","img":"https://fd9-photos.leclercdrive.fr/image.ashx?id=2753463&use=l&cat=p&typeid=i","cat":316006},{"id":1035,"n":"Chorizo Extra Fort Saint Azay 225g","p":1.89,"u":"8,40 €/KG","img":"https://fd9-photos.leclercdrive.fr/image.ashx?id=2430686&use=l&cat=p&typeid=i","cat":316006},{"id":1058,"n":"Jambon serrano IGP Saint Azay 6 tranches - 100g","p":1.69,"u":"16,90 €/KG","img":"https://fd9-photos.leclercdrive.fr/image.ashx?id=2850422&use=l&cat=p&typeid=i","cat":316007},{"id":1069,"n":"Saucisses de Montbéliard IGP NRT - 250g","p":3.19,"u":"12,76 €/KG","img":"https://fd9-photos.leclercdrive.fr/image.ashx?id=2991470&use=l&cat=p&typeid=i","cat":316012},{"id":1070,"n":"Saucisse de Morteau NRT IGP - 350g","p":5.41,"u":"15,46 €/KG","img":"https://fd9-photos.leclercdrive.fr/image.ashx?id=2991464&use=l&cat=p&typeid=i","cat":316012},{"id":1081,"n":"Véritables Knacks d'Alsace NRT X4 - 260g","p":2.79,"u":"10,73 €/KG","img":"https://fd9-photos.leclercdrive.fr/image.ashx?id=2991488&use=l&cat=p&typeid=i","cat":316012},{"id":1087,"n":"Pâté en croûte St Azay 450g","p":2.65,"u":"5,89 €/KG","img":"https://fd9-photos.leclercdrive.fr/image.ashx?id=2932396&use=l&cat=p&typeid=i","cat":316003},{"id":1103,"n":"Foie gras de canard entier Pierre de Chaumeyrac - 180g","p":13.49,"u":"74,94 €/KG","img":"https://fd9-photos.leclercdrive.fr/image.ashx?id=2801040&use=l&cat=p&typeid=i","cat":316008},{"id":1105,"n":"Carottes râpées Menu Fraîcheur  Assaisonnées - 500g","p":0.99,"u":"1,98 €/KG","img":"https://fd9-photos.leclercdrive.fr/image.ashx?id=2850811&use=l&cat=p&typeid=i","cat":333657},{"id":1106,"n":"Céleri Menu Fraîcheur  Rémoulade - 300g","p":0.99,"u":"3,30 €/KG","img":"https://fd9-photos.leclercdrive.fr/image.ashx?id=2819929&use=l&cat=p&typeid=i","cat":333657},{"id":1107,"n":"Taboulé Menu Fraîcheur A l'orientale - 300g","p":0.99,"u":"3,30 €/KG","img":"https://fd9-photos.leclercdrive.fr/image.ashx?id=2816546&use=l&cat=p&typeid=i","cat":333657},{"id":1109,"n":"Taboule Menu Fraîcheur Au poulet - 300g","p":1.39,"u":"4,63 €/KG","img":"https://fd9-photos.leclercdrive.fr/image.ashx?id=2901431&use=l&cat=p&typeid=i","cat":333657},{"id":1110,"n":"Riz cantonais Tables du Monde 400g","p":3.06,"u":"7,65 €/KG","img":"https://fd9-photos.leclercdrive.fr/image.ashx?id=2846553&use=l&cat=p&typeid=i","cat":333665},{"id":1115,"n":"Croque-monsieur Côté Croc 2x100g","p":1.36,"u":"6,80 €/KG","img":"https://fd9-photos.leclercdrive.fr/image.ashx?id=2873661&use=l&cat=p&typeid=i","cat":333671},{"id":1116,"n":"Croque-monsieur Côté Croc 2x135g","p":1.94,"u":"7,19 €/KG","img":"https://fd9-photos.leclercdrive.fr/image.ashx?id=2885765&use=l&cat=p&typeid=i","cat":333671},{"id":1117,"n":"Manchons de poulet Côté Croc 250g","p":2.49,"u":"9,96 €/KG","img":"https://fd9-photos.leclercdrive.fr/image.ashx?id=2560467&use=l&cat=p&typeid=i","cat":333685},{"id":1118,"n":"Manchons de poulet Côté Croc Méxicaine - 250g","p":2.49,"u":"9,96 €/KG","img":"https://fd9-photos.leclercdrive.fr/image.ashx?id=2570031&use=l&cat=p&typeid=i","cat":333685},{"id":1125,"n":"Cordons bleus Côté Croc Dinde - 200g","p":1.95,"u":"9,75 €/KG","img":"https://fd9-photos.leclercdrive.fr/image.ashx?id=2915113&use=l&cat=p&typeid=i","cat":333683},{"id":1126,"n":"Nuggets de poulet Côté Croc x10 - 200g","p":1.52,"u":"7,60 €/KG","img":"https://fd9-photos.leclercdrive.fr/image.ashx?id=2883312&use=l&cat=p&typeid=i","cat":333684},{"id":1127,"n":"Croque Fromage Père Dodu  x2 - 200g","p":2.25,"u":"11,25 €/KG","img":"https://fd9-photos.leclercdrive.fr/image.ashx?id=2956981&use=l&cat=p&typeid=i","cat":333683},{"id":1133,"n":"Nuggets de Poulet Père Dodu  x10 - 200g","p":2.16,"u":"10,80 €/KG","img":"https://fd9-photos.leclercdrive.fr/image.ashx?id=2956972&use=l&cat=p&typeid=i","cat":333684},{"id":1134,"n":"Nuggets de Fromage Père Dodu  x10 - 180g","p":2.4,"u":"13,33 €/KG","img":"https://fd9-photos.leclercdrive.fr/image.ashx?id=2956990&use=l&cat=p&typeid=i","cat":333684},{"id":1136,"n":"Pizza fraîche Turini 4 fromages - 450g","p":2.49,"u":"5,53 €/KG","img":"https://fd9-photos.leclercdrive.fr/image.ashx?id=2590412&use=l&cat=p&typeid=i","cat":333679},{"id":1137,"n":"Pizza Turini Chèvre lardons - 450g","p":2.58,"u":"5,73 €/KG","img":"https://fd9-photos.leclercdrive.fr/image.ashx?id=2727611&use=l&cat=p&typeid=i","cat":333679},{"id":1142,"n":"Ravioli Lustucru Selection  Boeuf - 300g","p":1.8,"u":"6,00 €/KG","img":"https://fd9-photos.leclercdrive.fr/image.ashx?id=2938659&use=l&cat=p&typeid=i","cat":333682},{"id":1144,"n":"Ravioli jambon Turini 300g","p":2.06,"u":"6,87 €/KG","img":"https://fd9-photos.leclercdrive.fr/image.ashx?id=2777997&use=l&cat=p&typeid=i","cat":333682},{"id":1145,"n":"Ravioli 4 fromages Turini 300g","p":1.49,"u":"4,97 €/KG","img":"https://fd9-photos.leclercdrive.fr/image.ashx?id=813114&use=l&cat=p&typeid=i","cat":333682},{"id":1147,"n":"Kit Pâte à pizza Croustipate 600g","p":3.07,"u":"5,12 €/KG","img":"https://fd9-photos.leclercdrive.fr/image.ashx?id=2161651&use=l&cat=p&typeid=i","cat":333681},{"id":1149,"n":"Pâte à pizza Tablier Blanc 260g","p":1.05,"u":"4,04 €/KG","img":"https://fd9-photos.leclercdrive.fr/image.ashx?id=2041773&use=l&cat=p&typeid=i","cat":333681},{"id":1150,"n":"Pâte sablée Tablier Blanc 230g","p":1.09,"u":"4,74 €/KG","img":"https://fd9-photos.leclercdrive.fr/image.ashx?id=2635898&use=l&cat=p&typeid=i","cat":333681},{"id":1151,"n":"Pâte feuilletée Tablier Blanc Au beurre - 230g","p":1.15,"u":"5,00 €/KG","img":"https://fd9-photos.leclercdrive.fr/image.ashx?id=2635895&use=l&cat=p&typeid=i","cat":333681},{"id":1152,"n":"Pâte feuilletée Tablier Blanc Prête à dérouler - 230g","p":0.74,"u":"3,22 €/KG","img":"https://fd9-photos.leclercdrive.fr/image.ashx?id=2635889&use=l&cat=p&typeid=i","cat":333681},{"id":1154,"n":"Lardons de saumon fumé Ronde des Mers - 90g","p":3.6,"u":"40,00 €/KG","img":"https://fd9-photos.leclercdrive.fr/image.ashx?id=2966240&use=l&cat=p&typeid=i","cat":285188},{"id":1163,"n":"Mini blinis Ronde des Mers x16 - 135g","p":0.99,"u":"7,33 €/KG","img":"https://fd9-photos.leclercdrive.fr/image.ashx?id=2981849&use=l&cat=p&typeid=i","cat":285191},{"id":1164,"n":"Bâtonnets surimi Pêche Océan MSC - 400g","p":2.19,"u":"5,48 €/KG","img":"https://fd9-photos.leclercdrive.fr/image.ashx?id=2981840&use=l&cat=p&typeid=i","cat":285189},{"id":1165,"n":"Bâtonnets Surimi Pêche Océan MSC - x30 - 500g","p":2.74,"u":"5,48 €/KG","img":"https://fd9-photos.leclercdrive.fr/image.ashx?id=2953227&use=l&cat=p&typeid=i","cat":285189},{"id":1166,"n":"Miettes de surimi Pêche Océan MSC - 180g","p":1.64,"u":"9,11 €/KG","img":"https://fd9-photos.leclercdrive.fr/image.ashx?id=2981861&use=l&cat=p&typeid=i","cat":285189},{"id":1167,"n":"Oeufs de lompe Ronde des mers Noir - MSC - 100g","p":2.6,"u":"26,00 €/KG","img":"https://fd9-photos.leclercdrive.fr/image.ashx?id=1511089&use=l&cat=p&typeid=i","cat":285191},{"id":1168,"n":"Filets de hareng Pêche Océan MSC - Doux - 200g","p":1.75,"u":"8,75 €/KG","img":"https://fd9-photos.leclercdrive.fr/image.ashx?id=2992489&use=l&cat=p&typeid=i","cat":285190},{"id":1169,"n":"Filets d'anchois Pêche Océan À l'huile d'olive - 105g","p":2.45,"u":"23,33 €/KG","img":"https://fd9-photos.leclercdrive.fr/image.ashx?id=1671925&use=l&cat=p&typeid=i","cat":285190},{"id":1175,"n":"Pizza Cuite sur pierre Turini Saumon crevettes - 400g","p":2.25,"u":"5,63 €/KG","img":"https://fd9-photos.leclercdrive.fr/image.ashx?id=2815217&use=l&cat=p&typeid=i","cat":284256},{"id":1178,"n":"Pizza Cuite sur pierre Volpone  Bolognaise - 400g","p":2.0,"u":"5,00 €/KG","img":"https://fd9-photos.leclercdrive.fr/image.ashx?id=2815208&use=l&cat=p&typeid=i","cat":284256},{"id":1179,"n":"Pizza Royale Turini Cuite au feu de bois - 440g","p":2.15,"u":"4,89 €/KG","img":"https://fd9-photos.leclercdrive.fr/image.ashx?id=2815199&use=l&cat=p&typeid=i","cat":284256},{"id":1180,"n":"Quiche Lorraine Côté Table 400g","p":2.49,"u":"6,23 €/KG","img":"https://fd9-photos.leclercdrive.fr/image.ashx?id=2869778&use=l&cat=p&typeid=i","cat":284257},{"id":1181,"n":"Tarte aux poireaux Côté Table - 400g","p":2.55,"u":"6,38 €/KG","img":"https://fd9-photos.leclercdrive.fr/image.ashx?id=2791710&use=l&cat=p&typeid=i","cat":284257},{"id":1182,"n":"Crêpes Côté Table Jambon fromage x6 - 300g","p":1.99,"u":"6,63 €/KG","img":"https://fd9-photos.leclercdrive.fr/image.ashx?id=2932402&use=l&cat=p&typeid=i","cat":319776},{"id":1185,"n":"Steaks hachés Charal Pur Bœuf 15% MG 10x100g - 1kg","p":14.69,"u":"14,69 €/KG","img":"https://fd9-photos.leclercdrive.fr/image.ashx?id=2659300&use=l&cat=p&typeid=i","cat":319778},{"id":1186,"n":"Haché Extra Moelleux Charal 10x100g - 1kg","p":12.2,"u":"12,20 €/KG","img":"https://fd9-photos.leclercdrive.fr/image.ashx?id=2731735&use=l&cat=p&typeid=i","cat":319778},{"id":1187,"n":"Haché à l'oignon Charal 10x100g - 1kg","p":8.81,"u":"8,81 €/KG","img":"https://fd9-photos.leclercdrive.fr/image.ashx?id=2741940&use=l&cat=p&typeid=i","cat":319778},{"id":1191,"n":"Poisson Bordelaise Pêche Océan MSC - 400g","p":2.99,"u":"7,48 €/KG","img":"https://fd9-photos.leclercdrive.fr/image.ashx?id=2930081&use=l&cat=p&typeid=i","cat":319788},{"id":1192,"n":"Colin d'Alaska MSC Pêche Océan À l'oseille x2 - 400g","p":3.15,"u":"7,88 €/KG","img":"https://fd9-photos.leclercdrive.fr/image.ashx?id=2930099&use=l&cat=p&typeid=i","cat":319786},{"id":1194,"n":"Calamars Pêche Océan A la romaine 40/60 - 500g","p":4.45,"u":"8,90 €/KG","img":"https://fd9-photos.leclercdrive.fr/image.ashx?id=2216298&use=l&cat=p&typeid=i","cat":319788},{"id":1196,"n":"Coquilles Saint-Jacques Coté Table - 4x90g","p":4.79,"u":"13,31 €/KG","img":"https://fd9-photos.leclercdrive.fr/image.ashx?id=2625071&use=l&cat=p&typeid=i","cat":319775},{"id":1197,"n":"Paëlla royale Côté Table Fruits de mer poulet 1kg","p":4.07,"u":"4,07 €/KG","img":"https://fd9-photos.leclercdrive.fr/image.ashx?id=2663353&use=l&cat=p&typeid=i","cat":284254},{"id":1201,"n":"Poêlée campagnarde Côté Table 900g","p":4.64,"u":"5,16 €/KG","img":"https://fd9-photos.leclercdrive.fr/image.ashx?id=2647414&use=l&cat=p&typeid=i","cat":319823},{"id":1202,"n":"Pâtes Carbonara Côté Table 900g","p":4.18,"u":"4,64 €/KG","img":"https://fd9-photos.leclercdrive.fr/image.ashx?id=2900064&use=l&cat=p&typeid=i","cat":284254},{"id":1212,"n":"Choux de Bruxelles Notre Jardin 1kg","p":1.95,"u":"1,95 €/KG","img":"https://fd9-photos.leclercdrive.fr/image.ashx?id=2873018&use=l&cat=p&typeid=i","cat":319805},{"id":1214,"n":"Haricots verts Notre jardin Très fins 1kg","p":1.82,"u":"1,82 €/KG","img":"https://fd9-photos.leclercdrive.fr/image.ashx?id=2900043&use=l&cat=p&typeid=i","cat":319805},{"id":1215,"n":"Haricots verts Notre Jardin Extra fins 1kg","p":1.85,"u":"1,85 €/KG","img":"https://fd9-photos.leclercdrive.fr/image.ashx?id=2873051&use=l&cat=p&typeid=i","cat":319805},{"id":1218,"n":"Epinards Notre Jardin Hâchés - 1kg","p":1.34,"u":"1,34 €/KG","img":"https://fd9-photos.leclercdrive.fr/image.ashx?id=2900034&use=l&cat=p&typeid=i","cat":319805},{"id":1220,"n":"Carottes Notre Jardin En rondelles 1kg","p":1.09,"u":"1,09 €/KG","img":"https://fd9-photos.leclercdrive.fr/image.ashx?id=2873084&use=l&cat=p&typeid=i","cat":319805},{"id":1221,"n":"Petits pois carottes Notre Jardin 1kg","p":2.25,"u":"2,25 €/KG","img":"https://fd9-photos.leclercdrive.fr/image.ashx?id=2900052&use=l&cat=p&typeid=i","cat":319805},{"id":1222,"n":"Petits pois Notre Jardin Extra fins 1kg","p":1.89,"u":"1,89 €/KG","img":"https://fd9-photos.leclercdrive.fr/image.ashx?id=2873063&use=l&cat=p&typeid=i","cat":319805},{"id":1226,"n":"Légumes potage Notre Jardin 1kg","p":1.28,"u":"1,28 €/KG","img":"https://fd9-photos.leclercdrive.fr/image.ashx?id=2916647&use=l&cat=p&typeid=i","cat":319805},{"id":1227,"n":"Poêlée de légumes Notre Jardin Méridionale - 1kg","p":2.95,"u":"2,95 €/KG","img":"https://fd9-photos.leclercdrive.fr/image.ashx?id=2803948&use=l&cat=p&typeid=i","cat":319823},{"id":1228,"n":"Poêlée de légumes Notre jardin Champêtre - 1kg","p":2.99,"u":"2,99 €/KG","img":"https://fd9-photos.leclercdrive.fr/image.ashx?id=2832867&use=l&cat=p&typeid=i","cat":319823},{"id":1229,"n":"Poêlée de légumes Notre Jardin Bretonne - 1kg","p":2.61,"u":"2,61 €/KG","img":"https://fd9-photos.leclercdrive.fr/image.ashx?id=2803951&use=l&cat=p&typeid=i","cat":319823},{"id":1239,"n":"Frites allumettes Pom'lisse 1kg","p":1.85,"u":"1,85 €/KG","img":"https://fd9-photos.leclercdrive.fr/image.ashx?id=2699384&use=l&cat=p&typeid=i","cat":319791},{"id":1240,"n":"Frites Pom'lisse 2.5 kg","p":4.55,"u":"1,82 €/KG","img":"https://fd9-photos.leclercdrive.fr/image.ashx?id=2699390&use=l&cat=p&typeid=i","cat":319791},{"id":1242,"n":"Pom'Steak rustique Pom'Lisse Sachet - 1kg","p":2.29,"u":"2,29 €/KG","img":"https://fd9-photos.leclercdrive.fr/image.ashx?id=2704606&use=l&cat=p&typeid=i","cat":319791},{"id":1243,"n":"Frites Pom'lisse Au four - 600g","p":1.15,"u":"1,92 €/KG","img":"https://fd9-photos.leclercdrive.fr/image.ashx?id=2770678&use=l&cat=p&typeid=i","cat":319791},{"id":1244,"n":"Potatoes Pom'lisse Finement épicées - 600g","p":1.16,"u":"1,93 €/KG","img":"https://fd9-photos.leclercdrive.fr/image.ashx?id=2699663&use=l&cat=p&typeid=i","cat":319791},{"id":1245,"n":"Pommes noisettes Pom'lisse 1kg","p":1.88,"u":"1,88 €/KG","img":"https://fd9-photos.leclercdrive.fr/image.ashx?id=2958314&use=l&cat=p&typeid=i","cat":319792},{"id":1246,"n":"Pommes dauphine Pom'lisse 500g","p":1.49,"u":"2,98 €/KG","img":"https://fd9-photos.leclercdrive.fr/image.ashx?id=2958320&use=l&cat=p&typeid=i","cat":319792},{"id":1247,"n":"Pom'rustic Pom'Lisse Sachet 750 gr","p":2.55,"u":"3,40 €/KG","img":"https://fd9-photos.leclercdrive.fr/image.ashx?id=2851574&use=l&cat=p&typeid=i","cat":319792},{"id":1248,"n":"Frites Pom'lisse 1kg","p":1.87,"u":"1,87 €/KG","img":"https://fd9-photos.leclercdrive.fr/image.ashx?id=2699651&use=l&cat=p&typeid=i","cat":319791},{"id":1251,"n":"Crème glacée Eskiss Vanille de Madagascar - 494g","p":1.65,"u":"3,34 €/KG","img":"https://fd9-photos.leclercdrive.fr/image.ashx?id=2982592&use=l&cat=p&typeid=i","cat":284263},{"id":1252,"n":"Glace Smicy Vanille fraise chocolat - 345g","p":2.41,"u":"6,99 €/KG","img":"https://fd9-photos.leclercdrive.fr/image.ashx?id=2951113&use=l&cat=p&typeid=i","cat":285250},{"id":1309,"n":"Lessive Epsil gel main express Tube 250ml","p":1.55,"u":"6,20 €/L","img":"https://fd9-photos.leclercdrive.fr/image.ashx?id=2838906&use=l&cat=p&typeid=i","cat":284643},{"id":1335,"n":"Liquide vaisselle Visior Citron - 750ml","p":1.2,"u":"1,60 €/L","img":"https://fd9-photos.leclercdrive.fr/image.ashx?id=2930849&use=l&cat=p&typeid=i","cat":284655},{"id":1336,"n":"Liquide vaisselle Visior Ultra Peaux sensibles 500ml","p":0.64,"u":"1,28 €/L","img":"https://fd9-photos.leclercdrive.fr/image.ashx?id=2951116&use=l&cat=p&typeid=i","cat":284655},{"id":1344,"n":"Gants jetables Mamison latex T6 x10","p":1.33,"img":"https://fd9-photos.leclercdrive.fr/image.ashx?id=554721&use=l&cat=p&typeid=i","cat":284668},{"id":1345,"n":"Gants jetables Mamison latex T8 x10","p":1.33,"img":"https://fd9-photos.leclercdrive.fr/image.ashx?id=2742691&use=l&cat=p&typeid=i","cat":284668},{"id":1346,"n":"Eponges Mamison végétales Super absorbantes x3","p":1.17,"u":"0,39 €/P","img":"https://fd9-photos.leclercdrive.fr/image.ashx?id=2458052&use=l&cat=p&typeid=i","cat":284667},{"id":1358,"n":"Nettoyant Gel avec javel Clair 1L","p":1.09,"u":"1,09 €/L","img":"https://fd9-photos.leclercdrive.fr/image.ashx?id=2705062&use=l&cat=p&typeid=i","cat":284907},{"id":1359,"n":"Pastilles javel Clair x48 - 150g","p":1.65,"u":"11,00 €/KG","img":"https://fd9-photos.leclercdrive.fr/image.ashx?id=2631426&use=l&cat=p&typeid=i","cat":284661},{"id":1360,"n":"Eau de Javel Clair Parfum Eucalyptus - 2L","p":0.72,"u":"0,36 €/L","img":"https://fd9-photos.leclercdrive.fr/image.ashx?id=2949173&use=l&cat=p&typeid=i","cat":284661},{"id":1376,"n":"Lingettes nettoyantes Clair Sols muguet larges x15","p":1.14,"img":"https://fd9-photos.leclercdrive.fr/image.ashx?id=2593815&use=l&cat=p&typeid=i","cat":325364},{"id":1381,"n":"Dépoussiérant Clair meuble Cire 300ml","p":1.33,"u":"4,43 €/L","img":"https://fd9-photos.leclercdrive.fr/image.ashx?id=2819256&use=l&cat=p&typeid=i","cat":325364},{"id":1386,"n":"Nettoyant four Clair 500ml","p":1.53,"u":"3,06 €/L","img":"https://fd9-photos.leclercdrive.fr/image.ashx?id=2858824&use=l&cat=p&typeid=i","cat":325363},{"id":1392,"n":"Blocs wc eau bleue Syphon x2 80g","p":1.12,"u":"14,00 €/KG","img":"https://fd9-photos.leclercdrive.fr/image.ashx?id=2302537&use=l&cat=p&typeid=i","cat":284662},{"id":1398,"n":"Recharge diffuseur électrique Insectivor anti-moustiques - x1","p":2.27,"img":"https://fd9-photos.leclercdrive.fr/image.ashx?id=1938546&use=l&cat=p&typeid=i","cat":298368},{"id":1400,"n":"Papier aluminium Elembal 20m","p":2.62,"img":"https://fd9-photos.leclercdrive.fr/image.ashx?id=2492252&use=l&cat=p&typeid=i","cat":334134},{"id":1401,"n":"Barquettes aluminium Elembal x10 0.5L","p":2.56,"img":"https://fd9-photos.leclercdrive.fr/image.ashx?id=2455093&use=l&cat=p&typeid=i","cat":334134},{"id":1402,"n":"Barquettes aluminium Elembal Plates 1L","p":4.4,"img":"https://fd9-photos.leclercdrive.fr/image.ashx?id=2966647&use=l&cat=p&typeid=i","cat":334134},{"id":1403,"n":"Barquettes aluminium Elembal Profondes x10 1L","p":4.3,"img":"https://fd9-photos.leclercdrive.fr/image.ashx?id=2455102&use=l&cat=p&typeid=i","cat":334134},{"id":1404,"n":"Barquettes aluminium Elembal x5 1,5L","p":2.77,"img":"https://fd9-photos.leclercdrive.fr/image.ashx?id=2455096&use=l&cat=p&typeid=i","cat":334134},{"id":1405,"n":"Barquettes aluminium Elembal x5 2L","p":3.46,"img":"https://fd9-photos.leclercdrive.fr/image.ashx?id=2455099&use=l&cat=p&typeid=i","cat":334134},{"id":1407,"n":"Film étirable Elembal 30m","p":1.2,"img":"https://fd9-photos.leclercdrive.fr/image.ashx?id=2431191&use=l&cat=p&typeid=i","cat":334134},{"id":1412,"n":"Sacs congélation Elembal Grand modèle x25","p":1.08,"img":"https://fd9-photos.leclercdrive.fr/image.ashx?id=2169147&use=l&cat=p&typeid=i","cat":334134},{"id":1413,"n":"Sacs congélation Elembal Petit modèle x50","p":1.1,"img":"https://fd9-photos.leclercdrive.fr/image.ashx?id=2158155&use=l&cat=p&typeid=i","cat":334134},{"id":1414,"n":"Sacs poubelle 30L Elembal à liens classiques - x25","p":1.26,"u":"0,05 €/P","img":"https://fd9-photos.leclercdrive.fr/image.ashx?id=2958699&use=l&cat=p&typeid=i","cat":285168},{"id":1415,"n":"Sacs poubelle 130L Elembal à liens classiques - x10","p":4.65,"u":"0,47 €/P","img":"https://fd9-photos.leclercdrive.fr/image.ashx?id=2791743&use=l&cat=p&typeid=i","cat":285168},{"id":1416,"n":"Sacs poubelle 100L Elembal Poignées coulissantes - x10","p":1.62,"u":"0,16 €/P","img":"https://fd9-photos.leclercdrive.fr/image.ashx?id=1959148&use=l&cat=p&typeid=i","cat":285168},{"id":1417,"n":"Sacs poubelle 100L Elembal à liens classiques - x10","p":1.54,"u":"0,15 €/P","img":"https://fd9-photos.leclercdrive.fr/image.ashx?id=2791734&use=l&cat=p&typeid=i","cat":285168},{"id":1418,"n":"Sacs poubelle 50L Elembal à liens classiques - x15","p":2.19,"u":"0,15 €/P","img":"https://fd9-photos.leclercdrive.fr/image.ashx?id=2958693&use=l&cat=p&typeid=i","cat":285168},{"id":1419,"n":"Sacs poubelle Elembal 20L x20","p":1.2,"u":"0,06 €/P","img":"https://fd9-photos.leclercdrive.fr/image.ashx?id=2100551&use=l&cat=p&typeid=i","cat":285168},{"id":1420,"n":"Sacs poubelle Elembal 20L A poignées - x30","p":2.08,"u":"0,07 €/P","img":"https://fd9-photos.leclercdrive.fr/image.ashx?id=2791674&use=l&cat=p&typeid=i","cat":285168},{"id":1421,"n":"Sacs poubelle Elembal 30L A poignées - x20","p":2.49,"u":"0,12 €/P","img":"https://fd9-photos.leclercdrive.fr/image.ashx?id=2791677&use=l&cat=p&typeid=i","cat":285168},{"id":1423,"n":"Sacs poubelle 50L Elembal Poignées coulissantes - x15","p":2.31,"u":"0,15 €/P","img":"https://fd9-photos.leclercdrive.fr/image.ashx?id=2958696&use=l&cat=p&typeid=i","cat":285168},{"id":1427,"n":"Gel douche Manava Pétales d'Orient - 250ml","p":1.15,"u":"4,60 €/L","img":"https://fd9-photos.leclercdrive.fr/image.ashx?id=2494214&use=l&cat=p&typeid=i","cat":284594},{"id":1428,"n":"Lait de douche Manava Coeur de vanille - 250ml","p":0.94,"u":"3,76 €/L","img":"https://fd9-photos.leclercdrive.fr/image.ashx?id=2456141&use=l&cat=p&typeid=i","cat":284594},{"id":1429,"n":"Gel douche Manava Boisé - 250ml","p":1.15,"u":"4,60 €/L","img":"https://fd9-photos.leclercdrive.fr/image.ashx?id=2809653&use=l&cat=p&typeid=i","cat":284594},{"id":1433,"n":"Recharge savon mains Manava Crème perles d'oranger - 250ml","p":0.68,"u":"2,72 €/L","img":"https://fd9-photos.leclercdrive.fr/image.ashx?id=2935483&use=l&cat=p&typeid=i","cat":284597},{"id":1435,"n":"Recharge savon mains Manava Crème Amande - 250ml","p":0.57,"u":"2,28 €/L","img":"https://fd9-photos.leclercdrive.fr/image.ashx?id=2935474&use=l&cat=p&typeid=i","cat":284597},{"id":1436,"n":"Lait de douche Manava Amande douce - 250ml","p":0.94,"u":"3,76 €/L","img":"https://fd9-photos.leclercdrive.fr/image.ashx?id=2771346&use=l&cat=p&typeid=i","cat":284594},{"id":1441,"n":"Cire Chaude au Sucre Pure Veet Vanille 98% naturelle 250ml","p":4.58,"u":"18,32 €/L","img":"https://fd9-photos.leclercdrive.fr/image.ashx?id=2960684&use=l&cat=p&typeid=i","cat":325351},{"id":1449,"n":"Déodorant Manava fraîcheur Vanille glacée spray 200ml","p":1.39,"u":"6,95 €/L","img":"https://fd9-photos.leclercdrive.fr/image.ashx?id=2656445&use=l&cat=p&typeid=i","cat":284595},{"id":1464,"n":"Rasoirs jetables Bic 1 Sensitive - x10","p":1.25,"u":"0,13 €/P","img":"https://fd9-photos.leclercdrive.fr/image.ashx?id=2218035&use=l&cat=p&typeid=i","cat":284616},{"id":1465,"n":"Rasoirs jetables Comfort 2 Bic x10","p":3.38,"u":"0,34 €/P","img":"https://fd9-photos.leclercdrive.fr/image.ashx?id=2984862&use=l&cat=p&typeid=i","cat":284616},{"id":1473,"n":"Gel à raser Carré Homme Hydratant 200ml","p":1.69,"u":"8,45 €/L","img":"https://fd9-photos.leclercdrive.fr/image.ashx?id=2771582&use=l&cat=p&typeid=i","cat":284617},{"id":1474,"n":"Rasoirs jetables Carré Homme 2 lames - x10","p":1.5,"u":"0,15 €/P","img":"https://fd9-photos.leclercdrive.fr/image.ashx?id=2873543&use=l&cat=p&typeid=i","cat":284616},{"id":1481,"n":"Dentifrice Dentamyl Protection caries - 75ml","p":0.73,"u":"9,73 €/L","img":"https://fd9-photos.leclercdrive.fr/image.ashx?id=2699129&use=l&cat=p&typeid=i","cat":284612},{"id":1482,"n":"Dentifrice enfant Dentamyl Fraise - 3-6 ans - 50ml","p":0.89,"u":"17,80 €/L","img":"https://fd9-photos.leclercdrive.fr/image.ashx?id=2075188&use=l&cat=p&typeid=i","cat":288898},{"id":1484,"n":"Brosse à dents junior Dentamyl 1 pièce","p":0.49,"img":"https://fd9-photos.leclercdrive.fr/image.ashx?id=2790901&use=l&cat=p&typeid=i","cat":288897},{"id":1486,"n":"Brosse à dents enfant Dentamyl 2-6 ans x1","p":0.51,"img":"https://fd9-photos.leclercdrive.fr/image.ashx?id=1980485&use=l&cat=p&typeid=i","cat":288897},{"id":1488,"n":"Mouchoirs blancs 4 plis Caresse Mouchoirs papier Lotion x12","p":2.28,"u":"0,19 €/P","img":"https://fd9-photos.leclercdrive.fr/image.ashx?id=2572993&use=l&cat=p&typeid=i","cat":284638},{"id":1517,"n":"Petit pot bébé Blédiner 6 mois  Semoule carotte - 2x200g","p":2.11,"u":"5,28 €/KG","img":"https://fd9-photos.leclercdrive.fr/image.ashx?id=2986155&use=l&cat=p&typeid=i","cat":312239},{"id":1620,"n":"Gel lavant bébé Mots d'Enfants Corps et cheveux - 250ml","p":1.49,"u":"5,96 €/L","img":"https://fd9-photos.leclercdrive.fr/image.ashx?id=3014149&use=l&cat=p&typeid=i","cat":284740},{"id":1627,"n":"Lingettes bébé Mots d'Enfants Ultra-douces - x72","p":1.75,"u":"0,02 €/P","img":"https://fd9-photos.leclercdrive.fr/image.ashx?id=2856447&use=l&cat=p&typeid=i","cat":284738},{"id":1629,"n":"Lingettes bébé Mots d'Enfants Sensitive - x63","p":1.32,"u":"0,02 €/P","img":"https://fd9-photos.leclercdrive.fr/image.ashx?id=2856462&use=l&cat=p&typeid=i","cat":284738},{"id":1637,"n":"Change + 2 slips maille Chorys Anatomiques - Homme/Femme - x20","p":15.94,"u":"0,80 €/P","img":"https://fd9-photos.leclercdrive.fr/image.ashx?id=2169153&use=l&cat=p&typeid=i","cat":284628},{"id":1640,"n":"Protection incontinence Chorys Rectangulaire - x24","p":4.62,"u":"0,19 €/P","img":"https://fd9-photos.leclercdrive.fr/image.ashx?id=2761980&use=l&cat=p&typeid=i","cat":284628},{"id":1655,"n":"Enveloppes adhésives Esquisse x100 11x22cm 80g","p":2.69,"img":"https://fd9-photos.leclercdrive.fr/image.ashx?id=2943184&use=l&cat=p&typeid=i","cat":284697},{"id":1656,"n":"Pochettes kraft Esquisse Adhésives 22.9x32.4cm x25","p":2.3,"img":"https://fd9-photos.leclercdrive.fr/image.ashx?id=1699690&use=l&cat=p&typeid=i","cat":284697},{"id":1657,"n":"Pochettes kraft Esquisse Adhésives 16.2x22.9cm x25","p":1.99,"img":"https://fd9-photos.leclercdrive.fr/image.ashx?id=1698655&use=l&cat=p&typeid=i","cat":284697},{"id":1683,"n":"Piles alcalines Foxter AAA/LR3 1,5V - x4","p":0.98,"img":"https://fd9-photos.leclercdrive.fr/image.ashx?id=2162150&use=l&cat=p&typeid=i","cat":300572},{"id":1684,"n":"Piles Foxter C/LR14 1.5V - x2","p":1.69,"img":"https://fd9-photos.leclercdrive.fr/image.ashx?id=2162168&use=l&cat=p&typeid=i","cat":300572},{"id":1686,"n":"Pile Foxter 9V/6LR61 - x1","p":1.99,"img":"https://fd9-photos.leclercdrive.fr/image.ashx?id=2162159&use=l&cat=p&typeid=i","cat":300572},{"id":1687,"n":"Pile alcaline Foxter 3LR12 4,5V - x1","p":2.25,"img":"https://fd9-photos.leclercdrive.fr/image.ashx?id=2162177&use=l&cat=p&typeid=i","cat":300572},{"id":1730,"n":"Barquette chiens Lydog Au Saumon et Truite - 300g","p":1.49,"u":"4,97 €/KG","img":"https://fd9-photos.leclercdrive.fr/image.ashx?id=2042433&use=l&cat=p&typeid=i","cat":284673},{"id":1735,"n":"Croquettes chiens Tous Mes Amis Spécial Forme - 10kg","p":12.25,"u":"1,23 €/KG","img":"https://fd9-photos.leclercdrive.fr/image.ashx?id=1972608&use=l&cat=p&typeid=i","cat":284672},{"id":1751,"n":"Croquettes chat Purina One Adulte - Saumon/Céréales - 450g","p":2.54,"u":"5,64 €/KG","img":"https://fd9-photos.leclercdrive.fr/image.ashx?id=2683220&use=l&cat=p&typeid=i","cat":284680},{"id":1753,"n":"Croquettes chat Purina One Adulte - Saumon/Céréales -1.5kg","p":6.58,"u":"4,39 €/KG","img":"https://fd9-photos.leclercdrive.fr/image.ashx?id=2902268&use=l&cat=p&typeid=i","cat":284680},{"id":1754,"n":"Croquettes chat Purina One Adulte - Poulet/Céréales - 3kg","p":11.77,"u":"3,92 €/KG","img":"https://fd9-photos.leclercdrive.fr/image.ashx?id=2432007&use=l&cat=p&typeid=i","cat":284680},{"id":1755,"n":"Bouchées chiens Lydog Adulte - Boeuf - 4kg","p":7.49,"u":"1,87 €/KG","img":"https://fd9-photos.leclercdrive.fr/image.ashx?id=2907162&use=l&cat=p&typeid=i","cat":284672},{"id":1756,"n":"Emincés en sauce Tous mes amis pour chats -  800g","p":1.45,"u":"1,81 €/KG","img":"https://fd9-photos.leclercdrive.fr/image.ashx?id=2606798&use=l&cat=p&typeid=i","cat":285601},{"id":1759,"n":"Croquettes chat Tous mes amis Boeuf Poulet Foie - 400g","p":1.2,"u":"3,00 €/KG","img":"https://fd9-photos.leclercdrive.fr/image.ashx?id=2301379&use=l&cat=p&typeid=i","cat":284680},{"id":1761,"n":"Croquettes chat Tous mes amis Saumon thon lég.verts - 400g","p":1.11,"u":"2,78 €/KG","img":"https://fd9-photos.leclercdrive.fr/image.ashx?id=2301382&use=l&cat=p&typeid=i","cat":284680},{"id":1762,"n":"Croquettes chat Tous mes amis Poulet légumes - 4kg","p":5.76,"u":"1,44 €/KG","img":"https://fd9-photos.leclercdrive.fr/image.ashx?id=2301406&use=l&cat=p&typeid=i","cat":284680},{"id":1763,"n":"Croquettes chat Tous mes amis Boeuf Poulet Légumes - 2kg","p":2.79,"u":"1,40 €/KG","img":"https://fd9-photos.leclercdrive.fr/image.ashx?id=2739724&use=l&cat=p&typeid=i","cat":284680},{"id":1764,"n":"Croquettes chat Tous mes amis Poulet dinde canard olive - 2kg","p":3.62,"u":"1,81 €/KG","img":"https://fd9-photos.leclercdrive.fr/image.ashx?id=2301400&use=l&cat=p&typeid=i","cat":284680},{"id":1765,"n":"Croquettes chat Tous mes amis Saumon & Légumes - 2kg","p":2.79,"u":"1,40 €/KG","img":"https://fd9-photos.leclercdrive.fr/image.ashx?id=2301394&use=l&cat=p&typeid=i","cat":284680},{"id":1766,"n":"Croquettes chat Tous mes amis Chaton - 400g","p":1.05,"u":"2,63 €/KG","img":"https://fd9-photos.leclercdrive.fr/image.ashx?id=2503275&use=l&cat=p&typeid=i","cat":284680},{"id":1767,"n":"Barquette chats Tous mes amis au Boeuf - 100g","p":0.61,"u":"6,10 €/KG","img":"https://fd9-photos.leclercdrive.fr/image.ashx?id=2042418&use=l&cat=p&typeid=i","cat":285286},{"id":1768,"n":"Barquette chats Tous mes amis à l'agneau - 100g","p":0.62,"u":"6,20 €/KG","img":"https://fd9-photos.leclercdrive.fr/image.ashx?id=2052760&use=l&cat=p&typeid=i","cat":285286},{"id":1769,"n":"Barquette chats Lycat au Foie et Volaille - 100g","p":0.59,"u":"5,90 €/KG","img":"https://fd9-photos.leclercdrive.fr/image.ashx?id=2042415&use=l&cat=p&typeid=i","cat":285286},{"id":1770,"n":"Barquette chats Tous mes amis au Saumon 100g","p":0.58,"u":"5,80 €/KG","img":"https://fd9-photos.leclercdrive.fr/image.ashx?id=2042412&use=l&cat=p&typeid=i","cat":285286},{"id":1771,"n":"Terrines chats Tous mes amis Délices Multi-viandes - 3x400g","p":2.97,"u":"2,48 €/KG","img":"https://fd9-photos.leclercdrive.fr/image.ashx?id=1671538&use=l&cat=p&typeid=i","cat":285601},{"id":1775,"n":"Litière minérale Catsan Hygiène plus pour chat - 10L","p":5.19,"u":"0,52 €/L","img":"https://fd9-photos.leclercdrive.fr/image.ashx?id=2692677&use=l&cat=p&typeid=i","cat":284683},{"id":1776,"n":"Litière chats Eco+ 7L","p":1.2,"u":"0,17 €/L","img":"https://fd9-photos.leclercdrive.fr/image.ashx?id=2757509&use=l&cat=p&typeid=i","cat":284683},{"id":1786,"n":"Blocs WC Syphon Activ' effect Fraîcheur marine x3","p":1.22,"u":"0,41 €/P","img":"https://fd9-photos.leclercdrive.fr/image.ashx?id=2317294&use=l&cat=p&typeid=i","cat":284662},{"id":1795,"n":"Lingettes nettoyantes Clair Multi-surfaces citron x50","p":1.38,"u":"0,03 €/P","img":"https://fd9-photos.leclercdrive.fr/image.ashx?id=2835193&use=l&cat=p&typeid=i","cat":325358},{"id":1798,"n":"Eponges Multi-usages Mamison grattantes - x3","p":0.89,"u":"0,30 €/P","img":"https://fd9-photos.leclercdrive.fr/image.ashx?id=2202341&use=l&cat=p&typeid=i","cat":284667},{"id":1799,"n":"Haricots verts Notre Jardin Très fins - 3x110g","p":1.83,"u":"5,55 €/KG","img":"https://fd9-photos.leclercdrive.fr/image.ashx?id=2537355&use=l&cat=p&typeid=i","cat":312606},{"id":1800,"n":"Lingettes nettoyantes Clair Muguet x50","p":1.72,"u":"0,03 €/P","img":"https://fd9-photos.leclercdrive.fr/image.ashx?id=2835196&use=l&cat=p&typeid=i","cat":325358},{"id":1801,"n":"Boules inox Mamison x2","p":0.44,"img":"https://fd9-photos.leclercdrive.fr/image.ashx?id=555602&use=l&cat=p&typeid=i","cat":284667},{"id":1802,"n":"Insecticide Insectivor cafards Fourmis araignées 400ml","p":2.49,"u":"6,23 €/L","img":"https://fd9-photos.leclercdrive.fr/image.ashx?id=2843039&use=l&cat=p&typeid=i","cat":298368},{"id":1803,"n":"Spray désodorisant Texil Textile 500ml","p":2.61,"u":"5,22 €/L","img":"https://fd9-photos.leclercdrive.fr/image.ashx?id=2958690&use=l&cat=p&typeid=i","cat":290451},{"id":1806,"n":"Insecticide Insectivor guêpes Mouches moustiques - 400ml","p":2.22,"u":"5,55 €/L","img":"https://fd9-photos.leclercdrive.fr/image.ashx?id=2835008&use=l&cat=p&typeid=i","cat":298368},{"id":1810,"n":"Gel nettoyant wc Syphon 750ml","p":1.03,"u":"1,37 €/L","img":"https://fd9-photos.leclercdrive.fr/image.ashx?id=2558775&use=l&cat=p&typeid=i","cat":284662},{"id":1812,"n":"Gel nettoyant wc Syphon 750ml","p":0.66,"u":"0,88 €/L","img":"https://fd9-photos.leclercdrive.fr/image.ashx?id=2067935&use=l&cat=p&typeid=i","cat":284662},{"id":1816,"n":"Déboucheur canalisations Syphon Gel 1L","p":1.39,"u":"1,39 €/L","img":"https://fd9-photos.leclercdrive.fr/image.ashx?id=2202347&use=l&cat=p&typeid=i","cat":284908},{"id":1821,"n":"Confiture Bonne Maman Figues violettes - 370g","p":1.91,"u":"5,16 €/KG","img":"https://fd9-photos.leclercdrive.fr/image.ashx?id=2547477&use=l&cat=p&typeid=i","cat":284480},{"id":1822,"n":"Confiture Bonne Maman Myrtilles - 370g","p":3.0,"u":"8,11 €/KG","img":"https://fd9-photos.leclercdrive.fr/image.ashx?id=2132361&use=l&cat=p&typeid=i","cat":284480},{"id":1825,"n":"Confiture Bonne Maman Cerises griottes - 370g","p":2.4,"u":"6,49 €/KG","img":"https://fd9-photos.leclercdrive.fr/image.ashx?id=2474981&use=l&cat=p&typeid=i","cat":284480},{"id":1826,"n":"Confiture Douceur du Verger Abricots - Allégée - 340g","p":1.05,"u":"3,09 €/KG","img":"https://fd9-photos.leclercdrive.fr/image.ashx?id=2965437&use=l&cat=p&typeid=i","cat":284480},{"id":1828,"n":"Confiture Bonne Maman Framboises - 370g","p":2.72,"u":"7,35 €/KG","img":"https://fd9-photos.leclercdrive.fr/image.ashx?id=2544807&use=l&cat=p&typeid=i","cat":284480},{"id":1833,"n":"Confiture Douceur du Verger Fraises - 340g","p":1.05,"u":"3,09 €/KG","img":"https://fd9-photos.leclercdrive.fr/image.ashx?id=2965428&use=l&cat=p&typeid=i","cat":284480},{"id":1835,"n":"Confiture Douceur du Verger Orange 340g","p":0.99,"u":"2,83 €/KG","img":"https://fd9-photos.leclercdrive.fr/image.ashx?id=2965434&use=l&cat=p&typeid=i","cat":284480},{"id":1845,"n":"Barres de céréales Frosties Kellogg's - 6x25g","p":1.89,"u":"12,60 €/KG","img":"https://fd9-photos.leclercdrive.fr/image.ashx?id=2300062&use=l&cat=p&typeid=i","cat":285869},{"id":1846,"n":"Compote Douceur du Verger Gourdes Pomme Fraise - 4x90g","p":1.39,"u":"3,86 €/KG","img":"https://fd9-photos.leclercdrive.fr/image.ashx?id=2837024&use=l&cat=p&typeid=i","cat":284508},{"id":1847,"n":"Barres céréales Fitness Nestlé Chocolat - 6x23.5g","p":1.98,"u":"14,04 €/KG","img":"https://fd9-photos.leclercdrive.fr/image.ashx?id=2947009&use=l&cat=p&typeid=i","cat":285869},{"id":1848,"n":"Chocolat au lait Tablette d'Or Lait Noisettes - 3x100g","p":1.49,"u":"4,97 €/KG","img":"https://fd9-photos.leclercdrive.fr/image.ashx?id=3014347&use=l&cat=p&typeid=i","cat":284497},{"id":1850,"n":"Chocolat au lait Tablette d'Or Céréales croustillantes 2x100g","p":2.01,"u":"10,05 €/KG","img":"https://fd9-photos.leclercdrive.fr/image.ashx?id=2555952&use=l&cat=p&typeid=i","cat":284497},{"id":1851,"n":"Chocolat au lait Tablette d'Or 3x100g","p":3.13,"u":"10,43 €/KG","img":"https://fd9-photos.leclercdrive.fr/image.ashx?id=2771508&use=l&cat=p&typeid=i","cat":284497},{"id":1861,"n":"Levure chimique Tablier Blanc x6 sachets","p":0.26,"u":"3,94 €/KG","img":"https://fd9-photos.leclercdrive.fr/image.ashx?id=2867892&use=l&cat=p&typeid=i","cat":294686},{"id":1863,"n":"Soja cuisine fluide Bio Bjorg - 25cl","p":1.02,"u":"4,08 €/L","img":"https://fd9-photos.leclercdrive.fr/image.ashx?id=2970921&use=l&cat=p&typeid=i","cat":316069},{"id":1864,"n":"Chocolat Tablette d'Or Noir amandes entières 200g","p":1.84,"u":"9,20 €/KG","img":"https://fd9-photos.leclercdrive.fr/image.ashx?id=2982886&use=l&cat=p&typeid=i","cat":284956},{"id":1865,"n":"Chocolat Tablette d'Or noir Ecorces d'orange 200g","p":2.45,"u":"12,25 €/KG","img":"https://fd9-photos.leclercdrive.fr/image.ashx?id=2654267&use=l&cat=p&typeid=i","cat":284956},{"id":1867,"n":"Chocolat au lait Tablette d'Or Noisettes entières - 200g","p":2.31,"u":"11,55 €/KG","img":"https://fd9-photos.leclercdrive.fr/image.ashx?id=2580889&use=l&cat=p&typeid=i","cat":284497},{"id":1868,"n":"Chocolat blanc Tablette d'Or Noisettes entières - 200g","p":2.45,"u":"12,25 €/KG","img":"https://fd9-photos.leclercdrive.fr/image.ashx?id=2753469&use=l&cat=p&typeid=i","cat":284957},{"id":1870,"n":"Tablette de chocolat Equador Noir 85% cacao - 100g","p":1.53,"u":"15,30 €/KG","img":"https://fd9-photos.leclercdrive.fr/image.ashx?id=2840734&use=l&cat=p&typeid=i","cat":284956},{"id":1871,"n":"Céréales mini-pack Kellogg's Multi-variétés - 215g","p":2.8,"u":"13,02 €/KG","img":"https://fd9-photos.leclercdrive.fr/image.ashx?id=3014467&use=l&cat=p&typeid=i","cat":309513},{"id":1872,"n":"Pâte à tartiner Nustikao Gressins 3x60g","p":1.8,"u":"10,00 €/KG","img":"https://fd9-photos.leclercdrive.fr/image.ashx?id=2440703&use=l&cat=p&typeid=i","cat":284488},{"id":1873,"n":"Petits pains grillés Epi d'Or Complet - 225g","p":0.89,"u":"3,96 €/KG","img":"https://fd9-photos.leclercdrive.fr/image.ashx?id=2726491&use=l&cat=p&typeid=i","cat":284479},{"id":1874,"n":"Chocolat Tablette d'Or Noir noisettes entières 200g","p":2.05,"u":"10,25 €/KG","img":"https://fd9-photos.leclercdrive.fr/image.ashx?id=2582516&use=l&cat=p&typeid=i","cat":284956},{"id":1878,"n":"Compote Douceur du Verger Coupelle pomme pêche - 4x100g","p":1.19,"u":"2,98 €/KG","img":"https://fd9-photos.leclercdrive.fr/image.ashx?id=2663464&use=l&cat=p&typeid=i","cat":284508},{"id":1879,"n":"Compote Douceur du Verger Coupelle pomme poire - 4x100g","p":1.17,"u":"2,93 €/KG","img":"https://fd9-photos.leclercdrive.fr/image.ashx?id=2663470&use=l&cat=p&typeid=i","cat":284508},{"id":1883,"n":"Compote Douceur du Verger Gourdes Pomme Banane - 4x90g","p":1.59,"u":"4,42 €/KG","img":"https://fd9-photos.leclercdrive.fr/image.ashx?id=2837027&use=l&cat=p&typeid=i","cat":284508},{"id":1884,"n":"Compote Douceur du Verger Gourdes Pomme - 4x90g","p":0.99,"u":"2,75 €/KG","img":"https://fd9-photos.leclercdrive.fr/image.ashx?id=2837021&use=l&cat=p&typeid=i","cat":284508},{"id":1885,"n":"Haricots verts Notre Jardin Extra fins - 440g","p":2.58,"u":"5,86 €/KG","img":"https://fd9-photos.leclercdrive.fr/image.ashx?id=3005652&use=l&cat=p&typeid=i","cat":312606},{"id":1886,"n":"Petits pois Notre Jardin A l'étuvée - Extra fins - 560g","p":1.29,"u":"2,30 €/KG","img":"https://fd9-photos.leclercdrive.fr/image.ashx?id=2526267&use=l&cat=p&typeid=i","cat":312607},{"id":1887,"n":"Champignons Paris Notre Jardin Pieds et morceaux - 3x115g","p":1.99,"u":"5,77 €/KG","img":"https://fd9-photos.leclercdrive.fr/image.ashx?id=2724693&use=l&cat=p&typeid=i","cat":312610},{"id":1889,"n":"Macédoine légumes Notre Jardin 3x130g","p":1.75,"u":"4,49 €/KG","img":"https://fd9-photos.leclercdrive.fr/image.ashx?id=2537349&use=l&cat=p&typeid=i","cat":312612},{"id":1890,"n":"Choux Bruxelles Notre Jardin 265g","p":1.29,"u":"4,87 €/KG","img":"https://fd9-photos.leclercdrive.fr/image.ashx?id=2913654&use=l&cat=p&typeid=i","cat":312612},{"id":1893,"n":"Sardines Pêche Océan Huile d'olive - 135g","p":1.25,"u":"9,26 €/KG","img":"https://fd9-photos.leclercdrive.fr/image.ashx?id=2550375&use=l&cat=p&typeid=i","cat":305146},{"id":1895,"n":"Foie de morue Connétable MSC - Fumé - 121g","p":2.09,"u":"17,27 €/KG","img":"https://fd9-photos.leclercdrive.fr/image.ashx?id=2804454&use=l&cat=p&typeid=i","cat":305147},{"id":1897,"n":"Pâté NRT Campagne porc breton - 200g","p":1.91,"u":"9,55 €/KG","img":"https://fd9-photos.leclercdrive.fr/image.ashx?id=2560494&use=l&cat=p&typeid=i","cat":305149},{"id":1901,"n":"Taboulé Côté Table Etui 730g","p":1.87,"u":"2,56 €/KG","img":"https://fd9-photos.leclercdrive.fr/image.ashx?id=2977093&use=l&cat=p&typeid=i","cat":325094},{"id":1902,"n":"Chips à l'ancienne Pom'Lisse Nature - 150g","p":1.04,"u":"6,93 €/KG","img":"https://fd9-photos.leclercdrive.fr/image.ashx?id=2724829&use=l&cat=p&typeid=i","cat":284447},{"id":1903,"n":"Saucisses cocktail Tokapi  240g","p":1.95,"u":"8,13 €/KG","img":"https://fd9-photos.leclercdrive.fr/image.ashx?id=2943614&use=l&cat=p&typeid=i","cat":284450},{"id":1909,"n":"Olives vertes Rustica Entières - 200g","p":1.24,"u":"6,20 €/KG","img":"https://fd9-photos.leclercdrive.fr/image.ashx?id=2499073&use=l&cat=p&typeid=i","cat":284458},{"id":1920,"n":"Boisson végétale Bio Bjorg Soja Douceur - 1L","p":1.78,"u":"1,78 €/L","img":"https://fd9-photos.leclercdrive.fr/image.ashx?id=2967052&use=l&cat=p&typeid=i","cat":316067},{"id":1925,"n":"Petits beurre P'tit Déli x24 - 200g","p":0.95,"u":"4,75 €/KG","img":"https://fd9-photos.leclercdrive.fr/image.ashx?id=1898886&use=l&cat=p&typeid=i","cat":284487},{"id":1928,"n":"Brioche vendéenne IGP NRT Tressée - 650g","p":4.06,"u":"6,25 €/KG","img":"https://fd9-photos.leclercdrive.fr/image.ashx?id=2679789&use=l&cat=p&typeid=i","cat":284478},{"id":1930,"n":"Quatre-quart P'tit Déli De Bretagne - 800g","p":4.3,"u":"5,38 €/KG","img":"https://fd9-photos.leclercdrive.fr/image.ashx?id=2911799&use=l&cat=p&typeid=i","cat":294776},{"id":1935,"n":"Café Soluble Nescafé Sélection - 200g","p":6.18,"u":"30,90 €/KG","img":"https://fd9-photos.leclercdrive.fr/image.ashx?id=2968847&use=l&cat=p&typeid=i","cat":284843},{"id":1939,"n":"Infusion Tiséa verveine menthe x25","p":0.92,"u":"23,00 €/KG","img":"https://fd9-photos.leclercdrive.fr/image.ashx?id=2441102&use=l&cat=p&typeid=i","cat":293234},{"id":1953,"n":"Sucre n°4 Saint Louis Morceaux - 1kg","p":1.95,"u":"1,95 €/KG","img":"https://fd9-photos.leclercdrive.fr/image.ashx?id=2624236&use=l&cat=p&typeid=i","cat":284502},{"id":1955,"n":"Farine de blé T45 Tablier Blanc 1kg","p":0.69,"u":"0,69 €/KG","img":"https://fd9-photos.leclercdrive.fr/image.ashx?id=2487419&use=l&cat=p&typeid=i","cat":284503},{"id":1956,"n":"Compote Douceur du Verger Coupelle pomme banane - 4x100g","p":1.3,"u":"3,25 €/KG","img":"https://fd9-photos.leclercdrive.fr/image.ashx?id=2663461&use=l&cat=p&typeid=i","cat":284508},{"id":1961,"n":"Tablette de chocolat Equador Noir 72% cacao 100g","p":1.39,"u":"13,90 €/KG","img":"https://fd9-photos.leclercdrive.fr/image.ashx?id=2822920&use=l&cat=p&typeid=i","cat":284956},{"id":1962,"n":"Tablette de Chocolat Blanc Galak - 2x100g","p":2.97,"u":"14,85 €/KG","img":"https://fd9-photos.leclercdrive.fr/image.ashx?id=2769618&use=l&cat=p&typeid=i","cat":284957},{"id":1975,"n":"Sirop Frucci Menthe - 75cl","p":1.85,"u":"2,47 €/L","img":"https://fd9-photos.leclercdrive.fr/image.ashx?id=2842208&use=l&cat=p&typeid=i","cat":295020},{"id":1980,"n":"Pur Jus d'ananas Jafaden Brique élopack 1L","p":2.09,"u":"2,09 €/L","img":"https://fd9-photos.leclercdrive.fr/image.ashx?id=2955683&use=l&cat=p&typeid=i","cat":284916},{"id":1984,"n":"Thé glacé Fresh Tea Pêche - 2L","p":1.64,"u":"0,82 €/L","img":"https://fd9-photos.leclercdrive.fr/image.ashx?id=2715281&use=l&cat=p&typeid=i","cat":295019},{"id":1990,"n":"Scotch Whisky Label 5 40%vol - 70cl","p":12.7,"u":"18,14 €/L","img":"https://fd9-photos.leclercdrive.fr/image.ashx?id=2639468&use=l&cat=p&typeid=i","cat":284547},{"id":1992,"n":"Whisky Famous grouse 40%vol. - 70cl","p":16.49,"pp":13.19,"u":"18,84 €/L","img":"https://fd9-photos.leclercdrive.fr/image.ashx?id=2745088&use=l&cat=p&typeid=i","cat":284547},{"id":1995,"n":"Whisky Ballantine's Finest Blended Scotch 40% vol - 70cl","p":15.4,"pp":14.4,"u":"20,57 €/L","img":"https://fd9-photos.leclercdrive.fr/image.ashx?id=2981298&use=l&cat=p&typeid=i","cat":284547},{"id":1997,"n":"Whisky Clan Campbell Blended Scotch 40% vol - 70cl","p":14.51,"u":"20,73 €/L","img":"https://fd9-photos.leclercdrive.fr/image.ashx?id=2868365&use=l&cat=p&typeid=i","cat":284547},{"id":1998,"n":"Whiskey Irlandais Jameson  40% vol - 70cl","p":18.9,"u":"27,00 €/L","img":"https://fd9-photos.leclercdrive.fr/image.ashx?id=2866025&use=l&cat=p&typeid=i","cat":284547},{"id":2001,"n":"Pastis Ricard Anisé 45% vol - 1L","p":19.84,"u":"19,84 €/L","img":"https://fd9-photos.leclercdrive.fr/image.ashx?id=2947820&use=l&cat=p&typeid=i","cat":284548},{"id":2002,"n":"Pastis de Marseille Vivalis 45%vol - 1L","p":17.02,"u":"17,02 €/L","img":"https://fd9-photos.leclercdrive.fr/image.ashx?id=2590400&use=l&cat=p&typeid=i","cat":284548},{"id":2006,"n":"Vodka Novotna  Pure grain 37.5%vol - 70cl","p":10.59,"u":"15,13 €/L","img":"https://fd9-photos.leclercdrive.fr/image.ashx?id=1654441&use=l&cat=p&typeid=i","cat":284550},{"id":2007,"n":"Rhum blanc Bacardi Carta Blanca 37,5° - 70cl","p":15.98,"u":"22,83 €/L","img":"https://fd9-photos.leclercdrive.fr/image.ashx?id=2833933&use=l&cat=p&typeid=i","cat":284550},{"id":2015,"n":"Liqueur The Original Baileys Irish Cream 17%vol - 70cl","p":11.56,"u":"16,51 €/L","img":"https://fd9-photos.leclercdrive.fr/image.ashx?id=2536059&use=l&cat=p&typeid=i","cat":286032},{"id":2018,"n":"Rhum Lagoa 40%vol - 50cl","p":7.0,"u":"14,00 €/L","img":"https://fd9-photos.leclercdrive.fr/image.ashx?id=2966487&use=l&cat=p&typeid=i","cat":284550},{"id":2019,"n":"Sucre de canne Lagoa 70cl","p":1.65,"u":"2,36 €/L","img":"https://fd9-photos.leclercdrive.fr/image.ashx?id=2966475&use=l&cat=p&typeid=i","cat":284551},{"id":2021,"n":"Apéritif Suze L'Originale 15% vol - 1L","p":9.61,"u":"9,61 €/L","img":"https://fd9-photos.leclercdrive.fr/image.ashx?id=2914462&use=l&cat=p&typeid=i","cat":284913},{"id":2025,"n":"Muscat de Rivesaltes G. d'Arria 15.5%vol - 75cl","p":4.99,"u":"6,65 €/L","img":"https://fd9-photos.leclercdrive.fr/image.ashx?id=2974741&use=l&cat=p&typeid=i","cat":284913},{"id":2028,"n":"AOP Bordeaux rouge Baron de Lestac - 75cl","p":3.9,"u":"5,20 €/L","img":"https://fd9-photos.leclercdrive.fr/image.ashx?id=2471148&use=l&cat=p&typeid=i","cat":289556},{"id":2029,"n":"AOP Bordeaux rouge Malesan - 75 cl","p":4.55,"u":"6,07 €/L","img":"https://fd9-photos.leclercdrive.fr/image.ashx?id=2917432&use=l&cat=p&typeid=i","cat":289556},{"id":2045,"n":"IGP Pays d'Oc vin rouge Vieux Carion 12.5% vol -75 cl","p":2.25,"u":"3,00 €/L","img":"https://fd9-photos.leclercdrive.fr/image.ashx?id=2457662&use=l&cat=p&typeid=i","cat":289556},{"id":2049,"n":"IGP Pays d'Oc Gris vin rosé Rives & Terrasses - 75cl -12,5%","p":2.89,"u":"3,85 €/L","img":"https://fd9-photos.leclercdrive.fr/image.ashx?id=2920918&use=l&cat=p&typeid=i","cat":289558},{"id":2051,"n":"IGP Pays d'Oc Syrah vin rosé Vieux Carion 12.5% vol -75 cl","p":2.25,"u":"3,00 €/L","img":"https://fd9-photos.leclercdrive.fr/image.ashx?id=2892340&use=l&cat=p&typeid=i","cat":289558},{"id":2058,"n":"IGP Pays d'Oc Sauvignon Blanc Vieux Carion 12% vol -75 cl","p":2.25,"u":"3,00 €/L","img":"https://fd9-photos.leclercdrive.fr/image.ashx?id=2879937&use=l&cat=p&typeid=i","cat":289557},{"id":2068,"n":"Champagne Moët & Chandon Brut impérial - 75cl","p":39.99,"u":"53,32 €/L","img":"https://fd9-photos.leclercdrive.fr/image.ashx?id=2450775&use=l&cat=p&typeid=i","cat":284542},{"id":2071,"n":"AOP¨Champagne Brut Veuve Clicquot - 75cl","p":43.9,"u":"58,53 €/L","img":"https://fd9-photos.leclercdrive.fr/image.ashx?id=2210924&use=l&cat=p&typeid=i","cat":284542},{"id":2072,"n":"AOP Champagne Mumm Cordon Rouge Brut 12% vol - 75cl","p":28.9,"pp":27.9,"u":"37,20 €/L","img":"https://fd9-photos.leclercdrive.fr/image.ashx?id=3011005&use=l&cat=p&typeid=i","cat":284542},{"id":2073,"n":"AOC Champagne brut rosé Pol Carson - 75cl","p":19.95,"u":"26,60 €/L","img":"https://fd9-photos.leclercdrive.fr/image.ashx?id=2909876&use=l&cat=p&typeid=i","cat":284542},{"id":2074,"n":"AOP Champagne demi-sec blanc Pol Carson - 75cl","p":17.99,"u":"23,99 €/L","img":"https://fd9-photos.leclercdrive.fr/image.ashx?id=2909846&use=l&cat=p&typeid=i","cat":284542},{"id":2075,"n":"AOP Champagne brut Pol Carson - 75cl","p":17.99,"u":"23,99 €/L","img":"https://fd9-photos.leclercdrive.fr/image.ashx?id=2909843&use=l&cat=p&typeid=i","cat":284542},{"id":2078,"n":"Pétillant Gibus pomme Sans alcool 75cl","p":2.32,"u":"3,09 €/L","img":"https://fd9-photos.leclercdrive.fr/image.ashx?id=1887586&use=l&cat=p&typeid=i","cat":289460},{"id":2079,"n":"Cidre bouché Les Goelleries Breton doux 2%vol. - 75cl","p":2.12,"u":"2,83 €/L","img":"https://fd9-photos.leclercdrive.fr/image.ashx?id=2842190&use=l&cat=p&typeid=i","cat":334880},{"id":2090,"n":"Emmental fromage bloc Les Croisés - 500g","p":4.19,"u":"8,38 €/KG","img":"https://fd9-photos.leclercdrive.fr/image.ashx?id=2897775&use=l&cat=p&typeid=i","cat":314034},{"id":2092,"n":"Bûche de chèvre Saint-Maure LEs Croisés 25% MG - 200g","p":2.06,"u":"10,30 €/KG","img":"https://fd9-photos.leclercdrive.fr/image.ashx?id=2894719&use=l&cat=p&typeid=i","cat":314031},{"id":2095,"n":"Emmental Fromage râpé Les Croisés - 3x70g","p":1.89,"u":"9,00 €/KG","img":"https://fd9-photos.leclercdrive.fr/image.ashx?id=2949406&use=l&cat=p&typeid=i","cat":314035},{"id":2104,"n":"Mousse à la liégeoise Délisse Chocolat - 8x80g","p":2.35,"u":"3,67 €/KG","img":"https://fd9-photos.leclercdrive.fr/image.ashx?id=3009490&use=l&cat=p&typeid=i","cat":284417},{"id":2111,"n":"Beurre Extra fin Les Croisés Doux - 82% MG - 250g","p":2.35,"u":"9,40 €/KG","img":"https://fd9-photos.leclercdrive.fr/image.ashx?id=2791221&use=l&cat=p&typeid=i","cat":284379},{"id":2112,"n":"Sauce Béchamel Bridélice 3x20cl","p":3.08,"u":"5,13 €/L","img":"https://fd9-photos.leclercdrive.fr/image.ashx?id=2888458&use=l&cat=p&typeid=i","cat":284382},{"id":2114,"n":"Saucisse sèche Saint Azay Qualité supérieure - 250g","p":2.99,"u":"11,96 €/KG","img":"https://fd9-photos.leclercdrive.fr/image.ashx?id=2859149&use=l&cat=p&typeid=i","cat":316006},{"id":2121,"n":"Carottes râpées Menu Fraîcheur  Assaisonnées - 300g","p":0.69,"u":"2,30 €/KG","img":"https://fd9-photos.leclercdrive.fr/image.ashx?id=2816552&use=l&cat=p&typeid=i","cat":333657},{"id":2125,"n":"Tagliatelle fraîche Turini 350g","p":1.19,"u":"3,40 €/KG","img":"https://fd9-photos.leclercdrive.fr/image.ashx?id=2846514&use=l&cat=p&typeid=i","cat":333682},{"id":2126,"n":"Pâte brisée Tablier Blanc Prête à dérouler - 230g","p":0.65,"u":"2,83 €/KG","img":"https://fd9-photos.leclercdrive.fr/image.ashx?id=2635886&use=l&cat=p&typeid=i","cat":333681},{"id":2128,"n":"Bâtonnets Surimi Pêche Océan MSC - x12 - 200g","p":1.38,"u":"6,90 €/KG","img":"https://fd9-photos.leclercdrive.fr/image.ashx?id=2981837&use=l&cat=p&typeid=i","cat":285189},{"id":2129,"n":"Tarama Ronde des mers  Aux oeufs de cabillaud - 100g","p":0.99,"u":"9,90 €/KG","img":"https://fd9-photos.leclercdrive.fr/image.ashx?id=2824600&use=l&cat=p&typeid=i","cat":315999},{"id":2130,"n":"Filets d'anchois Pêche Océan Huile d'olive - 50g","p":1.36,"u":"27,20 €/KG","img":"https://fd9-photos.leclercdrive.fr/image.ashx?id=2992498&use=l&cat=p&typeid=i","cat":285190},{"id":2139,"n":"Gants jetables Mamison latex T7 x10","p":1.33,"img":"https://fd9-photos.leclercdrive.fr/image.ashx?id=2742688&use=l&cat=p&typeid=i","cat":284668},{"id":2141,"n":"Crème nettoyante Clair 3en1 - 750ml","p":1.15,"u":"1,53 €/L","img":"https://fd9-photos.leclercdrive.fr/image.ashx?id=2868310&use=l&cat=p&typeid=i","cat":325357},{"id":2175,"n":"Sucre cristal Saint Louis Sachet 1 kg","p":2.13,"u":"2,13 €/KG","img":"https://fd9-photos.leclercdrive.fr/image.ashx?id=2624245&use=l&cat=p&typeid=i","cat":284502},{"id":2187,"n":"Mascarpone Les Croisés - 250g","p":1.78,"u":"7,12 €/KG","img":"https://fd9-photos.leclercdrive.fr/image.ashx?id=2123620&use=l&cat=p&typeid=i","cat":314026},{"id":2192,"n":"Papier aluminium Elembal 50m","p":4.4,"img":"https://fd9-photos.leclercdrive.fr/image.ashx?id=2854201&use=l&cat=p&typeid=i","cat":334134},{"id":2193,"n":"Film étirable Elembal 2en1 20m","p":1.25,"img":"https://fd9-photos.leclercdrive.fr/image.ashx?id=2059962&use=l&cat=p&typeid=i","cat":334134},{"id":2194,"n":"Sacs congélation Elembal Moyen modèle x50","p":1.08,"img":"https://fd9-photos.leclercdrive.fr/image.ashx?id=2257205&use=l&cat=p&typeid=i","cat":334134},{"id":2195,"n":"Sacs poubelle 30L Elembal Poignées coulissantes - x20","p":2.11,"u":"0,11 €/P","img":"https://fd9-photos.leclercdrive.fr/image.ashx?id=2791740&use=l&cat=p&typeid=i","cat":285168},{"id":2199,"n":"Cassoulet La Belle Chaurienne Canard 4/4 840g","p":5.25,"u":"6,25 €/KG","img":"https://fd9-photos.leclercdrive.fr/image.ashx?id=2837340&use=l&cat=p&typeid=i","cat":284440},{"id":2200,"n":"Muffins nature Epi d'Or x4 - 250g","p":1.51,"u":"6,04 €/KG","img":"https://fd9-photos.leclercdrive.fr/image.ashx?id=2939052&use=l&cat=p&typeid=i","cat":284985},{"id":2201,"n":"Pastis 51 Anisé 45% vol - 1L","p":19.68,"u":"19,68 €/L","img":"https://fd9-photos.leclercdrive.fr/image.ashx?id=2998916&use=l&cat=p&typeid=i","cat":284548},{"id":2224,"n":"Boisson lactée Candy'UP Chocolat - 6x20cl","p":2.65,"u":"2,21 €/L","img":"https://fd9-photos.leclercdrive.fr/image.ashx?id=2485635&use=l&cat=p&typeid=i","cat":295246},{"id":2228,"n":"Eau de toilette Scorpio rouge Flacon - 75ml","p":7.86,"pp":5.19,"u":"69,20 €/L","img":"https://fd9-photos.leclercdrive.fr/image.ashx?id=2329777&use=l&cat=p&typeid=i","cat":287740},{"id":2257,"n":"Crème Hydratante Soft Nivea Visage Corps Mains - 75ml","p":1.62,"u":"23,14 €/L","img":"https://fd9-photos.leclercdrive.fr/image.ashx?id=3005215&use=l&cat=p&typeid=i","cat":325350},{"id":2259,"n":"Crème Hydratante Soft Nivea Visage Corps Mains - 200ml","p":3.11,"u":"15,55 €/L","img":"https://fd9-photos.leclercdrive.fr/image.ashx?id=3014608&use=l&cat=p&typeid=i","cat":325350},{"id":2277,"n":"Gel lubrifiant Intimy Classic - 70ml","p":4.05,"u":"57,86 €/L","img":"https://fd9-photos.leclercdrive.fr/image.ashx?id=2927330&use=l&cat=p&typeid=i","cat":285160},{"id":2305,"n":"Lait Démaquillant Mixa  Anti-dessèchement - 200ml","p":2.96,"u":"14,80 €/L","img":"https://fd9-photos.leclercdrive.fr/image.ashx?id=2285390&use=l&cat=p&typeid=i","cat":284603},{"id":2317,"n":"Mousse Coiffante Franck Provost Cheveux Bouclés - 200ml","p":4.29,"u":"21,45 €/L","img":"https://fd9-photos.leclercdrive.fr/image.ashx?id=2575606&use=l&cat=p&typeid=i","cat":284609},{"id":2324,"n":"Eau Micellaire vitaminée Mixa Peaux Sensibles - 200ml","p":2.89,"u":"14,45 €/L","img":"https://fd9-photos.leclercdrive.fr/image.ashx?id=2445334&use=l&cat=p&typeid=i","cat":284603},{"id":2336,"n":"Baume soin Après-Rasage Mennen Peaux Sensibles - 100ml","p":3.87,"u":"38,70 €/L","img":"https://fd9-photos.leclercdrive.fr/image.ashx?id=2517905&use=l&cat=p&typeid=i","cat":288147},{"id":2338,"n":"Lotion Après-Rasage Mennen Apaisante - 125ml","p":3.78,"u":"30,24 €/L","img":"https://fd9-photos.leclercdrive.fr/image.ashx?id=2469620&use=l&cat=p&typeid=i","cat":288147},{"id":2441,"n":"Préservatifs Durex Love Faciles et rapides à poser x6","p":3.05,"u":"0,51 €/P","img":"https://fd9-photos.leclercdrive.fr/image.ashx?id=2963895&use=l&cat=p&typeid=i","cat":284631},{"id":2504,"n":"Levure de bière Gerblé à saupoudrer - 150g","p":2.41,"u":"16,07 €/KG","img":"https://fd9-photos.leclercdrive.fr/image.ashx?id=2575036&use=l&cat=p&typeid=i","cat":288382},{"id":2505,"n":"Crème au chocolat GERLINEA   Repas minceur - 3x210g","p":4.45,"u":"7,06 €/KG","img":"https://fd9-photos.leclercdrive.fr/image.ashx?id=2653450&use=l&cat=p&typeid=i","cat":318652},{"id":2506,"n":"Coupelle crème Gerlinea Vanille caramel -  3x210g","p":4.29,"u":"6,81 €/KG","img":"https://fd9-photos.leclercdrive.fr/image.ashx?id=2653453&use=l&cat=p&typeid=i","cat":318652},{"id":2510,"n":"Biscuits soja figue GERBLE   - 4x4, 270g","p":2.01,"u":"7,44 €/KG","img":"https://fd9-photos.leclercdrive.fr/image.ashx?id=2812720&use=l&cat=p&typeid=i","cat":318651},{"id":2511,"n":"Biscuits diététiques Gerblé Soja Orange - 280g","p":1.46,"u":"5,21 €/KG","img":"https://fd9-photos.leclercdrive.fr/image.ashx?id=2623166&use=l&cat=p&typeid=i","cat":318651},{"id":2523,"n":"Amandes effilées Couleurs Vives 125g","p":1.99,"u":"15,92 €/KG","img":"https://fd9-photos.leclercdrive.fr/image.ashx?id=2896874&use=l&cat=p&typeid=i","cat":284504},{"id":2524,"n":"Amandes Couleurs Vives En poudre - 125g","p":1.97,"u":"15,76 €/KG","img":"https://fd9-photos.leclercdrive.fr/image.ashx?id=2896871&use=l&cat=p&typeid=i","cat":284504},{"id":2525,"n":"Cerneaux noix Couleurs Vives 125g","p":1.78,"u":"14,83 €/KG","img":"https://fd9-photos.leclercdrive.fr/image.ashx?id=2886436&use=l&cat=p&typeid=i","cat":284357},{"id":2529,"n":"Salade composée Notre Jardin 400g","p":1.24,"u":"3,10 €/KG","img":"https://fd9-photos.leclercdrive.fr/image.ashx?id=2693306&use=l&cat=p&typeid=i","cat":284353},{"id":2530,"n":"Salade Notre Jardin Mâche - 125g","p":0.95,"u":"7,60 €/KG","img":"https://fd9-photos.leclercdrive.fr/image.ashx?id=2739514&use=l&cat=p&typeid=i","cat":284353},{"id":2568,"n":"Laque Cheveux L'Oréal Paris Fixation forte - 150ml","p":3.89,"u":"25,93 €/L","img":"https://fd9-photos.leclercdrive.fr/image.ashx?id=2576157&use=l&cat=p&typeid=i","cat":284609},{"id":2571,"n":"Gel Coiffant L'Oréal Paris Ultra Fixant 24H - 150ml","p":3.51,"u":"23,40 €/L","img":"https://fd9-photos.leclercdrive.fr/image.ashx?id=2576163&use=l&cat=p&typeid=i","cat":284609},{"id":2588,"n":"Eau minérale Thonon 6x1.5L","p":2.72,"u":"0,30 €/L","img":"https://fd9-photos.leclercdrive.fr/image.ashx?id=2915557&use=l&cat=p&typeid=i","cat":284535},{"id":2613,"n":"Lait demi-écrémé UHT Délisse Bouteille - 6x1L","p":6.3,"u":"1,05 €/L","img":"https://fd9-photos.leclercdrive.fr/image.ashx?id=2970536&use=l&cat=p&typeid=i","cat":284377},{"id":2623,"n":"Joker Pur Jus Engagé  Multifruits - 1L","p":2.3,"u":"2,30 €/L","img":"https://fd9-photos.leclercdrive.fr/image.ashx?id=3001287&use=l&cat=p&typeid=i","cat":284917},{"id":2638,"n":"Eau minérale Courmayeur 6x1.5L","p":2.58,"u":"0,29 €/L","img":"https://fd9-photos.leclercdrive.fr/image.ashx?id=2964105&use=l&cat=p&typeid=i","cat":284535},{"id":2649,"n":"Eau de source de Montagne 6x1.5L","p":1.68,"u":"0,19 €/L","img":"https://fd9-photos.leclercdrive.fr/image.ashx?id=2727617&use=l&cat=p&typeid=i","cat":284535},{"id":2650,"n":"Whisky William Lawson's Finest Blend 40° - 100cl","p":18.18,"u":"18,18 €/L","img":"https://fd9-photos.leclercdrive.fr/image.ashx?id=2966134&use=l&cat=p&typeid=i","cat":284547},{"id":2684,"n":"Fromage Camembert NRT AOP  de Normandie - 250g","p":3.39,"u":"13,56 €/KG","img":"https://fd9-photos.leclercdrive.fr/image.ashx?id=2188712&use=l&cat=p&typeid=i","cat":314033},{"id":2722,"n":"Yaourts aromatisés Délisse Vanille - 8x125g","p":2.58,"u":"2,58 €/KG","img":"https://fd9-photos.leclercdrive.fr/image.ashx?id=2758707&use=l&cat=p&typeid=i","cat":286006},{"id":2729,"n":"Pistaches grillées à sec Tokapi 300g","p":3.91,"u":"13,03 €/KG","img":"https://fd9-photos.leclercdrive.fr/image.ashx?id=2994172&use=l&cat=p&typeid=i","cat":284448},{"id":2737,"n":"Eau minérale Des Alpes  6x1.5L","p":2.1,"u":"0,23 €/L","img":"https://fd9-photos.leclercdrive.fr/image.ashx?id=2768667&use=l&cat=p&typeid=i","cat":284535},{"id":2743,"n":"Eau gazeuse  Badoit verte finement pétillante - 6x50cl","p":2.87,"u":"0,96 €/L","img":"https://fd9-photos.leclercdrive.fr/image.ashx?id=2983081&use=l&cat=p&typeid=i","cat":284536},{"id":2750,"n":"Lait écrémé Délisse UHT - Bouteille : 6x1L","p":5.94,"u":"0,99 €/L","img":"https://fd9-photos.leclercdrive.fr/image.ashx?id=2475152&use=l&cat=p&typeid=i","cat":284949},{"id":2755,"n":"Lait demi-écrémé Lactel Vitamine D Bouteille - 6x1l","p":7.53,"u":"1,26 €/L","img":"https://fd9-photos.leclercdrive.fr/image.ashx?id=2889424&use=l&cat=p&typeid=i","cat":284377},{"id":2757,"n":"Lait Bio demi-écrémé Lactel  UHT Bouteille - 6x1l","p":9.42,"u":"1,57 €/L","img":"https://fd9-photos.leclercdrive.fr/image.ashx?id=2886918&use=l&cat=p&typeid=i","cat":284377},{"id":2758,"n":"Lait Matin Léger de Lactel Sans lactose 1.2% mg - 6x50cl","p":6.63,"u":"2,21 €/L","img":"https://fd9-photos.leclercdrive.fr/image.ashx?id=2883564&use=l&cat=p&typeid=i","cat":317169},{"id":2776,"n":"Crème Mains Réparatrice Mixa Mains abîmées - 100ml","p":2.13,"u":"21,30 €/L","img":"https://fd9-photos.leclercdrive.fr/image.ashx?id=2276024&use=l&cat=p&typeid=i","cat":325354},{"id":2799,"n":"Fromage frais Délisse Fruits panachés - 24x50g","p":2.88,"u":"2,40 €/KG","img":"https://fd9-photos.leclercdrive.fr/image.ashx?id=2922494&use=l&cat=p&typeid=i","cat":284414},{"id":2813,"n":"Pizza Chèvre Turini Cuite au feu de bois - 420g","p":2.21,"u":"5,26 €/KG","img":"https://fd9-photos.leclercdrive.fr/image.ashx?id=2815214&use=l&cat=p&typeid=i","cat":284256},{"id":2814,"n":"Pizza 4 fromages Turini Cuite au feu de bois - 420g","p":2.23,"u":"5,31 €/KG","img":"https://fd9-photos.leclercdrive.fr/image.ashx?id=2815211&use=l&cat=p&typeid=i","cat":284256},{"id":2835,"n":"Carotte  2kg","p":1.99,"u":"1,00 €/KG","img":"https://fd9-photos.leclercdrive.fr/image.ashx?id=1631892&use=l&cat=p&typeid=i","cat":284352},{"id":2845,"n":"Glace Cône Nestlé Extrême Rhum raisins x6 - 426g","p":3.65,"u":"8,57 €/KG","img":"https://fd9-photos.leclercdrive.fr/image.ashx?id=2729848&use=l&cat=p&typeid=i","cat":284264},{"id":2888,"n":"Eclairs saveur chocolat 2x1p","p":2.15,"u":"1,08 €/P","img":"https://fd9-photos.leclercdrive.fr/image.ashx?id=557993&use=l&cat=p&typeid=i","cat":284360},{"id":2889,"n":"Eclairs saveur café  2x1p","p":2.15,"u":"1,08 €/P","img":"https://fd9-photos.leclercdrive.fr/image.ashx?id=557994&use=l&cat=p&typeid=i","cat":284360},{"id":2905,"n":"Steak haché Charal 5%mg - 400g","p":9.08,"u":"22,70 €/KG","img":"https://fd9-photos.leclercdrive.fr/image.ashx?id=1889171&use=l&cat=p&typeid=i","cat":284332},{"id":2929,"n":"Biscuits raisins GERBLE   - 4x4, 270g","p":1.57,"u":"5,81 €/KG","img":"https://fd9-photos.leclercdrive.fr/image.ashx?id=2662298&use=l&cat=p&typeid=i","cat":318651},{"id":2931,"n":"Biscuit chocolat noir Gerblé  - 150g","p":1.9,"u":"12,67 €/KG","img":"https://fd9-photos.leclercdrive.fr/image.ashx?id=2664001&use=l&cat=p&typeid=i","cat":318651},{"id":2932,"n":"Biscuit miel sésame GERBLE  - 6x3,  162g","p":2.35,"u":"14,51 €/KG","img":"https://fd9-photos.leclercdrive.fr/image.ashx?id=2662277&use=l&cat=p&typeid=i","cat":318651},{"id":2933,"n":"Germe de blé Gerblé 250g","p":1.76,"u":"7,04 €/KG","img":"https://fd9-photos.leclercdrive.fr/image.ashx?id=2575060&use=l&cat=p&typeid=i","cat":288382},{"id":2934,"n":"Barres Amande GERBLE   - 6 sachets 150g","p":2.5,"u":"16,67 €/KG","img":"https://fd9-photos.leclercdrive.fr/image.ashx?id=2664088&use=l&cat=p&typeid=i","cat":318652},{"id":2935,"n":"Biscuits écorce confite GERBLE   - 4x5,  360g","p":1.57,"u":"4,36 €/KG","img":"https://fd9-photos.leclercdrive.fr/image.ashx?id=2662907&use=l&cat=p&typeid=i","cat":318651},{"id":2937,"n":"Biscuits goûter chocolat GERBLE  - 3x4,  250g","p":1.62,"u":"6,48 €/KG","img":"https://fd9-photos.leclercdrive.fr/image.ashx?id=2625181&use=l&cat=p&typeid=i","cat":318651},{"id":2938,"n":"Biscuits germe de blé GERBLE   - 5x5, 210g","p":1.28,"u":"6,10 €/KG","img":"https://fd9-photos.leclercdrive.fr/image.ashx?id=2573540&use=l&cat=p&typeid=i","cat":318651},{"id":2950,"n":"Biscuits lait chocolat GERBLE   - 5x4, 230g","p":1.53,"u":"6,65 €/KG","img":"https://fd9-photos.leclercdrive.fr/image.ashx?id=2575030&use=l&cat=p&typeid=i","cat":318651},{"id":2951,"n":"Biscuit chocolat GERLINEA  Encas minceur - 4x4, 200g","p":1.98,"u":"9,90 €/KG","img":"https://fd9-photos.leclercdrive.fr/image.ashx?id=2654770&use=l&cat=p&typeid=i","cat":318652},{"id":2969,"n":"Sticks et bretzels Tokapi 300g","p":1.2,"u":"4,00 €/KG","img":"https://fd9-photos.leclercdrive.fr/image.ashx?id=2431104&use=l&cat=p&typeid=i","cat":297000},{"id":2971,"n":"Chips ondulées Pom'Lisse  Nature - 150g","p":0.93,"u":"6,20 €/KG","img":"https://fd9-photos.leclercdrive.fr/image.ashx?id=2657196&use=l&cat=p&typeid=i","cat":284447},{"id":2973,"n":"Chips Pom'Lisse Barbecue - 135g","p":0.89,"u":"6,59 €/KG","img":"https://fd9-photos.leclercdrive.fr/image.ashx?id=2774046&use=l&cat=p&typeid=i","cat":284447},{"id":2988,"n":"Dessert fruits mixés Sojasun Framboise / Passion - 4x100g","p":1.64,"u":"4,10 €/KG","img":"https://fd9-photos.leclercdrive.fr/image.ashx?id=2355671&use=l&cat=p&typeid=i","cat":316071},{"id":3010,"n":"Sauce Mexicaine Tables du Monde Hot - 315g","p":1.49,"u":"4,73 €/KG","img":"https://fd9-photos.leclercdrive.fr/image.ashx?id=2476960&use=l&cat=p&typeid=i","cat":288993},{"id":3011,"n":"Sauce Mexicaine Tables du Monde Medium - 315g","p":1.49,"u":"4,73 €/KG","img":"https://fd9-photos.leclercdrive.fr/image.ashx?id=2476963&use=l&cat=p&typeid=i","cat":288993},{"id":3012,"n":"Sauce Fajitas Tables du Monde 430g","p":1.97,"u":"4,58 €/KG","img":"https://fd9-photos.leclercdrive.fr/image.ashx?id=2470228&use=l&cat=p&typeid=i","cat":288993},{"id":3014,"n":"Brioche tressée Epi d'Or Pépites de chocolat - 600g","p":2.36,"u":"3,93 €/KG","img":"https://fd9-photos.leclercdrive.fr/image.ashx?id=2867898&use=l&cat=p&typeid=i","cat":284478},{"id":3028,"n":"Brioche tranchée Epi d'Or Pépites de chocolat 500g","p":2.09,"u":"4,18 €/KG","img":"https://fd9-photos.leclercdrive.fr/image.ashx?id=2867901&use=l&cat=p&typeid=i","cat":284478},{"id":3033,"n":"Pâtes fraîches Turini Fettuccini - 350g","p":1.49,"u":"4,26 €/KG","img":"https://fd9-photos.leclercdrive.fr/image.ashx?id=2882313&use=l&cat=p&typeid=i","cat":333682},{"id":3034,"n":"Fromage Parmesan Parmareggio 60g","p":1.46,"u":"24,33 €/KG","img":"https://fd9-photos.leclercdrive.fr/image.ashx?id=2975458&use=l&cat=p&typeid=i","cat":314035},{"id":3040,"n":"Beurre moulé bio Bio Village Doux - 82% MG - 250g","p":2.99,"u":"11,96 €/KG","img":"https://fd9-photos.leclercdrive.fr/image.ashx?id=2437052&use=l&cat=p&typeid=i","cat":284379},{"id":3041,"n":"Beurre moulé bio Bio Village Demi-sel - 80% MG - 250g","p":2.99,"u":"11,96 €/KG","img":"https://fd9-photos.leclercdrive.fr/image.ashx?id=2437055&use=l&cat=p&typeid=i","cat":284379},{"id":3055,"n":"Gel à raser féminin Siliss Velours abricot - 200ml","p":1.69,"u":"8,45 €/L","img":"https://fd9-photos.leclercdrive.fr/image.ashx?id=2699408&use=l&cat=p&typeid=i","cat":325352},{"id":3064,"n":"Cotons Démaquillants Demak'Up Expert - Disques - x70","p":1.24,"u":"0,02 €/P","img":"https://fd9-photos.leclercdrive.fr/image.ashx?id=2970909&use=l&cat=p&typeid=i","cat":284636},{"id":3066,"n":"Tampons Doulys avec applicateur Normal - x24","p":2.46,"u":"0,10 €/P","img":"https://fd9-photos.leclercdrive.fr/image.ashx?id=2965452&use=l&cat=p&typeid=i","cat":284626},{"id":3070,"n":"Serviette hygiénique Doulys Ultra - Normal+  - x14","p":1.29,"u":"0,09 €/P","img":"https://fd9-photos.leclercdrive.fr/image.ashx?id=2838915&use=l&cat=p&typeid=i","cat":284624},{"id":3072,"n":"Serviette hygiénique Doulys Maxi confort - Super - x16","p":1.45,"u":"0,09 €/P","img":"https://fd9-photos.leclercdrive.fr/image.ashx?id=2838912&use=l&cat=p&typeid=i","cat":284624},{"id":3091,"n":"Cordons bleus Maître coq Poulet - 1kg","p":6.36,"u":"6,36 €/KG","img":"https://fd9-photos.leclercdrive.fr/image.ashx?id=2762103&use=l&cat=p&typeid=i","cat":333683},{"id":3093,"n":"Cake fruits P'tit déli Tranché 300g","p":1.66,"u":"5,53 €/KG","img":"https://fd9-photos.leclercdrive.fr/image.ashx?id=2823078&use=l&cat=p&typeid=i","cat":284493},{"id":3104,"n":"Sablés P'tit Déli Fourrés Figue x16 - 165g","p":1.09,"u":"6,61 €/KG","img":"https://fd9-photos.leclercdrive.fr/image.ashx?id=2753372&use=l&cat=p&typeid=i","cat":284489},{"id":3106,"n":"Biscuits Cookies P'tit Déli Noix coco Chocolat - 200g","p":1.39,"u":"6,95 €/KG","img":"https://fd9-photos.leclercdrive.fr/image.ashx?id=2896853&use=l&cat=p&typeid=i","cat":325066},{"id":3107,"n":"Biscuits petit beurre LU Pocket - 300g","p":1.98,"u":"6,60 €/KG","img":"https://fd9-photos.leclercdrive.fr/image.ashx?id=3001940&use=l&cat=p&typeid=i","cat":284487},{"id":3108,"n":"Biscuits petit déjeuner Prince Céréales - 300g","p":1.96,"u":"6,53 €/KG","img":"https://fd9-photos.leclercdrive.fr/image.ashx?id=2346648&use=l&cat=p&typeid=i","cat":284491},{"id":3123,"n":"Plat bébé Blédina 8 mois  Pomme de terre poulet - 2x200g","p":2.65,"u":"6,63 €/KG","img":"https://fd9-photos.leclercdrive.fr/image.ashx?id=2975056&use=l&cat=p&typeid=i","cat":312236},{"id":3142,"n":"Café et Chicorée Soluble Ricoré  Original - 100g","p":2.78,"u":"27,80 €/KG","img":"https://fd9-photos.leclercdrive.fr/image.ashx?id=2951542&use=l&cat=p&typeid=i","cat":284843},{"id":3144,"n":"Chocolat Tablette d'Or noir Extra 47% cacao 3x100g","p":2.77,"u":"9,23 €/KG","img":"https://fd9-photos.leclercdrive.fr/image.ashx?id=2982889&use=l&cat=p&typeid=i","cat":284956},{"id":3147,"n":"Madeleines P'tit déli coquilles 500g","p":1.7,"u":"3,40 €/KG","img":"https://fd9-photos.leclercdrive.fr/image.ashx?id=2999484&use=l&cat=p&typeid=i","cat":284492},{"id":3148,"n":"Madeleines longues P'tit déli Marbrées chocolat 250g","p":1.45,"u":"5,80 €/KG","img":"https://fd9-photos.leclercdrive.fr/image.ashx?id=2999490&use=l&cat=p&typeid=i","cat":284492},{"id":3152,"n":"Café Plantation  Kenya - 250g","p":3.92,"u":"15,68 €/KG","img":"https://fd9-photos.leclercdrive.fr/image.ashx?id=2607431&use=l&cat=p&typeid=i","cat":284750},{"id":3158,"n":"Café moulu Plantation  doux - 2x250g","p":6.88,"u":"13,76 €/KG","img":"https://fd9-photos.leclercdrive.fr/image.ashx?id=2607428&use=l&cat=p&typeid=i","cat":284750},{"id":3166,"n":"Dessert fruitier pomme Douceur du Verger 16x100g","p":2.8,"u":"1,75 €/KG","img":"https://fd9-photos.leclercdrive.fr/image.ashx?id=798031&use=l&cat=p&typeid=i","cat":284416},{"id":3169,"n":"Tortellini iTurini Ricotta épinard - 300g","p":1.48,"u":"4,93 €/KG","img":"https://fd9-photos.leclercdrive.fr/image.ashx?id=2869266&use=l&cat=p&typeid=i","cat":333682},{"id":3171,"n":"Tortellini Turini Jambon cru - 250g","p":1.96,"u":"7,84 €/KG","img":"https://fd9-photos.leclercdrive.fr/image.ashx?id=2778039&use=l&cat=p&typeid=i","cat":333682},{"id":3192,"n":"Détachant sans javel Textil 2L","p":3.19,"u":"1,60 €/L","img":"https://fd9-photos.leclercdrive.fr/image.ashx?id=2988036&use=l&cat=p&typeid=i","cat":284651},{"id":3193,"n":"Aérosol désodorisant Oust Fraîcheur propre 300ml","p":1.75,"u":"5,83 €/L","img":"https://fd9-photos.leclercdrive.fr/image.ashx?id=1715230&use=l&cat=p&typeid=i","cat":311626},{"id":3195,"n":"Coton Primoplast prédécoupé 100g","p":0.98,"u":"9,80 €/KG","img":"https://fd9-photos.leclercdrive.fr/image.ashx?id=2856453&use=l&cat=p&typeid=i","cat":284630},{"id":3200,"n":"Petits pains grillés Epi d'Or  Froment - 225g","p":0.79,"u":"3,51 €/KG","img":"https://fd9-photos.leclercdrive.fr/image.ashx?id=2496410&use=l&cat=p&typeid=i","cat":284479},{"id":3208,"n":"Confiture Allégée aux Fraises Andros - 350g","p":1.72,"u":"4,91 €/KG","img":"https://fd9-photos.leclercdrive.fr/image.ashx?id=2911229&use=l&cat=p&typeid=i","cat":284480},{"id":3215,"n":"Riz long Comptoir du Grain Etuvé - 1kg","p":1.72,"u":"1,72 €/KG","img":"https://fd9-photos.leclercdrive.fr/image.ashx?id=2076640&use=l&cat=p&typeid=i","cat":284428},{"id":3221,"n":"Purée pomme de terre Pom'lisse Nature - 8x125g - 1kg","p":3.19,"u":"3,19 €/KG","img":"https://fd9-photos.leclercdrive.fr/image.ashx?id=2954573&use=l&cat=p&typeid=i","cat":284431},{"id":3225,"n":"Pâtes Lasagnes Panzani - 500G","p":1.8,"u":"3,60 €/KG","img":"https://fd9-photos.leclercdrive.fr/image.ashx?id=2896105&use=l&cat=p&typeid=i","cat":284427},{"id":3233,"n":"Haricots verts Notre Jardin Extra fins - 220g","p":1.89,"u":"8,59 €/KG","img":"https://fd9-photos.leclercdrive.fr/image.ashx?id=2988018&use=l&cat=p&typeid=i","cat":312606},{"id":3239,"n":"Biscuit Petit beurre P'tit Déli Tablette chocolat noir - 150g","p":1.37,"u":"9,13 €/KG","img":"https://fd9-photos.leclercdrive.fr/image.ashx?id=2949170&use=l&cat=p&typeid=i","cat":284488},{"id":3240,"n":"Biscuit Petit beurre P'tit Déli Tablette lait noisette - 150g","p":1.61,"u":"10,73 €/KG","img":"https://fd9-photos.leclercdrive.fr/image.ashx?id=2523673&use=l&cat=p&typeid=i","cat":284488},{"id":3257,"n":"Bûche glacée Eskiss 3 chocolats - 536g","p":3.49,"u":"6,51 €/KG","img":"https://fd9-photos.leclercdrive.fr/image.ashx?id=2791254&use=l&cat=p&typeid=i","cat":284266},{"id":3260,"n":"Noix de Saint Jacques NRT de la baie de St-Brieuc - 300g","p":14.99,"u":"49,97 €/KG","img":"https://fd9-photos.leclercdrive.fr/image.ashx?id=2801064&use=l&cat=p&typeid=i","cat":319787},{"id":3262,"n":"Carottes Notre Jardin Extra-fines - 530g","p":1.69,"u":"3,19 €/KG","img":"https://fd9-photos.leclercdrive.fr/image.ashx?id=1993550&use=l&cat=p&typeid=i","cat":312607},{"id":3269,"n":"Coeurs de palmiers Notre Jardin Extra tendres - 220g","p":2.27,"u":"10,32 €/KG","img":"https://fd9-photos.leclercdrive.fr/image.ashx?id=2072701&use=l&cat=p&typeid=i","cat":312611},{"id":3270,"n":"Coeurs de palmiers Notre Jardin Extra tendres - 250g","p":4.74,"u":"18,96 €/KG","img":"https://fd9-photos.leclercdrive.fr/image.ashx?id=2599137&use=l&cat=p&typeid=i","cat":312611},{"id":3272,"n":"Asperges blanches grosses Notre Jardin - 320g","p":3.49,"u":"10,91 €/KG","img":"https://fd9-photos.leclercdrive.fr/image.ashx?id=2049016&use=l&cat=p&typeid=i","cat":312611},{"id":3277,"n":"Chips à l'ancienne Pom'lisse Nature - 6x30g","p":1.58,"u":"8,78 €/KG","img":"https://fd9-photos.leclercdrive.fr/image.ashx?id=2657193&use=l&cat=p&typeid=i","cat":284447},{"id":3305,"n":"Sauce Provençale Turini 420g","p":0.97,"u":"2,31 €/KG","img":"https://fd9-photos.leclercdrive.fr/image.ashx?id=2047010&use=l&cat=p&typeid=i","cat":287599},{"id":3307,"n":"Cidre bouché Les Goelleries Normand brut 5.5%vol. - 75cl","p":1.79,"u":"2,39 €/L","img":"https://fd9-photos.leclercdrive.fr/image.ashx?id=2842196&use=l&cat=p&typeid=i","cat":334880},{"id":3308,"n":"Pur jus de carotte Jafaden - 1L","p":2.29,"u":"2,29 €/L","img":"https://fd9-photos.leclercdrive.fr/image.ashx?id=2860712&use=l&cat=p&typeid=i","cat":284523},{"id":3309,"n":"Pur jus de pomme Jafaden 1L","p":1.34,"u":"1,34 €/L","img":"https://fd9-photos.leclercdrive.fr/image.ashx?id=2955632&use=l&cat=p&typeid=i","cat":284522},{"id":3310,"n":"Pur jus de pomme Bio Village Bio - 1L","p":1.49,"u":"1,49 €/L","img":"https://fd9-photos.leclercdrive.fr/image.ashx?id=2901527&use=l&cat=p&typeid=i","cat":284522},{"id":3311,"n":"Thé glacé Fresh Tea Pêche - 1,5L","p":1.25,"u":"0,83 €/L","img":"https://fd9-photos.leclercdrive.fr/image.ashx?id=2982601&use=l&cat=p&typeid=i","cat":295019},{"id":3316,"n":"Sirop Frucci Grenadine - 1L","p":2.76,"u":"2,76 €/L","img":"https://fd9-photos.leclercdrive.fr/image.ashx?id=2954073&use=l&cat=p&typeid=i","cat":295020},{"id":3320,"n":"Bonbons Werther's Original Mini 42g","p":1.92,"u":"45,71 €/KG","img":"https://fd9-photos.leclercdrive.fr/image.ashx?id=2660167&use=l&cat=p&typeid=i","cat":304252},{"id":3338,"n":"Protège-slips Doulys Mince - Plié - x30","p":1.25,"u":"0,04 €/P","img":"https://fd9-photos.leclercdrive.fr/image.ashx?id=2824129&use=l&cat=p&typeid=i","cat":284625},{"id":3343,"n":"Vodka Poliakov 37.5%vol - 70cl","p":11.08,"u":"15,83 €/L","img":"https://fd9-photos.leclercdrive.fr/image.ashx?id=2810759&use=l&cat=p&typeid=i","cat":284550},{"id":3344,"n":"Nectar Jafaden Banane - 1L","p":2.09,"u":"2,09 €/L","img":"https://fd9-photos.leclercdrive.fr/image.ashx?id=2955701&use=l&cat=p&typeid=i","cat":284915},{"id":3345,"n":"Nectar Jafaden Poire - 1L","p":2.49,"u":"2,49 €/L","img":"https://fd9-photos.leclercdrive.fr/image.ashx?id=2955695&use=l&cat=p&typeid=i","cat":284915},{"id":3355,"n":"World Mix Haribo Sachet bonbons - 500g","p":2.89,"u":"5,78 €/KG","img":"https://fd9-photos.leclercdrive.fr/image.ashx?id=2805207&use=l&cat=p&typeid=i","cat":304250},{"id":3356,"n":"Banan's Haribo Sachet bonbons - 300g","p":1.52,"u":"5,07 €/KG","img":"https://fd9-photos.leclercdrive.fr/image.ashx?id=1739936&use=l&cat=p&typeid=i","cat":304250},{"id":3359,"n":"Compote Andros Pomme 750g","p":1.49,"u":"1,99 €/KG","img":"https://fd9-photos.leclercdrive.fr/image.ashx?id=2327716&use=l&cat=p&typeid=i","cat":284508},{"id":3361,"n":"Pâtée chats Gourmet gold Mousselines 4x85g","p":1.94,"u":"5,71 €/KG","img":"https://fd9-photos.leclercdrive.fr/image.ashx?id=2711103&use=l&cat=p&typeid=i","cat":285286},{"id":3364,"n":"Huile de douche Manava Bien être oriental 250ml","p":1.16,"u":"4,64 €/L","img":"https://fd9-photos.leclercdrive.fr/image.ashx?id=2809659&use=l&cat=p&typeid=i","cat":284594},{"id":3365,"n":"Gel douche et shampooing Carré Homme Dynamisante - 250ml","p":1.15,"u":"4,60 €/L","img":"https://fd9-photos.leclercdrive.fr/image.ashx?id=2910329&use=l&cat=p&typeid=i","cat":284619},{"id":3371,"n":"Kit Fajitas Tables du Monde 505g","p":2.79,"u":"5,52 €/KG","img":"https://fd9-photos.leclercdrive.fr/image.ashx?id=2679726&use=l&cat=p&typeid=i","cat":288993},{"id":3372,"n":"Terrines Tous Mes Amis Pour chats  3 saveurs - 3x400g","p":3.29,"u":"2,74 €/KG","img":"https://fd9-photos.leclercdrive.fr/image.ashx?id=2865050&use=l&cat=p&typeid=i","cat":285601},{"id":3373,"n":"Tortillas Tables du Monde Galettes de blé x8 320g","p":1.71,"u":"5,34 €/KG","img":"https://fd9-photos.leclercdrive.fr/image.ashx?id=2679729&use=l&cat=p&typeid=i","cat":288993},{"id":3375,"n":"Lingettes bébé Mots d'Enfants Toilettes fruits rouges - x60","p":1.7,"u":"0,03 €/P","img":"https://fd9-photos.leclercdrive.fr/image.ashx?id=2856465&use=l&cat=p&typeid=i","cat":284738},{"id":3376,"n":"Café moulu Bio Village Bio  Pérou - 250g","p":4.21,"u":"16,84 €/KG","img":"https://fd9-photos.leclercdrive.fr/image.ashx?id=2552436&use=l&cat=p&typeid=i","cat":284750},{"id":3387,"n":"Gel à raser Carré Homme Vitaminé protecteur 200ml","p":1.89,"u":"9,45 €/L","img":"https://fd9-photos.leclercdrive.fr/image.ashx?id=2704642&use=l&cat=p&typeid=i","cat":284617},{"id":3393,"n":"Dentifrice Protection Signal Caries 100ml","p":1.15,"u":"11,50 €/L","img":"https://fd9-photos.leclercdrive.fr/image.ashx?id=2961810&use=l&cat=p&typeid=i","cat":284612},{"id":3395,"n":"Dentifrice Dentamyl Aux plantes 75ml","p":0.94,"u":"12,53 €/L","img":"https://fd9-photos.leclercdrive.fr/image.ashx?id=2489104&use=l&cat=p&typeid=i","cat":284612},{"id":3412,"n":"Soupe de poissons Régal Soupe 1L","p":2.69,"u":"2,69 €/L","img":"https://fd9-photos.leclercdrive.fr/image.ashx?id=2607410&use=l&cat=p&typeid=i","cat":287366},{"id":3413,"n":"Asperges blanches Notre Jardin Pointes - 110g","p":2.35,"u":"21,36 €/KG","img":"https://fd9-photos.leclercdrive.fr/image.ashx?id=2049022&use=l&cat=p&typeid=i","cat":312611},{"id":3416,"n":"Ratatouille Notre Jardin A la provençale - 750g","p":1.29,"u":"1,72 €/KG","img":"https://fd9-photos.leclercdrive.fr/image.ashx?id=2526291&use=l&cat=p&typeid=i","cat":312612},{"id":3424,"n":"Plat moussaka Côté table 850g","p":4.63,"u":"5,45 €/KG","img":"https://fd9-photos.leclercdrive.fr/image.ashx?id=2045175&use=l&cat=p&typeid=i","cat":284254},{"id":3428,"n":"Feuilletés paniers Côté Table St Jacques Fruits de mer 4x100g","p":4.45,"u":"11,13 €/KG","img":"https://fd9-photos.leclercdrive.fr/image.ashx?id=2549379&use=l&cat=p&typeid=i","cat":319776},{"id":3429,"n":"Lasagnes bolognaises Côté table 1kg","p":3.49,"u":"3,49 €/KG","img":"https://fd9-photos.leclercdrive.fr/image.ashx?id=2545628&use=l&cat=p&typeid=i","cat":284254},{"id":3441,"n":"AOP Freixenet Cava Cordon Negro Brut - 75cl","p":5.7,"u":"7,60 €/L","img":"https://fd9-photos.leclercdrive.fr/image.ashx?id=3011929&use=l&cat=p&typeid=i","cat":289461},{"id":3520,"n":"Boîtes chiens Lydog Terrines Viande volaille - 4x405g","p":3.47,"u":"2,14 €/KG","img":"https://fd9-photos.leclercdrive.fr/image.ashx?id=2815746&use=l&cat=p&typeid=i","cat":288578},{"id":3549,"n":"IGP Pays d'Oc rosé J.P. Chenet 12.5% vol - 75cl","p":3.14,"u":"4,19 €/L","img":"https://fd9-photos.leclercdrive.fr/image.ashx?id=2985108&use=l&cat=p&typeid=i","cat":289558},{"id":3550,"n":"AOP Côtes de Provence rosé Billette Bouquet - 75cl","p":5.98,"u":"7,97 €/L","img":"https://fd9-photos.leclercdrive.fr/image.ashx?id=2625433&use=l&cat=p&typeid=i","cat":289558},{"id":3558,"n":"IGP Pays d'Oc rouge J-P Chenet Cabernet-Syrah 13% vol - 75 cl","p":3.23,"u":"4,31 €/L","img":"https://fd9-photos.leclercdrive.fr/image.ashx?id=2810864&use=l&cat=p&typeid=i","cat":289556},{"id":3559,"n":"IGP Pays d'Oc rouge J-P Chenet Merlot HVE - 75 cl","p":3.19,"u":"4,25 €/L","img":"https://fd9-photos.leclercdrive.fr/image.ashx?id=2837157&use=l&cat=p&typeid=i","cat":289556},{"id":3560,"n":"AOC Champagne brut blanc Pol Carson - 1,5L","p":39.99,"u":"26,66 €/L","img":"https://fd9-photos.leclercdrive.fr/image.ashx?id=2994788&use=l&cat=p&typeid=i","cat":284542},{"id":3564,"n":"Vin de l'Union Européenne  La Villageoise - 6x25cl","p":4.26,"u":"2,84 €/L","img":"https://fd9-photos.leclercdrive.fr/image.ashx?id=2731651&use=l&cat=p&typeid=i","cat":289557},{"id":3570,"n":"Concentré à diluer Pulco Citron - 70cl","p":2.18,"u":"3,11 €/L","img":"https://fd9-photos.leclercdrive.fr/image.ashx?id=2687845&use=l&cat=p&typeid=i","cat":295020},{"id":3571,"n":"Nectar Jafaden Abricot - 1L","p":2.59,"u":"2,59 €/L","img":"https://fd9-photos.leclercdrive.fr/image.ashx?id=2955713&use=l&cat=p&typeid=i","cat":284915},{"id":3575,"n":"Litière chats Tous mes Amis Végétale - 10L","p":4.39,"u":"0,44 €/L","img":"https://fd9-photos.leclercdrive.fr/image.ashx?id=2055217&use=l&cat=p&typeid=i","cat":284683},{"id":3576,"n":"Litière chats Tous mes Amis Minérale - Hygiénique - 10L","p":4.65,"u":"0,47 €/L","img":"https://fd9-photos.leclercdrive.fr/image.ashx?id=2055211&use=l&cat=p&typeid=i","cat":284683},{"id":3588,"n":"IGP Pays d'Oc rouge Roche Mazet Cabernet Sauvignon 12.5% 75cl","p":2.82,"u":"3,76 €/L","img":"https://fd9-photos.leclercdrive.fr/image.ashx?id=2333000&use=l&cat=p&typeid=i","cat":289556},{"id":3589,"n":"IGP Pays d'Oc rouge Roche Mazet Merlot - 75cl","p":2.86,"u":"3,81 €/L","img":"https://fd9-photos.leclercdrive.fr/image.ashx?id=2332997&use=l&cat=p&typeid=i","cat":289556},{"id":3593,"n":"Vin d'Italie rouge pétillant Vilaveroni Lambrusco- 75cl","p":3.15,"u":"4,20 €/L","img":"https://fd9-photos.leclercdrive.fr/image.ashx?id=2333021&use=l&cat=p&typeid=i","cat":289556},{"id":3599,"n":"IGP Pays d'Oc rosé Listel Grain De gris 12.5% vol - 75cl","p":3.5,"u":"4,67 €/L","img":"https://fd9-photos.leclercdrive.fr/image.ashx?id=2556135&use=l&cat=p&typeid=i","cat":289558},{"id":3600,"n":"Miel Lune de Miel Tartimiel 250g","p":2.2,"u":"8,80 €/KG","img":"https://fd9-photos.leclercdrive.fr/image.ashx?id=2662610&use=l&cat=p&typeid=i","cat":287643},{"id":3604,"n":"Allume-feu Silex cubes x28 200g","p":1.11,"u":"5,55 €/KG","img":"https://fd9-photos.leclercdrive.fr/image.ashx?id=2558781&use=l&cat=p&typeid=i","cat":300578},{"id":3617,"n":"Galettes de riz bio Bio Village Complet x17 - 130g","p":0.91,"u":"7,00 €/KG","img":"https://fd9-photos.leclercdrive.fr/image.ashx?id=2816151&use=l&cat=p&typeid=i","cat":318651},{"id":3630,"n":"Filets colin Alaska Pêche océan 4 tranches - MSC - 400g","p":2.49,"u":"6,23 €/KG","img":"https://fd9-photos.leclercdrive.fr/image.ashx?id=2930087&use=l&cat=p&typeid=i","cat":319786},{"id":3633,"n":"Colin d'Alaska Pêche Océan x10 tranches - MSC - 1kg","p":6.25,"u":"6,25 €/KG","img":"https://fd9-photos.leclercdrive.fr/image.ashx?id=2930096&use=l&cat=p&typeid=i","cat":319786},{"id":3638,"n":"Fromage Mini Caprice Des Dieux 3 Portions - 150g","p":2.7,"u":"18,00 €/KG","img":"https://fd9-photos.leclercdrive.fr/image.ashx?id=2217434&use=l&cat=p&typeid=i","cat":314033},{"id":3640,"n":"Fromage Apéritif Apérivrais  Saveurs de Provence - 100g","p":2.08,"u":"20,80 €/KG","img":"https://fd9-photos.leclercdrive.fr/image.ashx?id=2885348&use=l&cat=p&typeid=i","cat":314027},{"id":3641,"n":"Fromage Apéritif Apérivrais  Saveurs d'Italie - 100g","p":2.08,"u":"20,80 €/KG","img":"https://fd9-photos.leclercdrive.fr/image.ashx?id=2944705&use=l&cat=p&typeid=i","cat":314027},{"id":3643,"n":"Scotch Whisky Baird's 40%vol - 70cl","p":10.99,"u":"15,70 €/L","img":"https://fd9-photos.leclercdrive.fr/image.ashx?id=2907159&use=l&cat=p&typeid=i","cat":284547},{"id":3649,"n":"AOP Asti Vilaveroni 75cl","p":6.26,"u":"8,35 €/L","img":"https://fd9-photos.leclercdrive.fr/image.ashx?id=2337558&use=l&cat=p&typeid=i","cat":289461},{"id":3651,"n":"Vin du Portugal rosé Mateus - VSIG - 12% vol 75cl","p":4.7,"u":"6,27 €/L","img":"https://fd9-photos.leclercdrive.fr/image.ashx?id=2794619&use=l&cat=p&typeid=i","cat":289558},{"id":3681,"n":"Confit canard 4/5 cuisses Nos Régions ont du Talent 745g","p":15.28,"u":"20,51 €/KG","img":"https://fd9-photos.leclercdrive.fr/image.ashx?id=2723210&use=l&cat=p&typeid=i","cat":305149},{"id":3684,"n":"Eau gazeuse Rozana 6x1L","p":2.65,"u":"0,44 €/L","img":"https://fd9-photos.leclercdrive.fr/image.ashx?id=2870602&use=l&cat=p&typeid=i","cat":284536},{"id":3694,"n":"Pâtes Torti Legumes Panzani - 500G","p":1.28,"u":"2,56 €/KG","img":"https://fd9-photos.leclercdrive.fr/image.ashx?id=2876032&use=l&cat=p&typeid=i","cat":284427},{"id":3699,"n":"Café moulu Bio Village Bio Amérique latine - 250g","p":4.99,"u":"19,96 €/KG","img":"https://fd9-photos.leclercdrive.fr/image.ashx?id=2603713&use=l&cat=p&typeid=i","cat":284750},{"id":3703,"n":"Collants Sublim Dim Voile brillant noir - Taille 4","p":5.4,"img":"https://fd9-photos.leclercdrive.fr/image.ashx?id=2176665&use=l&cat=p&typeid=i","cat":334130},{"id":3712,"n":"Emincé poulet Côté Table Sauce curry - 300g","p":2.02,"u":"6,73 €/KG","img":"https://fd9-photos.leclercdrive.fr/image.ashx?id=2393857&use=l&cat=p&typeid=i","cat":284953},{"id":3714,"n":"Serviette hygiénique Doulys Ultra minces - Normal - x16","p":1.03,"u":"0,06 €/P","img":"https://fd9-photos.leclercdrive.fr/image.ashx?id=2838924&use=l&cat=p&typeid=i","cat":284624},{"id":3716,"n":"Pizza cuite sur pierre Turini Royale - 400g","p":1.99,"u":"4,98 €/KG","img":"https://fd9-photos.leclercdrive.fr/image.ashx?id=2815205&use=l&cat=p&typeid=i","cat":284256},{"id":3719,"n":"Gomme Coiffante L'Oréal Paris Effet Remodelable - 150ml","p":3.51,"u":"23,40 €/L","img":"https://fd9-photos.leclercdrive.fr/image.ashx?id=2614194&use=l&cat=p&typeid=i","cat":284609},{"id":3742,"n":"Goûter Moelleux P'tit déli   Lait cacao et coco x10 420g","p":2.63,"u":"6,26 €/KG","img":"https://fd9-photos.leclercdrive.fr/image.ashx?id=2523691&use=l&cat=p&typeid=i","cat":284495},{"id":3743,"n":"Mini brownie Brossard Chocolat pépites x8 - 240g","p":2.48,"u":"10,33 €/KG","img":"https://fd9-photos.leclercdrive.fr/image.ashx?id=2965100&use=l&cat=p&typeid=i","cat":294776},{"id":3748,"n":"Soufflés Grignot' Tokapi  Saveur Fromage - 90g","p":0.72,"u":"8,00 €/KG","img":"https://fd9-photos.leclercdrive.fr/image.ashx?id=1956625&use=l&cat=p&typeid=i","cat":284449},{"id":3754,"n":"Crackers Tuc Bacon - 100g","p":0.84,"u":"8,40 €/KG","img":"https://fd9-photos.leclercdrive.fr/image.ashx?id=3002198&use=l&cat=p&typeid=i","cat":297000},{"id":3756,"n":"Mélange Exotique Tokapi  Bananes et papaye - 120g","p":1.47,"u":"12,25 €/KG","img":"https://fd9-photos.leclercdrive.fr/image.ashx?id=2793991&use=l&cat=p&typeid=i","cat":284448},{"id":3758,"n":"Sachet repas chats Gourmet 4 variétés de filets - 4x85g","p":1.9,"u":"5,59 €/KG","img":"https://fd9-photos.leclercdrive.fr/image.ashx?id=2902274&use=l&cat=p&typeid=i","cat":285286},{"id":3773,"n":"Feuilletés paniers Côté Table Jambon fromage - 4x100g","p":2.15,"u":"5,38 €/KG","img":"https://fd9-photos.leclercdrive.fr/image.ashx?id=2549382&use=l&cat=p&typeid=i","cat":319776},{"id":3775,"n":"Feuilletés paniers Côté Table Fromage de chèvre - 4x100g","p":2.95,"u":"7,38 €/KG","img":"https://fd9-photos.leclercdrive.fr/image.ashx?id=2549385&use=l&cat=p&typeid=i","cat":319776},{"id":3777,"n":"Légumes couscous Notre jardin 1kg","p":1.99,"u":"1,99 €/KG","img":"https://fd9-photos.leclercdrive.fr/image.ashx?id=2900031&use=l&cat=p&typeid=i","cat":319823},{"id":3784,"n":"Coquilles poisson Côté Table Et fruits de mer x6 - 660g","p":5.35,"u":"8,11 €/KG","img":"https://fd9-photos.leclercdrive.fr/image.ashx?id=2990092&use=l&cat=p&typeid=i","cat":319775},{"id":3786,"n":"Poisson pané Pêche Océan MSC - x20 - 1kg","p":6.95,"u":"6,95 €/KG","img":"https://fd9-photos.leclercdrive.fr/image.ashx?id=1919342&use=l&cat=p&typeid=i","cat":319788},{"id":3795,"n":"Poisson pané Pêche Océan Cabillaud - MSC - x8 400g","p":4.45,"u":"11,13 €/KG","img":"https://fd9-photos.leclercdrive.fr/image.ashx?id=1724533&use=l&cat=p&typeid=i","cat":319788},{"id":3796,"n":"Croquettes poisson Pêche Océan MSC - x6 - 300g","p":1.72,"u":"5,73 €/KG","img":"https://fd9-photos.leclercdrive.fr/image.ashx?id=2856157&use=l&cat=p&typeid=i","cat":319788},{"id":3797,"n":"Brandade morue Côté Table 1kg","p":3.99,"u":"3,99 €/KG","img":"https://fd9-photos.leclercdrive.fr/image.ashx?id=2047028&use=l&cat=p&typeid=i","cat":284254},{"id":3810,"n":"Epinards Notre Jardin Branches A la crème fraîche 1kg","p":2.98,"u":"2,98 €/KG","img":"https://fd9-photos.leclercdrive.fr/image.ashx?id=2873081&use=l&cat=p&typeid=i","cat":319805},{"id":3844,"n":"Sirop érable Maple Joe Du Canada - 250g","p":3.8,"u":"15,20 €/KG","img":"https://fd9-photos.leclercdrive.fr/image.ashx?id=2656559&use=l&cat=p&typeid=i","cat":287643},{"id":3862,"n":"Cacahuètes grillées Tokapi Salées - 500g","p":1.44,"u":"2,88 €/KG","img":"https://fd9-photos.leclercdrive.fr/image.ashx?id=2795532&use=l&cat=p&typeid=i","cat":284448},{"id":3870,"n":"Biscuits génoises Pim's LU Orange - 150g","p":1.46,"u":"9,73 €/KG","img":"https://fd9-photos.leclercdrive.fr/image.ashx?id=2944356&use=l&cat=p&typeid=i","cat":284489},{"id":3874,"n":"Filet Poulet Jaune LR X2  IGP Volailles du Maine  - 240g","p":6.9,"u":"28,75 €/KG","img":"https://fd9-photos.leclercdrive.fr/image.ashx?id=2250561&use=l&cat=p&typeid=i","cat":284336},{"id":3917,"n":"Viande Bovine Française Charal: Pavé aux 3 poivres x2 - 260g","p":6.99,"u":"26,88 €/KG","img":"https://fd9-photos.leclercdrive.fr/image.ashx?id=2311195&use=l&cat=p&typeid=i","cat":284328},{"id":3922,"n":"Carpaccio au Basilic Charal - 230g","p":6.59,"u":"28,65 €/KG","img":"https://fd9-photos.leclercdrive.fr/image.ashx?id=1933746&use=l&cat=p&typeid=i","cat":284328},{"id":3944,"n":"Jus multifruits Jafaden Briquettes - 6x20cl","p":1.79,"u":"1,49 €/L","img":"https://fd9-photos.leclercdrive.fr/image.ashx?id=2751880&use=l&cat=p&typeid=i","cat":284524},{"id":3946,"n":"Pâtes Barilla Spaghettoni n°7 - 500g","p":0.99,"u":"1,98 €/KG","img":"https://fd9-photos.leclercdrive.fr/image.ashx?id=2392221&use=l&cat=p&typeid=i","cat":284427},{"id":3948,"n":"Haricots lingots Notre Jardin 500g","p":1.63,"u":"3,26 €/KG","img":"https://fd9-photos.leclercdrive.fr/image.ashx?id=2983775&use=l&cat=p&typeid=i","cat":284430},{"id":3951,"n":"Sucre vanillé Tablier blanc x10 75g","p":0.79,"u":"10,53 €/KG","img":"https://fd9-photos.leclercdrive.fr/image.ashx?id=2982595&use=l&cat=p&typeid=i","cat":294686},{"id":3952,"n":"Sucre Confisuc Saint Louis Spécial confiture - 1kg","p":2.69,"u":"2,69 €/KG","img":"https://fd9-photos.leclercdrive.fr/image.ashx?id=2019969&use=l&cat=p&typeid=i","cat":284502},{"id":3960,"n":"Haricots Mungo  Notre Jardin 3x90g","p":1.99,"u":"7,37 €/KG","img":"https://fd9-photos.leclercdrive.fr/image.ashx?id=2174678&use=l&cat=p&typeid=i","cat":312611},{"id":3980,"n":"Sauce bolognaise Turini 680g","p":2.44,"u":"3,59 €/KG","img":"https://fd9-photos.leclercdrive.fr/image.ashx?id=2634863&use=l&cat=p&typeid=i","cat":287599},{"id":3983,"n":"Flageolets verts Notre Jardin Extra fins - 3x130g","p":1.99,"u":"5,10 €/KG","img":"https://fd9-photos.leclercdrive.fr/image.ashx?id=2537352&use=l&cat=p&typeid=i","cat":312606},{"id":3994,"n":"Tourte Côté Table Champignon jambon - 500g","p":4.99,"u":"9,98 €/KG","img":"https://fd9-photos.leclercdrive.fr/image.ashx?id=2791680&use=l&cat=p&typeid=i","cat":284257},{"id":3996,"n":"Hachis parmentier Côté table 600g","p":3.52,"u":"5,87 €/KG","img":"https://fd9-photos.leclercdrive.fr/image.ashx?id=2045181&use=l&cat=p&typeid=i","cat":284254},{"id":3997,"n":"Hachis parmentier Côté table 1kg","p":4.83,"u":"4,83 €/KG","img":"https://fd9-photos.leclercdrive.fr/image.ashx?id=2045172&use=l&cat=p&typeid=i","cat":284254},{"id":3998,"n":"Frites allumettes Pom'lisse Au four - 600g","p":1.24,"u":"2,07 €/KG","img":"https://fd9-photos.leclercdrive.fr/image.ashx?id=2699666&use=l&cat=p&typeid=i","cat":319791},{"id":3999,"n":"Crêpes Côté Table Champignons x6 - 300g","p":1.88,"u":"6,27 €/KG","img":"https://fd9-photos.leclercdrive.fr/image.ashx?id=2499352&use=l&cat=p&typeid=i","cat":319776},{"id":4000,"n":"Quiche lorraine Côté Table Mini - 8x100g","p":6.5,"u":"8,13 €/KG","img":"https://fd9-photos.leclercdrive.fr/image.ashx?id=2869787&use=l&cat=p&typeid=i","cat":284257},{"id":4003,"n":"Coquilles Saint-Jacques NRT baie de St-Brieuc x2 - 200g","p":6.79,"u":"33,95 €/KG","img":"https://fd9-photos.leclercdrive.fr/image.ashx?id=2839956&use=l&cat=p&typeid=i","cat":319775},{"id":4007,"n":"Macédoine légumes Notre jardin 1kg","p":1.77,"u":"1,77 €/KG","img":"https://fd9-photos.leclercdrive.fr/image.ashx?id=2873075&use=l&cat=p&typeid=i","cat":319823},{"id":4008,"n":"Julienne légumes Notre jardin 600g","p":1.38,"u":"2,30 €/KG","img":"https://fd9-photos.leclercdrive.fr/image.ashx?id=2900073&use=l&cat=p&typeid=i","cat":319823},{"id":4009,"n":"Printanière légumes Notre jardin 1kg","p":1.47,"u":"1,47 €/KG","img":"https://fd9-photos.leclercdrive.fr/image.ashx?id=2873030&use=l&cat=p&typeid=i","cat":319823},{"id":4014,"n":"Gratin choux fleurs Côté Table 450g","p":3.72,"u":"8,27 €/KG","img":"https://fd9-photos.leclercdrive.fr/image.ashx?id=1977356&use=l&cat=p&typeid=i","cat":319802},{"id":4022,"n":"Fricassée de poulet Côté table Riz et légumes 900g","p":6.51,"u":"7,23 €/KG","img":"https://fd9-photos.leclercdrive.fr/image.ashx?id=2549370&use=l&cat=p&typeid=i","cat":284254},{"id":4024,"n":"Sauce crudité Rustica Nature - 50cl","p":0.88,"u":"1,76 €/L","img":"https://fd9-photos.leclercdrive.fr/image.ashx?id=1972910&use=l&cat=p&typeid=i","cat":284456},{"id":4025,"n":"Pois chiches Notre Jardin 530g","p":1.19,"u":"2,25 €/KG","img":"https://fd9-photos.leclercdrive.fr/image.ashx?id=2988006&use=l&cat=p&typeid=i","cat":312609},{"id":4026,"n":"Cuisses poulet rôti Le gaulois x2 - 350g","p":4.1,"u":"11,71 €/KG","img":"https://fd9-photos.leclercdrive.fr/image.ashx?id=2277122&use=l&cat=p&typeid=i","cat":284336},{"id":4028,"n":"Filets poulet rôti Le gaulois 230g","p":4.32,"u":"18,78 €/KG","img":"https://fd9-photos.leclercdrive.fr/image.ashx?id=2686879&use=l&cat=p&typeid=i","cat":284336},{"id":4063,"n":"Cidre bouché Les Goelleries Normand doux 2%vol. - 75cl","p":1.79,"u":"2,39 €/L","img":"https://fd9-photos.leclercdrive.fr/image.ashx?id=2842202&use=l&cat=p&typeid=i","cat":334880},{"id":4086,"n":"Ecorces Beaux Jours Pin maritime 20/40mm - 50L","p":9.15,"u":"0,18 €/L","img":"https://fd9-photos.leclercdrive.fr/image.ashx?id=2162189&use=l&cat=p&typeid=i","cat":335919},{"id":4101,"n":"Pâtes coquillettes Panzani 1kg","p":1.74,"u":"1,74 €/KG","img":"https://fd9-photos.leclercdrive.fr/image.ashx?id=2873823&use=l&cat=p&typeid=i","cat":284427},{"id":4103,"n":"Compotes Andros Pomme Fraise - 8x100g","p":2.79,"u":"3,49 €/KG","img":"https://fd9-photos.leclercdrive.fr/image.ashx?id=2883940&use=l&cat=p&typeid=i","cat":284416},{"id":4141,"n":"Infusion Tiséa réglisse menthe x25","p":0.9,"u":"22,50 €/KG","img":"https://fd9-photos.leclercdrive.fr/image.ashx?id=2553908&use=l&cat=p&typeid=i","cat":293234},{"id":4193,"n":"Noix NRT 500g","p":3.99,"u":"7,98 €/KG","img":"https://fd9-photos.leclercdrive.fr/image.ashx?id=2321947&use=l&cat=p&typeid=i","cat":284357},{"id":4241,"n":"Tarte Tatin Autour du Dessert 600g","p":4.69,"u":"7,82 €/KG","img":"https://fd9-photos.leclercdrive.fr/image.ashx?id=2875678&use=l&cat=p&typeid=i","cat":284267},{"id":4243,"n":"Tarte citron meringuée Trofic 500g","p":5.59,"u":"11,18 €/KG","img":"https://fd9-photos.leclercdrive.fr/image.ashx?id=2062477&use=l&cat=p&typeid=i","cat":284267},{"id":4249,"n":"Crème glacée Eskiss Chocolat noir - 494g","p":2.35,"u":"4,76 €/KG","img":"https://fd9-photos.leclercdrive.fr/image.ashx?id=2698162&use=l&cat=p&typeid=i","cat":284263},{"id":4250,"n":"Crème glacée Eskiss Café - 494g","p":2.14,"u":"4,33 €/KG","img":"https://fd9-photos.leclercdrive.fr/image.ashx?id=3002545&use=l&cat=p&typeid=i","cat":284263},{"id":4255,"n":"Crème glacée Eskiss Rhum raisin - 494g","p":2.45,"u":"4,96 €/KG","img":"https://fd9-photos.leclercdrive.fr/image.ashx?id=2982589&use=l&cat=p&typeid=i","cat":284263},{"id":4257,"n":"Flammekueche d'Alsace surgelé NRT - 2x250g","p":4.99,"u":"9,98 €/KG","img":"https://fd9-photos.leclercdrive.fr/image.ashx?id=2779301&use=l&cat=p&typeid=i","cat":284257},{"id":4258,"n":"Glace Tyrolia Eskiss 320g","p":2.03,"u":"6,34 €/KG","img":"https://fd9-photos.leclercdrive.fr/image.ashx?id=2075663&use=l&cat=p&typeid=i","cat":284266},{"id":4259,"n":"Pâtes spaghetti Panzani 1kg","p":1.72,"u":"1,72 €/KG","img":"https://fd9-photos.leclercdrive.fr/image.ashx?id=2869555&use=l&cat=p&typeid=i","cat":284427},{"id":4260,"n":"Biscuits sablés P'tit Déli Chocolat au lait - 200g","p":1.19,"u":"5,95 €/KG","img":"https://fd9-photos.leclercdrive.fr/image.ashx?id=2768457&use=l&cat=p&typeid=i","cat":284488},{"id":4262,"n":"Thon en tranche  Pêche Océan Naturel - 140g","p":2.05,"u":"14,64 €/KG","img":"https://fd9-photos.leclercdrive.fr/image.ashx?id=2941390&use=l&cat=p&typeid=i","cat":303867},{"id":4318,"n":"Collants Sublim Dim Voile brillant noir - Taille 1","p":5.4,"img":"https://fd9-photos.leclercdrive.fr/image.ashx?id=2176656&use=l&cat=p&typeid=i","cat":334130},{"id":4320,"n":"Collants Sublim Dim Voile brillant noir - Taille 3","p":5.4,"img":"https://fd9-photos.leclercdrive.fr/image.ashx?id=2176662&use=l&cat=p&typeid=i","cat":334130},{"id":4346,"n":"Crêpes Côté Table Fromage x6 - 300g","p":1.69,"u":"5,63 €/KG","img":"https://fd9-photos.leclercdrive.fr/image.ashx?id=2932399&use=l&cat=p&typeid=i","cat":319776},{"id":4357,"n":"Glace à l'eau Yéti 5 parfums x24 - 1.160kg","p":3.53,"u":"3,04 €/KG","img":"https://fd9-photos.leclercdrive.fr/image.ashx?id=2733796&use=l&cat=p&typeid=i","cat":285250},{"id":4367,"n":"Papier toilette Uni Vert Compact écologique - x4","p":3.29,"u":"0,82 €/P","img":"https://fd9-photos.leclercdrive.fr/image.ashx?id=1957072&use=l&cat=p&typeid=i","cat":284634},{"id":4369,"n":"Gel wc menthe pin Uni Vert 750ml","p":1.62,"u":"2,16 €/L","img":"https://fd9-photos.leclercdrive.fr/image.ashx?id=2965446&use=l&cat=p&typeid=i","cat":284662},{"id":4381,"n":"Safran poudre Rustica 3 doses de 0,1g","p":2.96,"img":"https://fd9-photos.leclercdrive.fr/image.ashx?id=2991422&use=l&cat=p&typeid=i","cat":298297},{"id":4407,"n":"Biscuits duo glacier P'tit Déli 100g","p":1.25,"u":"12,50 €/KG","img":"https://fd9-photos.leclercdrive.fr/image.ashx?id=2874687&use=l&cat=p&typeid=i","cat":284487},{"id":4412,"n":"Boisson énergisante Red Bull 250ml","p":1.09,"u":"4,36 €/L","img":"https://fd9-photos.leclercdrive.fr/image.ashx?id=2340300&use=l&cat=p&typeid=i","cat":284533},{"id":4425,"n":"Sauce aux 3 poivres Charal 2 personnes - 120g","p":1.98,"u":"16,50 €/KG","img":"https://fd9-photos.leclercdrive.fr/image.ashx?id=2105014&use=l&cat=p&typeid=i","cat":284382},{"id":4426,"n":"Sauce au Roquefort Charal 2 personnes - 120g","p":1.95,"u":"16,25 €/KG","img":"https://fd9-photos.leclercdrive.fr/image.ashx?id=2881329&use=l&cat=p&typeid=i","cat":284382},{"id":4431,"n":"Plumeaux Clair jetables Avec poignée x5","p":3.03,"img":"https://fd9-photos.leclercdrive.fr/image.ashx?id=2832924&use=l&cat=p&typeid=i","cat":325364},{"id":4458,"n":"Pâtes cheveux d'anges Panzani 500g","p":1.2,"u":"2,40 €/KG","img":"https://fd9-photos.leclercdrive.fr/image.ashx?id=2896069&use=l&cat=p&typeid=i","cat":284427},{"id":4497,"n":"Gomme Esquisse Caoutchouc","p":0.5,"img":"https://fd9-photos.leclercdrive.fr/image.ashx?id=2943211&use=l&cat=p&typeid=i","cat":334133},{"id":4499,"n":"Surligneur Esquisse 4 couleurs fluos - x4","p":1.99,"img":"https://fd9-photos.leclercdrive.fr/image.ashx?id=2943208&use=l&cat=p&typeid=i","cat":284696},{"id":4500,"n":"Effaceurs réécriveurs Esquisse x4","p":1.49,"u":"0,37 €/P","img":"https://fd9-photos.leclercdrive.fr/image.ashx?id=1678411&use=l&cat=p&typeid=i","cat":334133},{"id":4511,"n":"Pochettes perforées Eco+ 21x29.7cm - x100","p":1.14,"u":"0,01 €/P","img":"https://fd9-photos.leclercdrive.fr/image.ashx?id=2943124&use=l&cat=p&typeid=i","cat":284745},{"id":4515,"n":"Pansements Primoplast Pré-découpés x100","p":2.97,"img":"https://fd9-photos.leclercdrive.fr/image.ashx?id=2856459&use=l&cat=p&typeid=i","cat":284630},{"id":4518,"n":"Pomme de terre de consommation N.Jardin entières, épluch. 500g","p":1.35,"u":"2,70 €/KG","img":"https://fd9-photos.leclercdrive.fr/image.ashx?id=2694088&use=l&cat=p&typeid=i","cat":284352},{"id":4519,"n":"Bande à découper Primoplast Multi-usages - 10x6cm","p":0.79,"img":"https://fd9-photos.leclercdrive.fr/image.ashx?id=2856414&use=l&cat=p&typeid=i","cat":284630},{"id":4524,"n":"Filtre café Eco+ N°4 - x100","p":0.99,"u":"0,01 €/P","img":"https://fd9-photos.leclercdrive.fr/image.ashx?id=2593806&use=l&cat=p&typeid=i","cat":284751},{"id":4566,"n":"Nuggets de poulet Maître coq 1kg","p":6.36,"u":"6,36 €/KG","img":"https://fd9-photos.leclercdrive.fr/image.ashx?id=2877826&use=l&cat=p&typeid=i","cat":333684},{"id":4567,"n":"Panés de poulet Maître Coq 1kg","p":7.7,"u":"7,70 €/KG","img":"https://fd9-photos.leclercdrive.fr/image.ashx?id=2877823&use=l&cat=p&typeid=i","cat":333684},{"id":4569,"n":"Coq'ailes Maître Coq Mexicain - 250g","p":3.28,"u":"13,12 €/KG","img":"https://fd9-photos.leclercdrive.fr/image.ashx?id=2432034&use=l&cat=p&typeid=i","cat":333685},{"id":4570,"n":"Coq'ailes Maître coq Nature - 250g","p":3.17,"u":"12,68 €/KG","img":"https://fd9-photos.leclercdrive.fr/image.ashx?id=2412591&use=l&cat=p&typeid=i","cat":333685},{"id":4622,"n":"Betterave Notre Jardin En cubes - 500g","p":0.99,"u":"1,98 €/KG","img":"https://fd9-photos.leclercdrive.fr/image.ashx?id=2551621&use=l&cat=p&typeid=i","cat":284352},{"id":4624,"n":"Dattes Couleurs Vives 500g","p":2.75,"u":"5,50 €/KG","img":"https://fd9-photos.leclercdrive.fr/image.ashx?id=2542926&use=l&cat=p&typeid=i","cat":284357},{"id":4625,"n":"Arachides coques Couleurs Vives Grillées - 500g","p":2.45,"u":"4,90 €/KG","img":"https://fd9-photos.leclercdrive.fr/image.ashx?id=2886439&use=l&cat=p&typeid=i","cat":284448},{"id":4626,"n":"Vinaigrette Rustica Nature - 50cl","p":0.88,"u":"1,76 €/L","img":"https://fd9-photos.leclercdrive.fr/image.ashx?id=1972898&use=l&cat=p&typeid=i","cat":284456},{"id":4627,"n":"Vinaigre de Xérès Rustica 50cl","p":1.99,"u":"3,98 €/L","img":"https://fd9-photos.leclercdrive.fr/image.ashx?id=2603581&use=l&cat=p&typeid=i","cat":298543},{"id":4629,"n":"Moutarde à l'ancienne Rustica Vinaigre - 350g","p":1.12,"u":"3,20 €/KG","img":"https://fd9-photos.leclercdrive.fr/image.ashx?id=2954343&use=l&cat=p&typeid=i","cat":288850},{"id":4630,"n":"Pâté piment d'Espelette NRT Label Rouge - 180g","p":2.39,"u":"13,28 €/KG","img":"https://fd9-photos.leclercdrive.fr/image.ashx?id=2991485&use=l&cat=p&typeid=i","cat":305149},{"id":4641,"n":"Croquettes chaton Purina One Junior - Poulet/Céréales - 450g","p":2.63,"u":"5,84 €/KG","img":"https://fd9-photos.leclercdrive.fr/image.ashx?id=2499883&use=l&cat=p&typeid=i","cat":284680},{"id":4679,"n":"Gel WC nettoyant Syphon Javel eucalyptus - 750ml","p":0.87,"u":"1,16 €/L","img":"https://fd9-photos.leclercdrive.fr/image.ashx?id=2663359&use=l&cat=p&typeid=i","cat":284662},{"id":4727,"n":"Chocolat au lait Tablette d'Or Raisins secs & Noisettes - 200g","p":2.19,"u":"10,95 €/KG","img":"https://fd9-photos.leclercdrive.fr/image.ashx?id=2578629&use=l&cat=p&typeid=i","cat":284497},{"id":4729,"n":"Sel piscine Solea 25kg","p":13.09,"u":"0,52 €/KG","img":"https://fd9-photos.leclercdrive.fr/image.ashx?id=1552243&use=l&cat=p&typeid=i","cat":335918},{"id":4844,"n":"Pochettes perforées Esquisse x50","p":1.69,"img":"https://fd9-photos.leclercdrive.fr/image.ashx?id=2943157&use=l&cat=p&typeid=i","cat":284745},{"id":4850,"n":"Pomme de terre de consommation Frites et purée  2.5kg","p":4.99,"u":"2,00 €/KG","img":"https://fd9-photos.leclercdrive.fr/image.ashx?id=1633046&use=l&cat=p&typeid=i","cat":284352},{"id":4863,"n":"Tampons Doulys Digitaux Normal - x24","p":1.24,"u":"0,05 €/P","img":"https://fd9-photos.leclercdrive.fr/image.ashx?id=2965401&use=l&cat=p&typeid=i","cat":284626},{"id":4877,"n":"Petits pots bébé NATURNES Haricots Verts 4M+ - 2x130g","p":1.0,"u":"3,85 €/KG","img":"https://fd9-photos.leclercdrive.fr/image.ashx?id=2522401&use=l&cat=p&typeid=i","cat":312234},{"id":4879,"n":"Petits pots bébé NATURNES Courgettes 4M+ - 2x130g","p":1.01,"u":"3,88 €/KG","img":"https://fd9-photos.leclercdrive.fr/image.ashx?id=2532249&use=l&cat=p&typeid=i","cat":312234},{"id":4881,"n":"Petits pots bébé NATURNES Potiron 4M+ - 2x130g","p":1.02,"u":"3,92 €/KG","img":"https://fd9-photos.leclercdrive.fr/image.ashx?id=2532252&use=l&cat=p&typeid=i","cat":312234},{"id":4905,"n":"Purée de fruit NATURNES Pomme banane 4M+ - 4x130g","p":2.17,"u":"4,17 €/KG","img":"https://fd9-photos.leclercdrive.fr/image.ashx?id=2599937&use=l&cat=p&typeid=i","cat":312387},{"id":4906,"n":"Purée de fruit NATURNES Pommes Poires 4M+ - 4x130g","p":2.33,"u":"4,48 €/KG","img":"https://fd9-photos.leclercdrive.fr/image.ashx?id=2672551&use=l&cat=p&typeid=i","cat":312387},{"id":4909,"n":"Purée de fruit NATURNES Fruits du soleil 8M+ - 4x130g","p":2.18,"u":"4,19 €/KG","img":"https://fd9-photos.leclercdrive.fr/image.ashx?id=2629647&use=l&cat=p&typeid=i","cat":312388},{"id":4910,"n":"Purée de fruit NATURNES 6M+ Pomme Fraise Myrtilles - 4x130g","p":2.21,"u":"4,25 €/KG","img":"https://fd9-photos.leclercdrive.fr/image.ashx?id=2478399&use=l&cat=p&typeid=i","cat":312388},{"id":4916,"n":"Collants Sublim Dim Voile brillant noir - Taille 2","p":5.4,"img":"https://fd9-photos.leclercdrive.fr/image.ashx?id=2176659&use=l&cat=p&typeid=i","cat":334130},{"id":4949,"n":"Mouche bébé ergonomiqueTigex 0-24 mois embout en silicone x1","p":7.1,"img":"https://fd9-photos.leclercdrive.fr/image.ashx?id=2689838&use=l&cat=p&typeid=i","cat":289435},{"id":4971,"n":"Fromage Spécialité Port Salut - 320g","p":2.77,"u":"8,66 €/KG","img":"https://fd9-photos.leclercdrive.fr/image.ashx?id=2143762&use=l&cat=p&typeid=i","cat":329184},{"id":4996,"n":"Cordon bleu Le Gaulois Dinde - 200g","p":2.28,"u":"11,40 €/KG","img":"https://fd9-photos.leclercdrive.fr/image.ashx?id=2860220&use=l&cat=p&typeid=i","cat":333683},{"id":5000,"n":"Frites de poulet Le Gaulois Panées France - 200g","p":2.47,"u":"12,35 €/KG","img":"https://fd9-photos.leclercdrive.fr/image.ashx?id=2261657&use=l&cat=p&typeid=i","cat":333684},{"id":5015,"n":"Yaourts Les Zaros Délisse Fruits panachés - 16x125g","p":2.48,"u":"1,24 €/KG","img":"https://fd9-photos.leclercdrive.fr/image.ashx?id=2970444&use=l&cat=p&typeid=i","cat":284414},{"id":5016,"n":"Yaourts nature Déli'light 0% MG - 12x125g","p":1.91,"u":"1,27 €/KG","img":"https://fd9-photos.leclercdrive.fr/image.ashx?id=2922482&use=l&cat=p&typeid=i","cat":315000},{"id":5017,"n":"Betterave rouge Notre Jardin Entière cuite sous vide - 500g","p":0.72,"u":"1,44 €/KG","img":"https://fd9-photos.leclercdrive.fr/image.ashx?id=2885122&use=l&cat=p&typeid=i","cat":284352},{"id":5018,"n":"Yaourts Délisse Nature - 4x125g","p":0.65,"u":"1,30 €/KG","img":"https://fd9-photos.leclercdrive.fr/image.ashx?id=3003052&use=l&cat=p&typeid=i","cat":284409},{"id":5021,"n":"Crottin de chèvre Les Croisés 23%mg - 2x60g","p":1.78,"u":"14,83 €/KG","img":"https://fd9-photos.leclercdrive.fr/image.ashx?id=2891878&use=l&cat=p&typeid=i","cat":314031},{"id":5022,"n":"Graisse à frire Rustica végétale - 1kg","p":5.77,"u":"5,77 €/KG","img":"https://fd9-photos.leclercdrive.fr/image.ashx?id=2881226&use=l&cat=p&typeid=i","cat":315229},{"id":5024,"n":"Viande des grisons Saint Azay 10 tranches - 80g","p":4.09,"u":"51,13 €/KG","img":"https://fd9-photos.leclercdrive.fr/image.ashx?id=2848490&use=l&cat=p&typeid=i","cat":316007},{"id":5025,"n":"Salade Notre Jardin Jeunes pousses - 125g","p":1.49,"u":"11,92 €/KG","img":"https://fd9-photos.leclercdrive.fr/image.ashx?id=2720154&use=l&cat=p&typeid=i","cat":284353},{"id":5028,"n":"Piémontaise Menu Fraîcheur Au jambon - 500g","p":2.2,"u":"4,40 €/KG","img":"https://fd9-photos.leclercdrive.fr/image.ashx?id=2901428&use=l&cat=p&typeid=i","cat":333657},{"id":5029,"n":"Museau de porc Menu Fraîcheur A la lyonnaise - 300g","p":1.99,"u":"6,63 €/KG","img":"https://fd9-photos.leclercdrive.fr/image.ashx?id=2816558&use=l&cat=p&typeid=i","cat":333657},{"id":5031,"n":"Petits chèvres doux Les Croisés 200g","p":2.02,"u":"10,10 €/KG","img":"https://fd9-photos.leclercdrive.fr/image.ashx?id=2927179&use=l&cat=p&typeid=i","cat":314031},{"id":5032,"n":"Pizza Turini Chorizo - 450g","p":2.69,"u":"5,98 €/KG","img":"https://fd9-photos.leclercdrive.fr/image.ashx?id=2422168&use=l&cat=p&typeid=i","cat":333679},{"id":5033,"n":"Galette au blé noir Côté Table Jambon  emmental 195g","p":1.49,"u":"7,64 €/KG","img":"https://fd9-photos.leclercdrive.fr/image.ashx?id=2837729&use=l&cat=p&typeid=i","cat":333672},{"id":5037,"n":"Gésiers de volaille Volandrie 300g","p":2.49,"u":"8,30 €/KG","img":"https://fd9-photos.leclercdrive.fr/image.ashx?id=2814860&use=l&cat=p&typeid=i","cat":284715},{"id":5040,"n":"Yaourts aromatisés 0% Délisse 4 saveurs - 12x125g","p":2.64,"u":"1,76 €/KG","img":"https://fd9-photos.leclercdrive.fr/image.ashx?id=2898829&use=l&cat=p&typeid=i","cat":315000},{"id":5041,"n":"Fromage blanc Déli'light Nature 0% MG - 1kg","p":1.79,"u":"1,79 €/KG","img":"https://fd9-photos.leclercdrive.fr/image.ashx?id=2905213&use=l&cat=p&typeid=i","cat":315000},{"id":5044,"n":"Fromage à tartiner Les Croisés  Ail et fines herbes 25%mg 150g","p":1.29,"u":"8,60 €/KG","img":"https://fd9-photos.leclercdrive.fr/image.ashx?id=2476122&use=l&cat=p&typeid=i","cat":314029},{"id":5045,"n":"Riz au lait Délisse Vanille - 8x115g","p":2.08,"u":"2,26 €/KG","img":"https://fd9-photos.leclercdrive.fr/image.ashx?id=2489116&use=l&cat=p&typeid=i","cat":284418},{"id":5046,"n":"Roquefort NRT AOP  Fromage de brebis -150g","p":2.99,"u":"19,93 €/KG","img":"https://fd9-photos.leclercdrive.fr/image.ashx?id=3013651&use=l&cat=p&typeid=i","cat":314032},{"id":5050,"n":"Sucre de canne Canadou 70cl","p":2.57,"u":"3,67 €/L","img":"https://fd9-photos.leclercdrive.fr/image.ashx?id=2534587&use=l&cat=p&typeid=i","cat":284551},{"id":5070,"n":"Whisky Jack Daniel's Old N°7 70cL","p":20.65,"u":"29,50 €/L","img":"https://fd9-photos.leclercdrive.fr/image.ashx?id=2789763&use=l&cat=p&typeid=i","cat":284547},{"id":5073,"n":"Muscat Olympio Samos 75cl","p":4.4,"u":"5,87 €/L","img":"https://fd9-photos.leclercdrive.fr/image.ashx?id=2504077&use=l&cat=p&typeid=i","cat":284913},{"id":5078,"n":"Sucres morceaux Béghin Say n°4 1kg","p":1.87,"u":"1,87 €/KG","img":"https://fd9-photos.leclercdrive.fr/image.ashx?id=2860172&use=l&cat=p&typeid=i","cat":284502},{"id":5079,"n":"Sucre cristal Béghin Say 1kg","p":1.85,"u":"1,85 €/KG","img":"https://fd9-photos.leclercdrive.fr/image.ashx?id=2866343&use=l&cat=p&typeid=i","cat":284502},{"id":5080,"n":"Sucre poudre Béghin Say Etui 1kg","p":1.77,"u":"1,77 €/KG","img":"https://fd9-photos.leclercdrive.fr/image.ashx?id=2866346&use=l&cat=p&typeid=i","cat":284502},{"id":5081,"n":"Sucre poudre Béghin Say 1kg","p":1.43,"u":"1,43 €/KG","img":"https://fd9-photos.leclercdrive.fr/image.ashx?id=2866349&use=l&cat=p&typeid=i","cat":284502},{"id":5082,"n":"Sucre blanc Beghin Say Spécial confiture - 1kg","p":3.03,"u":"3,03 €/KG","img":"https://fd9-photos.leclercdrive.fr/image.ashx?id=2666761&use=l&cat=p&typeid=i","cat":284502},{"id":5083,"n":"Sucre canne Blonvilliers Béghin Say morceaux 1kg","p":2.55,"u":"2,55 €/KG","img":"https://fd9-photos.leclercdrive.fr/image.ashx?id=2962281&use=l&cat=p&typeid=i","cat":284502},{"id":5107,"n":"Huile d'arachide Rustica  1L","p":3.55,"u":"3,55 €/L","img":"https://fd9-photos.leclercdrive.fr/image.ashx?id=3002509&use=l&cat=p&typeid=i","cat":284453},{"id":5110,"n":"Pâtes Coquillettes Turini  1kg","p":1.35,"u":"1,35 €/KG","img":"https://fd9-photos.leclercdrive.fr/image.ashx?id=2980441&use=l&cat=p&typeid=i","cat":284427},{"id":5111,"n":"Couscous Comptoir du grain Grain fin - 500g","p":1.27,"u":"2,54 €/KG","img":"https://fd9-photos.leclercdrive.fr/image.ashx?id=3012806&use=l&cat=p&typeid=i","cat":284429},{"id":5112,"n":"Chocolat blanc Tablette d'Or Blanc - 2x100g","p":2.23,"u":"11,15 €/KG","img":"https://fd9-photos.leclercdrive.fr/image.ashx?id=2790880&use=l&cat=p&typeid=i","cat":284957},{"id":5114,"n":"Filet de harengs Pêche Océan MSC - Au naturel - 200g","p":1.75,"u":"8,75 €/KG","img":"https://fd9-photos.leclercdrive.fr/image.ashx?id=2694212&use=l&cat=p&typeid=i","cat":285190},{"id":5116,"n":"Crème de pêche Auguste Muniot 15%vol. - 50cl","p":4.99,"u":"9,98 €/L","img":"https://fd9-photos.leclercdrive.fr/image.ashx?id=2753360&use=l&cat=p&typeid=i","cat":286032},{"id":5117,"n":"Café soluble Plantation Qualité filtre - 200g","p":4.4,"u":"22,00 €/KG","img":"https://fd9-photos.leclercdrive.fr/image.ashx?id=2834269&use=l&cat=p&typeid=i","cat":284843},{"id":5121,"n":"Café moulu Plantation Ethiopie - 250g","p":3.89,"u":"15,56 €/KG","img":"https://fd9-photos.leclercdrive.fr/image.ashx?id=2607434&use=l&cat=p&typeid=i","cat":284750},{"id":5125,"n":"Farine de blé bio T65 Bio Village - 1kg","p":0.99,"u":"0,99 €/KG","img":"https://fd9-photos.leclercdrive.fr/image.ashx?id=2448418&use=l&cat=p&typeid=i","cat":284503},{"id":5126,"n":"Riz long Comptoir du Grain Cuisson rapide 10min - 1kg","p":1.69,"u":"1,69 €/KG","img":"https://fd9-photos.leclercdrive.fr/image.ashx?id=2764137&use=l&cat=p&typeid=i","cat":284428},{"id":5128,"n":"Chips Pom'lisse Bolognaise - 135g","p":1.29,"u":"9,56 €/KG","img":"https://fd9-photos.leclercdrive.fr/image.ashx?id=2919604&use=l&cat=p&typeid=i","cat":284447},{"id":5132,"n":"Croûtons Epi d'Or Nature - 2x90g","p":0.99,"u":"5,50 €/KG","img":"https://fd9-photos.leclercdrive.fr/image.ashx?id=2606037&use=l&cat=p&typeid=i","cat":284464},{"id":5142,"n":"Feutres de coloriage Esquisse Lavable Pointe moyenne x12","p":1.29,"img":"https://fd9-photos.leclercdrive.fr/image.ashx?id=2943151&use=l&cat=p&typeid=i","cat":284696},{"id":5155,"n":"Mini Gomme Esquisse Plastique x2","p":0.59,"u":"0,30 €/P","img":"https://fd9-photos.leclercdrive.fr/image.ashx?id=2943220&use=l&cat=p&typeid=i","cat":334133},{"id":5166,"n":"Sucettes Chupa Chups The Best x16 192g","p":1.78,"u":"9,27 €/KG","img":"https://fd9-photos.leclercdrive.fr/image.ashx?id=2647654&use=l&cat=p&typeid=i","cat":304250},{"id":5202,"n":"Pomme de terre de consommation Salade rissolées - 2.5kg","p":4.99,"u":"2,00 €/KG","img":"https://fd9-photos.leclercdrive.fr/image.ashx?id=1633052&use=l&cat=p&typeid=i","cat":284352},{"id":5211,"n":"Navet 500g","p":1.99,"u":"3,98 €/KG","img":"https://fd9-photos.leclercdrive.fr/image.ashx?id=1632545&use=l&cat=p&typeid=i","cat":284352},{"id":5248,"n":"Yaourts aux fruits Délisse Panaché de fruits - 12x125g","p":3.39,"u":"2,26 €/KG","img":"https://fd9-photos.leclercdrive.fr/image.ashx?id=2658575&use=l&cat=p&typeid=i","cat":284410},{"id":5249,"n":"Spécialité laitière Délisse 0% Morceaux - 6 saveurs - 8x125g","p":2.39,"u":"2,39 €/KG","img":"https://fd9-photos.leclercdrive.fr/image.ashx?id=2946448&use=l&cat=p&typeid=i","cat":315000},{"id":5250,"n":"Crème glacée Eskiss Pistache avec éclats - 494g","p":2.51,"u":"5,08 €/KG","img":"https://fd9-photos.leclercdrive.fr/image.ashx?id=2982586&use=l&cat=p&typeid=i","cat":284263},{"id":5252,"n":"Pansements Primoplast Spécial articulations 10 bandes","p":1.99,"img":"https://fd9-photos.leclercdrive.fr/image.ashx?id=2897766&use=l&cat=p&typeid=i","cat":284630},{"id":5253,"n":"Pansements Primoplast Spécial Articulations x30","p":1.59,"img":"https://fd9-photos.leclercdrive.fr/image.ashx?id=2832912&use=l&cat=p&typeid=i","cat":284630},{"id":5254,"n":"Croc's jambon Côté Croc Dinde x2 - 100g","p":1.72,"u":"8,60 €/KG","img":"https://fd9-photos.leclercdrive.fr/image.ashx?id=2449760&use=l&cat=p&typeid=i","cat":333683},{"id":5255,"n":"Croc Côté Croc Poulet Fromage x2 - 200g","p":1.54,"u":"7,70 €/KG","img":"https://fd9-photos.leclercdrive.fr/image.ashx?id=2967549&use=l&cat=p&typeid=i","cat":333683},{"id":5256,"n":"Bonbons Copains Copines Assortiment - 750g","p":3.85,"u":"5,13 €/KG","img":"https://fd9-photos.leclercdrive.fr/image.ashx?id=2934652&use=l&cat=p&typeid=i","cat":304250},{"id":5261,"n":"Fromage blanc Délisse Nature 7.8% MG - 8x100g","p":2.89,"u":"3,61 €/KG","img":"https://fd9-photos.leclercdrive.fr/image.ashx?id=3012812&use=l&cat=p&typeid=i","cat":284409},{"id":5263,"n":"Yaourts Pulpe de fruits Délisse Panaché de fruits - 16x100g","p":3.54,"u":"2,21 €/KG","img":"https://fd9-photos.leclercdrive.fr/image.ashx?id=2967555&use=l&cat=p&typeid=i","cat":284414},{"id":5264,"n":"Crème glacée Eskiss Fraise avec morceaux - 494g","p":2.84,"u":"5,75 €/KG","img":"https://fd9-photos.leclercdrive.fr/image.ashx?id=2982598&use=l&cat=p&typeid=i","cat":284263},{"id":5265,"n":"Piémontaise Menu Fraîcheur  Au jambon - 300g","p":1.59,"u":"5,30 €/KG","img":"https://fd9-photos.leclercdrive.fr/image.ashx?id=2901425&use=l&cat=p&typeid=i","cat":333657},{"id":5271,"n":"Betteraves Menu Fraîcheur  Rouge en dés - 300g","p":1.19,"u":"3,97 €/KG","img":"https://fd9-photos.leclercdrive.fr/image.ashx?id=2552418&use=l&cat=p&typeid=i","cat":333657},{"id":5273,"n":"Pilons de poulet Côté Croc à l'Indienne - 250g","p":2.49,"u":"9,96 €/KG","img":"https://fd9-photos.leclercdrive.fr/image.ashx?id=2560473&use=l&cat=p&typeid=i","cat":333685},{"id":5274,"n":"Quiche lorraine Coté Table 2x130g","p":2.69,"u":"10,35 €/KG","img":"https://fd9-photos.leclercdrive.fr/image.ashx?id=2869790&use=l&cat=p&typeid=i","cat":333680},{"id":5275,"n":"Taboulé Menu Fraîcheur Aux crevettes - 300g","p":1.95,"u":"6,50 €/KG","img":"https://fd9-photos.leclercdrive.fr/image.ashx?id=2645888&use=l&cat=p&typeid=i","cat":333657},{"id":5277,"n":"Yaourts Pâtissiers Délisse Spécialités gourmandes-12x125g","p":3.17,"u":"2,11 €/KG","img":"https://fd9-photos.leclercdrive.fr/image.ashx?id=2501667&use=l&cat=p&typeid=i","cat":314999},{"id":5279,"n":"Actifidus Delisse Nature - 4x125g","p":0.85,"u":"1,70 €/KG","img":"https://fd9-photos.leclercdrive.fr/image.ashx?id=2431107&use=l&cat=p&typeid=i","cat":315000},{"id":5281,"n":"Yaourts Petits Délis Chocolat - 6x100g","p":1.91,"u":"3,18 €/KG","img":"https://fd9-photos.leclercdrive.fr/image.ashx?id=2865188&use=l&cat=p&typeid=i","cat":284414},{"id":5284,"n":"Foies de volaille Volandrie confits - 300g","p":2.7,"u":"9,00 €/KG","img":"https://fd9-photos.leclercdrive.fr/image.ashx?id=2814857&use=l&cat=p&typeid=i","cat":284715},{"id":5285,"n":"Escalope Normande Côté Croc x2 - 200g","p":1.78,"u":"8,90 €/KG","img":"https://fd9-photos.leclercdrive.fr/image.ashx?id=2488353&use=l&cat=p&typeid=i","cat":333683},{"id":5288,"n":"Crème dessert Petits Délis Chocolat et lait - 6x70g","p":1.3,"u":"3,10 €/KG","img":"https://fd9-photos.leclercdrive.fr/image.ashx?id=2572061&use=l&cat=p&typeid=i","cat":285041},{"id":5289,"n":"Torti au surimi Menu Fraîcheur 300g","p":1.7,"u":"5,67 €/KG","img":"https://fd9-photos.leclercdrive.fr/image.ashx?id=2965443&use=l&cat=p&typeid=i","cat":333657},{"id":5290,"n":"Salade Menu Fraîcheur Strasbourgeoise - 300g","p":2.29,"u":"7,63 €/KG","img":"https://fd9-photos.leclercdrive.fr/image.ashx?id=2727626&use=l&cat=p&typeid=i","cat":333657},{"id":5291,"n":"Cordon bleu Côté Croc Dinde - 400g","p":3.67,"u":"9,18 €/KG","img":"https://fd9-photos.leclercdrive.fr/image.ashx?id=2915116&use=l&cat=p&typeid=i","cat":333683},{"id":5293,"n":"Biscuits apéritifs Tokapi 3 saveurs - 100g","p":0.79,"u":"7,90 €/KG","img":"https://fd9-photos.leclercdrive.fr/image.ashx?id=2885768&use=l&cat=p&typeid=i","cat":284449},{"id":5294,"n":"Yaourts brassés Délisse Nature - 4x125g","p":1.05,"u":"2,10 €/KG","img":"https://fd9-photos.leclercdrive.fr/image.ashx?id=2282162&use=l&cat=p&typeid=i","cat":284409},{"id":5296,"n":"Crème dessert Délisse Chocolat blanc - 4x125g","p":1.36,"u":"2,72 €/KG","img":"https://fd9-photos.leclercdrive.fr/image.ashx?id=2753475&use=l&cat=p&typeid=i","cat":285041},{"id":5308,"n":"Biscuits Mini Rollos Pépito Chocolat au lait - 225g","p":1.83,"u":"8,13 €/KG","img":"https://fd9-photos.leclercdrive.fr/image.ashx?id=3014407&use=l&cat=p&typeid=i","cat":284488},{"id":5310,"n":"Petits pois d'aucy  Extra-fins - 560g","p":1.57,"u":"2,80 €/KG","img":"https://fd9-photos.leclercdrive.fr/image.ashx?id=2426361&use=l&cat=p&typeid=i","cat":312607},{"id":5311,"n":"Petits pois carottes d'Aucy A l'étuvée - Extra fins - 530g","p":1.6,"u":"3,02 €/KG","img":"https://fd9-photos.leclercdrive.fr/image.ashx?id=2426364&use=l&cat=p&typeid=i","cat":312607},{"id":5317,"n":"Lentilles cuisinées Raynal Et Roquelaure - 410g","p":1.26,"u":"3,07 €/KG","img":"https://fd9-photos.leclercdrive.fr/image.ashx?id=2928396&use=l&cat=p&typeid=i","cat":312609},{"id":5318,"n":"Biscuits galettes St Michel 130g","p":0.9,"u":"6,92 €/KG","img":"https://fd9-photos.leclercdrive.fr/image.ashx?id=2986149&use=l&cat=p&typeid=i","cat":284487},{"id":5321,"n":"Chocolat poudre Benco 400g","p":2.23,"u":"5,58 €/KG","img":"https://fd9-photos.leclercdrive.fr/image.ashx?id=2871805&use=l&cat=p&typeid=i","cat":293235},{"id":5325,"n":"Confiture Bonne Maman Fraise - 370g","p":1.7,"u":"4,59 €/KG","img":"https://fd9-photos.leclercdrive.fr/image.ashx?id=2474984&use=l&cat=p&typeid=i","cat":284480},{"id":5342,"n":"Soda Canada Dry Ginger Ale 1,5L","p":1.81,"u":"1,21 €/L","img":"https://fd9-photos.leclercdrive.fr/image.ashx?id=2654674&use=l&cat=p&typeid=i","cat":284531},{"id":5362,"n":"Vin mousseux Charles Volner Brut - 12%vol. - 75cl","p":4.3,"u":"5,73 €/L","img":"https://fd9-photos.leclercdrive.fr/image.ashx?id=1592052&use=l&cat=p&typeid=i","cat":284544},{"id":5364,"n":"Fromage blanc Délisse Nature 7% MG - 1kg","p":2.39,"u":"2,39 €/KG","img":"https://fd9-photos.leclercdrive.fr/image.ashx?id=2834999&use=l&cat=p&typeid=i","cat":284409},{"id":5366,"n":"Cire Dépilatoire Siliss Méthode orientale - 250ml","p":3.89,"u":"15,56 €/L","img":"https://fd9-photos.leclercdrive.fr/image.ashx?id=2699396&use=l&cat=p&typeid=i","cat":325351},{"id":5367,"n":"Biscuits tuiles P'tit Déli 100g","p":1.17,"u":"11,70 €/KG","img":"https://fd9-photos.leclercdrive.fr/image.ashx?id=1898889&use=l&cat=p&typeid=i","cat":284487},{"id":5368,"n":"Biscuits Croustillants Tokapi Gouda - 85g","p":0.99,"u":"11,65 €/KG","img":"https://fd9-photos.leclercdrive.fr/image.ashx?id=2507685&use=l&cat=p&typeid=i","cat":297000},{"id":5369,"n":"Légumes couscous Notre Jardin 800g","p":1.49,"u":"1,86 €/KG","img":"https://fd9-photos.leclercdrive.fr/image.ashx?id=2854213&use=l&cat=p&typeid=i","cat":312612},{"id":5381,"n":"Dentifrice Dentamyl Haleine fraîche 75ml","p":1.39,"u":"18,53 €/L","img":"https://fd9-photos.leclercdrive.fr/image.ashx?id=2613828&use=l&cat=p&typeid=i","cat":284612},{"id":5385,"n":"Lait coco Tables du Monde 200ml","p":0.86,"u":"4,30 €/L","img":"https://fd9-photos.leclercdrive.fr/image.ashx?id=2920172&use=l&cat=p&typeid=i","cat":288992},{"id":5386,"n":"Biscuit Petit beurre P'tit Déli Tablette chocolat lait - 150g","p":1.29,"u":"8,60 €/KG","img":"https://fd9-photos.leclercdrive.fr/image.ashx?id=2949176&use=l&cat=p&typeid=i","cat":284488},{"id":5387,"n":"Boisson soja Calcium Végé 1L Végé - 200g","p":0.93,"u":"0,93 €/L","img":"https://fd9-photos.leclercdrive.fr/image.ashx?id=2859155&use=l&cat=p&typeid=i","cat":316067},{"id":5390,"n":"Crème anglaise Délisse 50cl","p":1.28,"u":"2,56 €/L","img":"https://fd9-photos.leclercdrive.fr/image.ashx?id=3002569&use=l&cat=p&typeid=i","cat":284382},{"id":5391,"n":"Yaourts à boire Délisse 3 parfums - 6x180g","p":2.39,"u":"2,21 €/KG","img":"https://fd9-photos.leclercdrive.fr/image.ashx?id=2757924&use=l&cat=p&typeid=i","cat":284415},{"id":5393,"n":"Fromage blanc Délisse Framboise 5.5% MG - 500g","p":2.39,"u":"4,78 €/KG","img":"https://fd9-photos.leclercdrive.fr/image.ashx?id=3012821&use=l&cat=p&typeid=i","cat":284409},{"id":5396,"n":"Bain de bouche Dentamyl Multi Protection - 500ml","p":1.89,"u":"3,78 €/L","img":"https://fd9-photos.leclercdrive.fr/image.ashx?id=2500806&use=l&cat=p&typeid=i","cat":284613},{"id":5399,"n":"Pur jus d'orange Bio Village Bio sans pulpe - 1L","p":2.45,"u":"2,45 €/L","img":"https://fd9-photos.leclercdrive.fr/image.ashx?id=2901521&use=l&cat=p&typeid=i","cat":284521},{"id":5400,"n":"Nouilles bouclées d'Alsace NRT 250g","p":1.39,"u":"5,56 €/KG","img":"https://fd9-photos.leclercdrive.fr/image.ashx?id=2839965&use=l&cat=p&typeid=i","cat":284427},{"id":5403,"n":"Plumes d'Alsace NRT 250g","p":1.39,"u":"5,56 €/KG","img":"https://fd9-photos.leclercdrive.fr/image.ashx?id=2839971&use=l&cat=p&typeid=i","cat":284427},{"id":5404,"n":"IGP Coquilles d'Alsace NRT 250g","p":1.39,"u":"5,56 €/KG","img":"https://fd9-photos.leclercdrive.fr/image.ashx?id=2839974&use=l&cat=p&typeid=i","cat":284427},{"id":5406,"n":"Saucisson sec d'Auvergne IGP Nos Régions ont du Talent 300g","p":5.54,"u":"18,47 €/KG","img":"https://fd9-photos.leclercdrive.fr/image.ashx?id=2991476&use=l&cat=p&typeid=i","cat":316006},{"id":5407,"n":"Coquillettes d'Alsace NRT 250g","p":1.39,"u":"5,56 €/KG","img":"https://fd9-photos.leclercdrive.fr/image.ashx?id=2839977&use=l&cat=p&typeid=i","cat":284427},{"id":5449,"n":"Boîte chat Whiskas Terrine du marché - 4x400g","p":4.63,"u":"2,89 €/KG","img":"https://fd9-photos.leclercdrive.fr/image.ashx?id=2759619&use=l&cat=p&typeid=i","cat":285601},{"id":5472,"n":"Biscuits barquettes P'tit Déli Fraise - 2x120g","p":1.66,"u":"6,92 €/KG","img":"https://fd9-photos.leclercdrive.fr/image.ashx?id=2691168&use=l&cat=p&typeid=i","cat":284489},{"id":5498,"n":"Comté des terroirs Entremont 200g","p":3.62,"u":"18,10 €/KG","img":"https://fd9-photos.leclercdrive.fr/image.ashx?id=2474245&use=l&cat=p&typeid=i","cat":314034},{"id":5509,"n":"Pâtes Torsades Turini 1kg","p":1.29,"u":"1,29 €/KG","img":"https://fd9-photos.leclercdrive.fr/image.ashx?id=2980767&use=l&cat=p&typeid=i","cat":284427},{"id":5511,"n":"Sparadrap Primoplast Peaux délicates 5mx2.5cm","p":1.48,"img":"https://fd9-photos.leclercdrive.fr/image.ashx?id=2856426&use=l&cat=p&typeid=i","cat":284630},{"id":5512,"n":"Sparadrap Primoplast résistant 5mx2.5cm","p":1.49,"img":"https://fd9-photos.leclercdrive.fr/image.ashx?id=2856435&use=l&cat=p&typeid=i","cat":284630},{"id":5513,"n":"Miel Nid d'Abeille Crémeux - 1 kg","p":6.39,"u":"6,39 €/KG","img":"https://fd9-photos.leclercdrive.fr/image.ashx?id=2550369&use=l&cat=p&typeid=i","cat":287643},{"id":5514,"n":"Bande strapping Primoplast Adhésive 2.5mx6cm","p":3.39,"img":"https://fd9-photos.leclercdrive.fr/image.ashx?id=2856441&use=l&cat=p&typeid=i","cat":284630},{"id":5515,"n":"Vin mousseux d'Union Européenne  brut  -75cl","p":2.99,"u":"3,99 €/L","img":"https://fd9-photos.leclercdrive.fr/image.ashx?id=1951016&use=l&cat=p&typeid=i","cat":284544},{"id":5517,"n":"Canapés toasts Epi d'Or Nature - 280g","p":1.12,"u":"4,00 €/KG","img":"https://fd9-photos.leclercdrive.fr/image.ashx?id=1859140&use=l&cat=p&typeid=i","cat":285454},{"id":5526,"n":"Fromage Bleu d'Auvergne NRT  AOP - 125g","p":1.39,"u":"11,12 €/KG","img":"https://fd9-photos.leclercdrive.fr/image.ashx?id=2771040&use=l&cat=p&typeid=i","cat":314032},{"id":5529,"n":"Croquettes petits chiens Ultima  Poulet - Yorkshire - 800g","p":3.12,"u":"3,90 €/KG","img":"https://fd9-photos.leclercdrive.fr/image.ashx?id=2922224&use=l&cat=p&typeid=i","cat":294526},{"id":5536,"n":"Biscuits Pockitos Pépito Chocolat au lait - 295g","p":3.34,"u":"11,32 €/KG","img":"https://fd9-photos.leclercdrive.fr/image.ashx?id=3001955&use=l&cat=p&typeid=i","cat":284488},{"id":5545,"n":"Garniture Bouchées à la reine Petit Jean - 400g","p":2.18,"u":"5,45 €/KG","img":"https://fd9-photos.leclercdrive.fr/image.ashx?id=2677240&use=l&cat=p&typeid=i","cat":284441},{"id":5560,"n":"Tampons Doulys Digitaux Mini - x24","p":1.62,"u":"0,07 €/P","img":"https://fd9-photos.leclercdrive.fr/image.ashx?id=2965404&use=l&cat=p&typeid=i","cat":284626},{"id":5561,"n":"Tampons Doulys Digitaux Super - x24","p":1.26,"u":"0,05 €/P","img":"https://fd9-photos.leclercdrive.fr/image.ashx?id=2965413&use=l&cat=p&typeid=i","cat":284626},{"id":5563,"n":"Biscuits P'tit Déli Délimousse 175g","p":1.51,"u":"8,63 €/KG","img":"https://fd9-photos.leclercdrive.fr/image.ashx?id=2540936&use=l&cat=p&typeid=i","cat":284495},{"id":5564,"n":"Lingettes nettoyantes Clair Vitres 3en1 x20","p":0.87,"u":"0,04 €/P","img":"https://fd9-photos.leclercdrive.fr/image.ashx?id=2968619&use=l&cat=p&typeid=i","cat":325363},{"id":5573,"n":"Quenelles Côté Table volaille Sauce champignons 400g","p":1.75,"u":"4,38 €/KG","img":"https://fd9-photos.leclercdrive.fr/image.ashx?id=2977135&use=l&cat=p&typeid=i","cat":284441},{"id":5576,"n":"Biscuits choco barre P'tit Déli Chocolat lait 295g","p":2.64,"u":"8,95 €/KG","img":"https://fd9-photos.leclercdrive.fr/image.ashx?id=2618229&use=l&cat=p&typeid=i","cat":284488},{"id":5578,"n":"Cuillers à pâtisserie  P'tit Déli 300g","p":2.49,"u":"8,30 €/KG","img":"https://fd9-photos.leclercdrive.fr/image.ashx?id=2046352&use=l&cat=p&typeid=i","cat":284487},{"id":5581,"n":"Chewing-gum sans sucre Freedent Menthe verte 5x10 dragées 70g","p":2.11,"img":"https://fd9-photos.leclercdrive.fr/image.ashx?id=2325482&use=l&cat=p&typeid=i","cat":304251},{"id":5582,"n":"Chewing-gum Freedent white Fruits sans sucre x50 - 70g","p":2.06,"u":"29,43 €/KG","img":"https://fd9-photos.leclercdrive.fr/image.ashx?id=2237283&use=l&cat=p&typeid=i","cat":304251},{"id":5600,"n":"Pâté Hénaff 78g","p":1.24,"u":"15,90 €/KG","img":"https://fd9-photos.leclercdrive.fr/image.ashx?id=2280516&use=l&cat=p&typeid=i","cat":305149},{"id":5612,"n":"Eau de source Cristaline 6x1,5L","p":1.08,"u":"0,12 €/L","img":"https://fd9-photos.leclercdrive.fr/image.ashx?id=2389449&use=l&cat=p&typeid=i","cat":284535},{"id":5619,"n":"Oeufs de lompe Ronde des Mers Rouge - MSC - 100g","p":2.6,"u":"26,00 €/KG","img":"https://fd9-photos.leclercdrive.fr/image.ashx?id=2822720&use=l&cat=p&typeid=i","cat":285191},{"id":5621,"n":"Chips crevette Tokapi 50g","p":0.65,"u":"13,00 €/KG","img":"https://fd9-photos.leclercdrive.fr/image.ashx?id=2951332&use=l&cat=p&typeid=i","cat":288992},{"id":5622,"n":"Croquettes chiens Lydog Spécial Forme - Volaille - 4kg","p":4.99,"u":"1,25 €/KG","img":"https://fd9-photos.leclercdrive.fr/image.ashx?id=2191117&use=l&cat=p&typeid=i","cat":284672},{"id":5624,"n":"Croquettes chiens Lydog Junior - Volaille - 4kg","p":7.98,"u":"2,00 €/KG","img":"https://fd9-photos.leclercdrive.fr/image.ashx?id=1937477&use=l&cat=p&typeid=i","cat":284672},{"id":5626,"n":"Bonbons Copains Copines Frites acides - 275 g","p":1.71,"u":"6,22 €/KG","img":"https://fd9-photos.leclercdrive.fr/image.ashx?id=2934655&use=l&cat=p&typeid=i","cat":304250},{"id":5627,"n":"Lasagnes bolognaise Côté Table 1kg","p":4.14,"u":"4,14 €/KG","img":"https://fd9-photos.leclercdrive.fr/image.ashx?id=2570915&use=l&cat=p&typeid=i","cat":333666},{"id":5633,"n":"Soufflés Grignot' Tokapi Cacahuète - 90g","p":0.7,"u":"7,78 €/KG","img":"https://fd9-photos.leclercdrive.fr/image.ashx?id=2049223&use=l&cat=p&typeid=i","cat":284449},{"id":5671,"n":"Acide chlorhydrique Phébus Détartrant puissant 1L","p":2.45,"u":"2,45 €/L","img":"https://fd9-photos.leclercdrive.fr/image.ashx?id=2962065&use=l&cat=p&typeid=i","cat":300576},{"id":5681,"n":"Baguette Tradition           250g","p":1.0,"u":"4,00 €/KG","img":"https://fd9-photos.leclercdrive.fr/image.ashx?id=2442057&use=l&cat=p&typeid=i","cat":284359},{"id":5718,"n":"Tampons Doulys avec applicateur Super - x24","p":2.47,"u":"0,10 €/P","img":"https://fd9-photos.leclercdrive.fr/image.ashx?id=2965455&use=l&cat=p&typeid=i","cat":284626},{"id":5736,"n":"Sel adoucisseur Axal Pastilles - 10kg","p":4.9,"u":"0,49 €/KG","img":"https://fd9-photos.leclercdrive.fr/image.ashx?id=2504482&use=l&cat=p&typeid=i","cat":335918},{"id":5802,"n":"Lait entier Vitamine D Lactel UHT Bouteille - 6x1l","p":8.99,"u":"1,50 €/L","img":"https://fd9-photos.leclercdrive.fr/image.ashx?id=2889427&use=l&cat=p&typeid=i","cat":285610},{"id":5816,"n":"Rillettes de thon Cap Océan MSC 150g","p":1.88,"u":"12,53 €/KG","img":"https://fd9-photos.leclercdrive.fr/image.ashx?id=2668440&use=l&cat=p&typeid=i","cat":285191},{"id":5817,"n":"Rillettes de saumon Cap ocean 150g","p":1.88,"u":"12,53 €/KG","img":"https://fd9-photos.leclercdrive.fr/image.ashx?id=2985147&use=l&cat=p&typeid=i","cat":285191},{"id":5833,"n":"Biscuits Cuillers P'tit Déli Dégustation x20 - 200g","p":2.49,"u":"12,45 €/KG","img":"https://fd9-photos.leclercdrive.fr/image.ashx?id=1856164&use=l&cat=p&typeid=i","cat":284487},{"id":5834,"n":"Saumon fumé Rondes des Mers ASC Norvège x8T - 300g","p":10.69,"u":"35,63 €/KG","img":"https://fd9-photos.leclercdrive.fr/image.ashx?id=2833093&use=l&cat=p&typeid=i","cat":285188},{"id":5838,"n":"Petit salé Côté Table lentilles A l'auvergnate 420g","p":2.27,"u":"5,40 €/KG","img":"https://fd9-photos.leclercdrive.fr/image.ashx?id=2977123&use=l&cat=p&typeid=i","cat":284441},{"id":5839,"n":"Tarama Rondes des mers Au saumon fumé - 100g","p":1.33,"u":"13,30 €/P","img":"https://fd9-photos.leclercdrive.fr/image.ashx?id=2824609&use=l&cat=p&typeid=i","cat":315999},{"id":5840,"n":"Filets anchois Rondes des mers 105g","p":2.73,"u":"26,00 €/KG","img":"https://fd9-photos.leclercdrive.fr/image.ashx?id=1671616&use=l&cat=p&typeid=i","cat":285190},{"id":5841,"n":"Allume-feu Silex gel 1L","p":4.52,"u":"4,52 €/L","img":"https://fd9-photos.leclercdrive.fr/image.ashx?id=2753363&use=l&cat=p&typeid=i","cat":300578},{"id":5842,"n":"Mélange exotique Couleurs Vives 250g","p":2.23,"u":"8,92 €/KG","img":"https://fd9-photos.leclercdrive.fr/image.ashx?id=2691102&use=l&cat=p&typeid=i","cat":284448},{"id":5844,"n":"Saumon Ronde des Mers Tranches pour toasts - 80g","p":4.59,"u":"57,38 €/KG","img":"https://fd9-photos.leclercdrive.fr/image.ashx?id=2449972&use=l&cat=p&typeid=i","cat":285188},{"id":5850,"n":"Couscous Côté Table Poulet merguez 450g","p":2.7,"u":"6,00 €/KG","img":"https://fd9-photos.leclercdrive.fr/image.ashx?id=1936608&use=l&cat=p&typeid=i","cat":333665},{"id":5855,"n":"Lasagnes bolognaise Côté Table 350g","p":2.85,"u":"8,14 €/KG","img":"https://fd9-photos.leclercdrive.fr/image.ashx?id=1701331&use=l&cat=p&typeid=i","cat":333665},{"id":5856,"n":"Préparation pour crème brûlée Délisse 4x100g","p":2.59,"u":"6,48 €/KG","img":"https://fd9-photos.leclercdrive.fr/image.ashx?id=2842465&use=l&cat=p&typeid=i","cat":284419},{"id":5859,"n":"Guacamole Tables du Monde 200g","p":2.29,"u":"13,09 €/KG","img":"https://fd9-photos.leclercdrive.fr/image.ashx?id=2872252&use=l&cat=p&typeid=i","cat":315999},{"id":5860,"n":"Petit pot de crème Délisse Pistache - 4x100g","p":1.85,"u":"4,63 €/KG","img":"https://fd9-photos.leclercdrive.fr/image.ashx?id=2550378&use=l&cat=p&typeid=i","cat":285041},{"id":5861,"n":"Tagliatelle Côté Table Carbonara 330g","p":2.35,"u":"7,12 €/KG","img":"https://fd9-photos.leclercdrive.fr/image.ashx?id=2797775&use=l&cat=p&typeid=i","cat":333665},{"id":5865,"n":"Actifidus Délisse Noix de coco - 4x125g","p":1.38,"u":"2,76 €/KG","img":"https://fd9-photos.leclercdrive.fr/image.ashx?id=2421039&use=l&cat=p&typeid=i","cat":315000},{"id":5866,"n":"Actifidus Délisse Vanille - 12x125g","p":2.58,"u":"1,72 €/KG","img":"https://fd9-photos.leclercdrive.fr/image.ashx?id=2751877&use=l&cat=p&typeid=i","cat":315000},{"id":5868,"n":"Spécialité au soja Nat & Vie Vanille - 4x100g","p":1.37,"u":"3,43 €/KG","img":"https://fd9-photos.leclercdrive.fr/image.ashx?id=2901434&use=l&cat=p&typeid=i","cat":316071},{"id":5869,"n":"Spécialité au soja Nat & Vie Chocolat - 4x100g","p":1.34,"u":"3,35 €/KG","img":"https://fd9-photos.leclercdrive.fr/image.ashx?id=2901437&use=l&cat=p&typeid=i","cat":316071},{"id":5870,"n":"Boisson soja nature Végé 1L Végé - 200g","p":0.85,"u":"0,85 €/L","img":"https://fd9-photos.leclercdrive.fr/image.ashx?id=2861413&use=l&cat=p&typeid=i","cat":316067},{"id":5871,"n":"Yaourts à boire DéliUp' Délisse Fraise - 10x100g","p":2.87,"u":"2,87 €/KG","img":"https://fd9-photos.leclercdrive.fr/image.ashx?id=1871092&use=l&cat=p&typeid=i","cat":284415},{"id":5873,"n":"Beignets crevettes Tables du Monde x6 140g","p":2.06,"u":"14,71 €/KG","img":"https://fd9-photos.leclercdrive.fr/image.ashx?id=2865053&use=l&cat=p&typeid=i","cat":333673},{"id":5877,"n":"Petit pot de crème Délisse Chocolat - 8x100g","p":3.45,"u":"4,31 €/KG","img":"https://fd9-photos.leclercdrive.fr/image.ashx?id=2544970&use=l&cat=p&typeid=i","cat":285041},{"id":5878,"n":"Jus 3 agrumes Jafaden 1L","p":2.75,"u":"2,75 €/L","img":"https://fd9-photos.leclercdrive.fr/image.ashx?id=2916665&use=l&cat=p&typeid=i","cat":285435},{"id":5880,"n":"Yaourts mousse Petits Délis Fruits - 6x74g","p":1.77,"u":"3,99 €/KG","img":"https://fd9-photos.leclercdrive.fr/image.ashx?id=2907057&use=l&cat=p&typeid=i","cat":284414},{"id":5884,"n":"Gratin dauphinois Côté Table 280g","p":2.89,"u":"10,32 €/KG","img":"https://fd9-photos.leclercdrive.fr/image.ashx?id=2807285&use=l&cat=p&typeid=i","cat":333665},{"id":5891,"n":"Tzatziki Tables du Monde 200g","p":1.59,"u":"7,95 €/KG","img":"https://fd9-photos.leclercdrive.fr/image.ashx?id=2872255&use=l&cat=p&typeid=i","cat":315999},{"id":5895,"n":"Tripes mode de caen NRT 600g","p":3.99,"u":"6,65 €/KG","img":"https://fd9-photos.leclercdrive.fr/image.ashx?id=2723198&use=l&cat=p&typeid=i","cat":284441},{"id":5898,"n":"Litière rongeurs P'tit Ami 60L","p":4.2,"u":"0,07 €/L","img":"https://fd9-photos.leclercdrive.fr/image.ashx?id=2162204&use=l&cat=p&typeid=i","cat":284677},{"id":5901,"n":"Filtre à café Melitta 1x4 Original - x40","p":0.99,"u":"0,02 €/P","img":"https://fd9-photos.leclercdrive.fr/image.ashx?id=2882053&use=l&cat=p&typeid=i","cat":284751},{"id":5909,"n":"Mini gâches briochettes NRT Pur beurre x8 - 360g","p":2.07,"u":"5,75 €/KG","img":"https://fd9-photos.leclercdrive.fr/image.ashx?id=2670416&use=l&cat=p&typeid=i","cat":284478},{"id":5951,"n":"Ravioli bolognaise   Panzani - 800g","p":3.69,"u":"4,61 €/KG","img":"https://fd9-photos.leclercdrive.fr/image.ashx?id=2876062&use=l&cat=p&typeid=i","cat":284442},{"id":5952,"n":"Couscous Grain Moyen Ferrero - 1kg","p":2.32,"u":"2,32 €/KG","img":"https://fd9-photos.leclercdrive.fr/image.ashx?id=2744740&use=l&cat=p&typeid=i","cat":284429},{"id":5954,"n":"Café moulu San Marco Arabica - 2x250g","p":10.49,"u":"20,98 €/KG","img":"https://fd9-photos.leclercdrive.fr/image.ashx?id=2645510&use=l&cat=p&typeid=i","cat":284750},{"id":6035,"n":"Sauce tomate bio Jardin Bio' Provençale - 200g","p":1.45,"u":"7,25 €/KG","img":"https://fd9-photos.leclercdrive.fr/image.ashx?id=3014494&use=l&cat=p&typeid=i","cat":287599},{"id":6037,"n":"Ratatouille Jardin Bio' A la provençale bio - 650g","p":2.9,"u":"4,46 €/KG","img":"https://fd9-photos.leclercdrive.fr/image.ashx?id=2903230&use=l&cat=p&typeid=i","cat":312612},{"id":6038,"n":"Lentilles corail bio Jardin Bio 500g","p":2.64,"u":"5,28 €/KG","img":"https://fd9-photos.leclercdrive.fr/image.ashx?id=2415999&use=l&cat=p&typeid=i","cat":284430},{"id":6039,"n":"Vinaigre de cidre Jardin Bio Bio - 75cl","p":2.86,"u":"3,81 €/L","img":"https://fd9-photos.leclercdrive.fr/image.ashx?id=2918295&use=l&cat=p&typeid=i","cat":298543},{"id":6048,"n":"Sauce tomate Jardin Bio' Bio Basilic - 200g","p":1.45,"u":"7,25 €/KG","img":"https://fd9-photos.leclercdrive.fr/image.ashx?id=2967848&use=l&cat=p&typeid=i","cat":287599},{"id":6049,"n":"Ravioli Jardin Bio Bio légumes - 675g","p":3.19,"u":"4,73 €/KG","img":"https://fd9-photos.leclercdrive.fr/image.ashx?id=2534878&use=l&cat=p&typeid=i","cat":284442},{"id":6050,"n":"Lentilles vertes Jardin Bio' Bio cuisinées - 400g","p":2.5,"u":"6,25 €/KG","img":"https://fd9-photos.leclercdrive.fr/image.ashx?id=2944831&use=l&cat=p&typeid=i","cat":312609},{"id":6054,"n":"Sauce tomate Jardin Bio Bio spaghetti - 200g","p":1.95,"u":"9,75 €/KG","img":"https://fd9-photos.leclercdrive.fr/image.ashx?id=3000192&use=l&cat=p&typeid=i","cat":287599},{"id":6058,"n":"Spaguetti Jardin Bio Bio quinoa tomate - 500g","p":2.25,"u":"4,50 €/KG","img":"https://fd9-photos.leclercdrive.fr/image.ashx?id=3002108&use=l&cat=p&typeid=i","cat":284427},{"id":6063,"n":"Ketchup Jardin Bio' Bio - 560g","p":2.3,"u":"4,11 €/KG","img":"https://fd9-photos.leclercdrive.fr/image.ashx?id=2918316&use=l&cat=p&typeid=i","cat":284455},{"id":6068,"n":"Spaghetti Bio Village Bio - 500g","p":0.83,"u":"1,66 €/KG","img":"https://fd9-photos.leclercdrive.fr/image.ashx?id=2503284&use=l&cat=p&typeid=i","cat":284427},{"id":6070,"n":"Pâtes tagliatelles Bio Village Bio - 250g","p":1.65,"u":"6,60 €/KG","img":"https://fd9-photos.leclercdrive.fr/image.ashx?id=1986832&use=l&cat=p&typeid=i","cat":284427},{"id":6073,"n":"Crème fraîche bio Bio village Epaisse - 30% MG - 20cl","p":1.17,"u":"5,85 €/L","img":"https://fd9-photos.leclercdrive.fr/image.ashx?id=1975047&use=l&cat=p&typeid=i","cat":284381},{"id":6075,"n":"Quinoa Bio Village Bio - 500g","p":3.25,"u":"6,50 €/KG","img":"https://fd9-photos.leclercdrive.fr/image.ashx?id=2245755&use=l&cat=p&typeid=i","cat":284429},{"id":6076,"n":"Cookies chocolat Bio Village Bio 200g","p":2.74,"u":"13,70 €/KG","img":"https://fd9-photos.leclercdrive.fr/image.ashx?id=2400523&use=l&cat=p&typeid=i","cat":325066},{"id":6077,"n":"Biscuits sésame Bio Village Bio - 230g","p":1.76,"u":"7,65 €/KG","img":"https://fd9-photos.leclercdrive.fr/image.ashx?id=2363808&use=l&cat=p&typeid=i","cat":284487},{"id":6085,"n":"Jus de fruits Tropicana Multivitamines - 1,5L","p":3.59,"u":"2,39 €/L","img":"https://fd9-photos.leclercdrive.fr/image.ashx?id=2605818&use=l&cat=p&typeid=i","cat":284917},{"id":6089,"n":"Pâtes Blé complet Barilla Spaghetti Integrale - 500g","p":1.23,"u":"2,46 €/KG","img":"https://fd9-photos.leclercdrive.fr/image.ashx?id=2986951&use=l&cat=p&typeid=i","cat":284427},{"id":6105,"n":"Biscuits apéritif Lay's 3D's Goût Nature Sel - 85g","p":0.8,"u":"9,41 €/KG","img":"https://fd9-photos.leclercdrive.fr/image.ashx?id=2917417&use=l&cat=p&typeid=i","cat":284449},{"id":6106,"n":"Biscuits apéritif Lay's 3D's Goût Fromage - 85g","p":0.81,"u":"9,53 €/KG","img":"https://fd9-photos.leclercdrive.fr/image.ashx?id=2923672&use=l&cat=p&typeid=i","cat":284449},{"id":6145,"n":"Biscuits Goûters REM Chocolat - 3x125g","p":2.29,"u":"6,11 €/KG","img":"https://fd9-photos.leclercdrive.fr/image.ashx?id=2841193&use=l&cat=p&typeid=i","cat":284488},{"id":6152,"n":"Pâtes gansettes Panzani 500g","p":1.14,"u":"2,28 €/KG","img":"https://fd9-photos.leclercdrive.fr/image.ashx?id=2876017&use=l&cat=p&typeid=i","cat":284427},{"id":6155,"n":"Pâtes Torti Panzani 3 Minutes - 500G","p":1.17,"u":"2,34 €/KG","img":"https://fd9-photos.leclercdrive.fr/image.ashx?id=2896084&use=l&cat=p&typeid=i","cat":284427},{"id":6169,"n":"Fromage apéritif Apéricube Nature 24 cubes","p":2.15,"u":"17,20 €/KG","img":"https://fd9-photos.leclercdrive.fr/image.ashx?id=2883447&use=l&cat=p&typeid=i","cat":314027},{"id":6175,"n":"Rasoirs jetables Bic Sensitive 2 lames - x10","p":2.49,"u":"0,25 €/P","img":"https://fd9-photos.leclercdrive.fr/image.ashx?id=2481553&use=l&cat=p&typeid=i","cat":284616},{"id":6185,"n":"Sucre glace Béghin Say 500g","p":1.9,"u":"3,80 €/KG","img":"https://fd9-photos.leclercdrive.fr/image.ashx?id=2593608&use=l&cat=p&typeid=i","cat":284502},{"id":6188,"n":"Boisson lactée Candy'UP Fraise - 6x20cl","p":2.65,"u":"2,21 €/L","img":"https://fd9-photos.leclercdrive.fr/image.ashx?id=2485629&use=l&cat=p&typeid=i","cat":295246},{"id":6196,"n":"AOP Côtes du Rhône rouge Prestige Cellier Dauphins 75cl","p":3.28,"u":"4,37 €/L","img":"https://fd9-photos.leclercdrive.fr/image.ashx?id=2490533&use=l&cat=p&typeid=i","cat":289556},{"id":6199,"n":"Beurre Moulé Paysan Breton Demi-sel - 80%MG - 250g","p":3.16,"u":"12,64 €/KG","img":"https://fd9-photos.leclercdrive.fr/image.ashx?id=2947844&use=l&cat=p&typeid=i","cat":284379},{"id":6218,"n":"Fromage blanc Déli'light aux Fruits - 0% mg - 8x100g","p":2.89,"u":"3,61 €/KG","img":"https://fd9-photos.leclercdrive.fr/image.ashx?id=2967552&use=l&cat=p&typeid=i","cat":315000},{"id":6222,"n":"Fromage à tartiner Les Croisés Noix - 25%mg - 125g","p":1.4,"u":"11,20 €/KG","img":"https://fd9-photos.leclercdrive.fr/image.ashx?id=2482621&use=l&cat=p&typeid=i","cat":314029},{"id":6223,"n":"Fromage Maroilles AOP  Nos Régions ont du Talent 200g","p":2.69,"u":"13,45 €/KG","img":"https://fd9-photos.leclercdrive.fr/image.ashx?id=2411892&use=l&cat=p&typeid=i","cat":329558},{"id":6240,"n":"Cordons bleu Le Gaulois Dinde x10 - 1kg","p":7.72,"u":"7,72 €/KG","img":"https://fd9-photos.leclercdrive.fr/image.ashx?id=2485913&use=l&cat=p&typeid=i","cat":333683},{"id":6242,"n":"Café soluble Plantation Qualité filtre - 100g","p":2.75,"u":"27,50 €/KG","img":"https://fd9-photos.leclercdrive.fr/image.ashx?id=2834272&use=l&cat=p&typeid=i","cat":284843},{"id":6243,"n":"AOC Muscadet vin blanc Les Caractères - BIB 3L","p":13.99,"u":"4,66 €/L","img":"https://fd9-photos.leclercdrive.fr/image.ashx?id=2923396&use=l&cat=p&typeid=i","cat":289560},{"id":6249,"n":"Céleri Menu Fraîcheur  Rémoulade - 500g","p":1.58,"u":"3,16 €/KG","img":"https://fd9-photos.leclercdrive.fr/image.ashx?id=2820107&use=l&cat=p&typeid=i","cat":333657},{"id":6254,"n":"Salade Coleslaw Menu Fraîcheur  300g","p":1.19,"u":"3,97 €/KG","img":"https://fd9-photos.leclercdrive.fr/image.ashx?id=2645891&use=l&cat=p&typeid=i","cat":333657},{"id":6276,"n":"Part de flan  2x1p","p":2.8,"u":"1,40 €/P","img":"https://fd9-photos.leclercdrive.fr/image.ashx?id=572782&use=l&cat=p&typeid=i","cat":284360},{"id":6291,"n":"Semoule fine Panzani 500g","p":1.11,"u":"2,22 €/KG","img":"https://fd9-photos.leclercdrive.fr/image.ashx?id=2745559&use=l&cat=p&typeid=i","cat":284429},{"id":6314,"n":"Pansements Primoplast Peaux sensibles x30","p":0.88,"img":"https://fd9-photos.leclercdrive.fr/image.ashx?id=2832918&use=l&cat=p&typeid=i","cat":284630},{"id":6316,"n":"Escalope de poulet Côté Croc À la Bolognaise x2 - 200g","p":2.13,"u":"10,65 €/KG","img":"https://fd9-photos.leclercdrive.fr/image.ashx?id=2814420&use=l&cat=p&typeid=i","cat":333683},{"id":6340,"n":"Goûters fourrés P'tit Déli Chocolat x16 - 300g","p":1.19,"u":"3,97 €/KG","img":"https://fd9-photos.leclercdrive.fr/image.ashx?id=2100548&use=l&cat=p&typeid=i","cat":284488},{"id":6343,"n":"Garniture de céleris  Notre Jardin - 250g","p":0.99,"u":"3,96 €/KG","img":"https://fd9-photos.leclercdrive.fr/image.ashx?id=2529534&use=l&cat=p&typeid=i","cat":312612},{"id":6344,"n":"Boules soufflées Tokapi  Fromage - 50g","p":0.58,"u":"11,60 €/KG","img":"https://fd9-photos.leclercdrive.fr/image.ashx?id=2885762&use=l&cat=p&typeid=i","cat":284449},{"id":6345,"n":"Couscous Comptoir du Monde Grain moyen - 500g","p":0.84,"u":"1,68 €/KG","img":"https://fd9-photos.leclercdrive.fr/image.ashx?id=3012800&use=l&cat=p&typeid=i","cat":284429},{"id":6347,"n":"Beurre  Les Croisés 80% MG  Demi-sel Extra fin - 250g","p":2.99,"u":"11,96 €/KG","img":"https://fd9-photos.leclercdrive.fr/image.ashx?id=2839877&use=l&cat=p&typeid=i","cat":284379},{"id":6348,"n":"Tarama Ronde des Mers Oeufs de cabillaud - 250g","p":2.3,"u":"9,20 €/KG","img":"https://fd9-photos.leclercdrive.fr/image.ashx?id=1942389&use=l&cat=p&typeid=i","cat":315999},{"id":6349,"n":"Filets anchois Ronde des Mers Câpres huile d'olive - 50g","p":1.4,"u":"28,00 €/KG","img":"https://fd9-photos.leclercdrive.fr/image.ashx?id=2046032&use=l&cat=p&typeid=i","cat":285190},{"id":6350,"n":"Eponges Mamison couleur Super absorbantes x3","p":1.22,"u":"0,41 €/P","img":"https://fd9-photos.leclercdrive.fr/image.ashx?id=2458049&use=l&cat=p&typeid=i","cat":284667},{"id":6353,"n":"Pancetta italienne Saint Azay 10 tranches - 100g","p":2.89,"u":"28,90 €/KG","img":"https://fd9-photos.leclercdrive.fr/image.ashx?id=2665847&use=l&cat=p&typeid=i","cat":316007},{"id":6357,"n":"Chorizo doux Saint Azay 30 tranches - 150g","p":2.09,"u":"13,93 €/KG","img":"https://fd9-photos.leclercdrive.fr/image.ashx?id=1873710&use=l&cat=p&typeid=i","cat":316007},{"id":6358,"n":"Gel nettoyant wc javel Syphon Agrumes 750ml","p":0.89,"u":"1,19 €/L","img":"https://fd9-photos.leclercdrive.fr/image.ashx?id=2669696&use=l&cat=p&typeid=i","cat":284662},{"id":6359,"n":"Croûtons Epi d'Or Fromage - 90g","p":0.99,"u":"11,00 €/KG","img":"https://fd9-photos.leclercdrive.fr/image.ashx?id=2651783&use=l&cat=p&typeid=i","cat":284464},{"id":6361,"n":"Crème Dépilatoire Siliss Tous types de peaux - 200ml","p":1.79,"u":"8,95 €/L","img":"https://fd9-photos.leclercdrive.fr/image.ashx?id=2699678&use=l&cat=p&typeid=i","cat":325351},{"id":6362,"n":"Mélange Gourmand Tokapi  Graines et raisins - 120g","p":1.29,"u":"10,75 €/KG","img":"https://fd9-photos.leclercdrive.fr/image.ashx?id=2795547&use=l&cat=p&typeid=i","cat":284448},{"id":6365,"n":"Galettes sarrasin NRT de Bretagne 230g","p":1.79,"u":"7,78 €/KG","img":"https://fd9-photos.leclercdrive.fr/image.ashx?id=2770259&use=l&cat=p&typeid=i","cat":333672},{"id":6366,"n":"Crêpes de froment NRT de Bretagne 180g","p":1.99,"u":"11,06 €/KG","img":"https://fd9-photos.leclercdrive.fr/image.ashx?id=2771058&use=l&cat=p&typeid=i","cat":333672},{"id":6392,"n":"Compotes Andros Pomme vanille 750g","p":1.68,"u":"2,24 €/KG","img":"https://fd9-photos.leclercdrive.fr/image.ashx?id=2396120&use=l&cat=p&typeid=i","cat":284508},{"id":6437,"n":"Fromage P'tit Louis  Filet 8 Portions - 160g","p":2.76,"u":"17,25 €/KG","img":"https://fd9-photos.leclercdrive.fr/image.ashx?id=2845994&use=l&cat=p&typeid=i","cat":314030},{"id":6451,"n":"Pavé au poivre Saint Azay 8 tranches - 150g","p":2.69,"u":"17,93 €/KG","img":"https://fd9-photos.leclercdrive.fr/image.ashx?id=2931766&use=l&cat=p&typeid=i","cat":316007},{"id":6452,"n":"Flan Délisse Vanille Caramel - 12x100g","p":1.89,"u":"1,58 €/KG","img":"https://fd9-photos.leclercdrive.fr/image.ashx?id=2851637&use=l&cat=p&typeid=i","cat":284420},{"id":6455,"n":"Soufflés Snacks Tokapi Bacon - 60g","p":0.48,"u":"8,00 €/KG","img":"https://fd9-photos.leclercdrive.fr/image.ashx?id=2625062&use=l&cat=p&typeid=i","cat":284449},{"id":6467,"n":"Pâtes Macaroni Turini 1kg","p":1.35,"u":"1,35 €/KG","img":"https://fd9-photos.leclercdrive.fr/image.ashx?id=2980435&use=l&cat=p&typeid=i","cat":284427},{"id":6472,"n":"Miel L'Apiculteur crémeux  et onctueux- 500g","p":5.45,"u":"10,90 €/KG","img":"https://fd9-photos.leclercdrive.fr/image.ashx?id=2854387&use=l&cat=p&typeid=i","cat":287643},{"id":6486,"n":"Biscuits apéritif Lay's 3D's Goût Bacon - 85g","p":0.8,"u":"9,41 €/KG","img":"https://fd9-photos.leclercdrive.fr/image.ashx?id=2917414&use=l&cat=p&typeid=i","cat":284449},{"id":6488,"n":"Sucre cristal Béghin Say 5kg","p":8.73,"u":"1,75 €/KG","img":"https://fd9-photos.leclercdrive.fr/image.ashx?id=2866340&use=l&cat=p&typeid=i","cat":284502},{"id":6496,"n":"Sauce au Beurre Blan KNORR Échalote - Brique 30cl","p":1.34,"u":"4,47 €/L","img":"https://fd9-photos.leclercdrive.fr/image.ashx?id=2915991&use=l&cat=p&typeid=i","cat":288381},{"id":6511,"n":"Pâtes Spaghetti Turini 1kg","p":1.35,"u":"1,35 €/KG","img":"https://fd9-photos.leclercdrive.fr/image.ashx?id=2980450&use=l&cat=p&typeid=i","cat":284427},{"id":6512,"n":"Riz long Comptoir du Grain Sachet cuisson rapide x4 - 500g","p":1.25,"u":"2,50 €/KG","img":"https://fd9-photos.leclercdrive.fr/image.ashx?id=2118454&use=l&cat=p&typeid=i","cat":284428},{"id":6513,"n":"Vinaigre de vin Rustica Aromatisé à l'échalote - 75cl","p":1.35,"u":"1,80 €/L","img":"https://fd9-photos.leclercdrive.fr/image.ashx?id=1659936&use=l&cat=p&typeid=i","cat":298543},{"id":6514,"n":"Margarine Nat & vie Idéal cuisson - 500g","p":1.29,"u":"2,58 €/KG","img":"https://fd9-photos.leclercdrive.fr/image.ashx?id=2903932&use=l&cat=p&typeid=i","cat":315229},{"id":6516,"n":"Gâteaux P'tit Déli Pépites au chocolat 5x30g","p":1.02,"u":"6,80 €/KG","img":"https://fd9-photos.leclercdrive.fr/image.ashx?id=1986647&use=l&cat=p&typeid=i","cat":284495},{"id":6519,"n":"Soufflés Frites Tokapi Salé - 80g","p":0.65,"u":"8,13 €/KG","img":"https://fd9-photos.leclercdrive.fr/image.ashx?id=2486074&use=l&cat=p&typeid=i","cat":284449},{"id":6521,"n":"Pâtes chinoises Tables du Monde 250g","p":1.19,"u":"4,76 €/KG","img":"https://fd9-photos.leclercdrive.fr/image.ashx?id=2572058&use=l&cat=p&typeid=i","cat":288992},{"id":6523,"n":"Champignons Paris Notre Jardin Emincés - 2x115g","p":1.71,"u":"7,43 €/KG","img":"https://fd9-photos.leclercdrive.fr/image.ashx?id=2724696&use=l&cat=p&typeid=i","cat":312610},{"id":6524,"n":"Dessert fruitier pomme Douceur du Verger 8x100g","p":1.69,"u":"2,11 €/KG","img":"https://fd9-photos.leclercdrive.fr/image.ashx?id=798035&use=l&cat=p&typeid=i","cat":284416},{"id":6525,"n":"Serviette hygiénique Doulys Ultra - Super+ - x12","p":0.9,"u":"0,08 €/P","img":"https://fd9-photos.leclercdrive.fr/image.ashx?id=2838918&use=l&cat=p&typeid=i","cat":284624},{"id":6526,"n":"Serviette hygiénique Doulys Ultra - Spécial nuit - x10","p":1.29,"u":"0,13 €/P","img":"https://fd9-photos.leclercdrive.fr/image.ashx?id=2838921&use=l&cat=p&typeid=i","cat":284624},{"id":6579,"n":"Vinaigre d'alcool coloré Eco+ 1L","p":0.35,"u":"0,35 €/L","img":"https://fd9-photos.leclercdrive.fr/image.ashx?id=2831553&use=l&cat=p&typeid=i","cat":298543},{"id":6580,"n":"Fromage de chévre Les Croisés 150g","p":1.42,"u":"9,47 €/KG","img":"https://fd9-photos.leclercdrive.fr/image.ashx?id=2684823&use=l&cat=p&typeid=i","cat":314031},{"id":6581,"n":"Fromage : Le carrou Les croisés Authentique - 27% mg - 220g","p":2.43,"u":"11,05 €/KG","img":"https://fd9-photos.leclercdrive.fr/image.ashx?id=2084934&use=l&cat=p&typeid=i","cat":314033},{"id":6582,"n":"Coulommiers De pays  Les Croisés - 21% mg - 350g","p":2.55,"u":"7,29 €/KG","img":"https://fd9-photos.leclercdrive.fr/image.ashx?id=2463465&use=l&cat=p&typeid=i","cat":314033},{"id":6589,"n":"Fromage Chaource NRT AOP  250g","p":3.55,"u":"14,20 €/KG","img":"https://fd9-photos.leclercdrive.fr/image.ashx?id=2874768&use=l&cat=p&typeid=i","cat":329558},{"id":6630,"n":"Pâtes torsettes Turini Les 3 min - 500g","p":0.82,"u":"1,64 €/KG","img":"https://fd9-photos.leclercdrive.fr/image.ashx?id=2607467&use=l&cat=p&typeid=i","cat":284427},{"id":6711,"n":"Spray nettoyant vitres Clair Recharge 750ml","p":1.09,"u":"1,45 €/L","img":"https://fd9-photos.leclercdrive.fr/image.ashx?id=1647691&use=l&cat=p&typeid=i","cat":325363},{"id":6715,"n":"Assiette charcuterie Saint Azay 200g","p":3.11,"u":"15,55 €/KG","img":"https://fd9-photos.leclercdrive.fr/image.ashx?id=2417734&use=l&cat=p&typeid=i","cat":316007},{"id":6800,"n":"Baies roses entières Ducros 20g","p":2.52,"u":"126,00 €/KG","img":"https://fd9-photos.leclercdrive.fr/image.ashx?id=2486575&use=l&cat=p&typeid=i","cat":284457},{"id":6803,"n":"Pralin Vahiné 100g","p":2.02,"u":"20,20 €/KG","img":"https://fd9-photos.leclercdrive.fr/image.ashx?id=2559775&use=l&cat=p&typeid=i","cat":284504},{"id":6806,"n":"Bougies d'anniversaire Vahiné Couleur divers - 16 pièces","p":1.56,"u":"0,10 €/P","img":"https://fd9-photos.leclercdrive.fr/image.ashx?id=1865903&use=l&cat=p&typeid=i","cat":284504},{"id":6829,"n":"Sucre Daddy n°4 Morceaux - 1kg","p":1.79,"u":"1,79 €/KG","img":"https://fd9-photos.leclercdrive.fr/image.ashx?id=2936056&use=l&cat=p&typeid=i","cat":284502},{"id":6830,"n":"Sucre Cristal Daddy 1kg","p":1.61,"u":"1,61 €/KG","img":"https://fd9-photos.leclercdrive.fr/image.ashx?id=2975855&use=l&cat=p&typeid=i","cat":284502},{"id":6837,"n":"Madeleines longues P'tit Déli 440g","p":2.55,"u":"5,80 €/KG","img":"https://fd9-photos.leclercdrive.fr/image.ashx?id=2540310&use=l&cat=p&typeid=i","cat":284492},{"id":6838,"n":"Joker Pur Jus Engagé Orange  avec pulpe - 1L","p":3.23,"u":"3,23 €/L","img":"https://fd9-photos.leclercdrive.fr/image.ashx?id=3001284&use=l&cat=p&typeid=i","cat":284521},{"id":6843,"n":"AOP Champagne Alfred Rothschild Brut 12.5%vol - 75cl","p":22.05,"u":"29,40 €/L","img":"https://fd9-photos.leclercdrive.fr/image.ashx?id=2979683&use=l&cat=p&typeid=i","cat":284542},{"id":6879,"n":"Fromage Gouda Les Croisés En tranche - 200g","p":1.97,"u":"9,85 €/KG","img":"https://fd9-photos.leclercdrive.fr/image.ashx?id=2028173&use=l&cat=p&typeid=i","cat":314028},{"id":6880,"n":"Fromage Mimolette Les Croisés En tranche x8 - 200g","p":1.85,"u":"9,25 €/KG","img":"https://fd9-photos.leclercdrive.fr/image.ashx?id=2028176&use=l&cat=p&typeid=i","cat":314028},{"id":6881,"n":"Fromage Maasdam Les Croisés En tranche x8 - 200g","p":1.91,"u":"9,55 €/KG","img":"https://fd9-photos.leclercdrive.fr/image.ashx?id=1990673&use=l&cat=p&typeid=i","cat":314028},{"id":6928,"n":"Préparation pour fondue Les Croisés 18%mg 400g","p":3.42,"u":"8,55 €/KG","img":"https://fd9-photos.leclercdrive.fr/image.ashx?id=2791761&use=l&cat=p&typeid=i","cat":314037},{"id":6979,"n":"AOC Crémant Gratien & Meyer Blanc - Brut - 75cl","p":6.65,"u":"8,87 €/L","img":"https://fd9-photos.leclercdrive.fr/image.ashx?id=2104357&use=l&cat=p&typeid=i","cat":284545},{"id":7000,"n":"Céréales Babybio Bio 6 mois Vanille - 220g","p":4.48,"u":"20,36 €/KG","img":"https://fd9-photos.leclercdrive.fr/image.ashx?id=2733250&use=l&cat=p&typeid=i","cat":312225},{"id":7013,"n":"Compote bébé Babybio Bio 4 mois Pomme / Pêche - 2x130g","p":1.89,"u":"7,27 €/KG","img":"https://fd9-photos.leclercdrive.fr/image.ashx?id=2859362&use=l&cat=p&typeid=i","cat":312387},{"id":7014,"n":"Compote bébé bio Babybio Pomme abricot - 4 mois - 2x130g","p":1.86,"u":"7,15 €/KG","img":"https://fd9-photos.leclercdrive.fr/image.ashx?id=2838320&use=l&cat=p&typeid=i","cat":312387},{"id":7016,"n":"Compote bébé Babybio Bio 4 mois Pomme / Pruneau - 2x130g","p":1.99,"u":"7,65 €/KG","img":"https://fd9-photos.leclercdrive.fr/image.ashx?id=2838326&use=l&cat=p&typeid=i","cat":312387},{"id":7017,"n":"Compote bébé Babybio Bio 4 mois Pomme / Banane - 2x130g","p":1.87,"u":"7,19 €/KG","img":"https://fd9-photos.leclercdrive.fr/image.ashx?id=2832011&use=l&cat=p&typeid=i","cat":312387},{"id":7025,"n":"Pizza Cuite sur pierre Turini Jambon fromage - 400g","p":2.85,"u":"7,13 €/KG","img":"https://fd9-photos.leclercdrive.fr/image.ashx?id=2815223&use=l&cat=p&typeid=i","cat":284256},{"id":7056,"n":"Soupe de poissons MSC Pêche Océan - 1kg","p":2.99,"u":"2,99 €/KG","img":"https://fd9-photos.leclercdrive.fr/image.ashx?id=2480060&use=l&cat=p&typeid=i","cat":287366},{"id":7057,"n":"Rouille méditerranéenne NRT 90g","p":2.05,"u":"22,78 €/KG","img":"https://fd9-photos.leclercdrive.fr/image.ashx?id=2991157&use=l&cat=p&typeid=i","cat":285192},{"id":7071,"n":"Petits Boudoirs Babybio Bio - Orange Douce - 120g","p":2.84,"u":"23,67 €/KG","img":"https://fd9-photos.leclercdrive.fr/image.ashx?id=2733262&use=l&cat=p&typeid=i","cat":312227},{"id":7082,"n":"AOP Côtes du Marmandais rosé La Vieille église - 75cl","p":3.25,"u":"4,33 €/L","img":"https://fd9-photos.leclercdrive.fr/image.ashx?id=2258685&use=l&cat=p&typeid=i","cat":289558},{"id":7085,"n":"Vin mousseux d'Union Européenne  Demi-sec -75cl","p":2.89,"u":"3,85 €/L","img":"https://fd9-photos.leclercdrive.fr/image.ashx?id=1951019&use=l&cat=p&typeid=i","cat":284544},{"id":7126,"n":"Riz cantonais  Traditions d'Asie - 400g","p":3.61,"u":"9,03 €/KG","img":"https://fd9-photos.leclercdrive.fr/image.ashx?id=2505043&use=l&cat=p&typeid=i","cat":333673},{"id":7127,"n":"Sauce soja Jardin Bio' Bio - 125ml","p":2.46,"u":"19,68 €/L","img":"https://fd9-photos.leclercdrive.fr/image.ashx?id=2740118&use=l&cat=p&typeid=i","cat":288992},{"id":7128,"n":"Porc au caramel Tables du Monde Riz thaï 300g","p":3.05,"u":"10,17 €/KG","img":"https://fd9-photos.leclercdrive.fr/image.ashx?id=2700957&use=l&cat=p&typeid=i","cat":333665},{"id":7132,"n":"Samoussa Tables du Monde Crevette curry - x6 - 200g","p":3.19,"u":"13,87 €/KG","img":"https://fd9-photos.leclercdrive.fr/image.ashx?id=2591712&use=l&cat=p&typeid=i","cat":333673},{"id":7282,"n":"Compote Douceur du Verger  Pomme Poire - 4x100g","p":1.09,"u":"2,73 €/KG","img":"https://fd9-photos.leclercdrive.fr/image.ashx?id=762794&use=l&cat=p&typeid=i","cat":284416},{"id":7283,"n":"Compote Douceur du Verger Pomme banane - 4x100g","p":1.25,"u":"3,13 €/KG","img":"https://fd9-photos.leclercdrive.fr/image.ashx?id=2956906&use=l&cat=p&typeid=i","cat":284416},{"id":7284,"n":"Compote Douceur du Verger Pomme Fraise - 4x100g","p":1.09,"u":"2,73 €/KG","img":"https://fd9-photos.leclercdrive.fr/image.ashx?id=762786&use=l&cat=p&typeid=i","cat":284416},{"id":7289,"n":"Crème Dépilatoire Siliss Peaux sensibles - 200ml","p":1.79,"u":"8,95 €/L","img":"https://fd9-photos.leclercdrive.fr/image.ashx?id=2699675&use=l&cat=p&typeid=i","cat":325351},{"id":7291,"n":"Jus d'orange sanguine Jafaden 1L","p":3.25,"u":"3,25 €/L","img":"https://fd9-photos.leclercdrive.fr/image.ashx?id=2916671&use=l&cat=p&typeid=i","cat":285435},{"id":7293,"n":"Râpé 3 fromages Les Croisés 200g","p":1.79,"u":"8,95 €/KG","img":"https://fd9-photos.leclercdrive.fr/image.ashx?id=2860067&use=l&cat=p&typeid=i","cat":314035},{"id":7294,"n":"Huile de tournesol Bio Village Bio - 75cl","p":3.59,"u":"4,79 €/L","img":"https://fd9-photos.leclercdrive.fr/image.ashx?id=2894746&use=l&cat=p&typeid=i","cat":284453},{"id":7316,"n":"Concentré de tomates Eco+ 3x70g","p":1.75,"u":"8,33 €/KG","img":"https://fd9-photos.leclercdrive.fr/image.ashx?id=2681571&use=l&cat=p&typeid=i","cat":288384},{"id":7345,"n":"Pâtes serpentini Panzani 500g","p":0.99,"u":"1,98 €/KG","img":"https://fd9-photos.leclercdrive.fr/image.ashx?id=2876044&use=l&cat=p&typeid=i","cat":284427},{"id":7349,"n":"Croquettes chat One Purina Stérilisé - Boeuf/Blé - 450g","p":2.45,"u":"5,44 €/KG","img":"https://fd9-photos.leclercdrive.fr/image.ashx?id=2681044&use=l&cat=p&typeid=i","cat":284680},{"id":7359,"n":"Gorgonzola AOP Les Croisés -150g","p":2.47,"u":"16,47 €/KG","img":"https://fd9-photos.leclercdrive.fr/image.ashx?id=2644998&use=l&cat=p&typeid=i","cat":314032},{"id":7360,"n":"Mortadelle Italienne Saint Azay 12 tranches 150g","p":2.14,"u":"14,27 €/KG","img":"https://fd9-photos.leclercdrive.fr/image.ashx?id=2704481&use=l&cat=p&typeid=i","cat":316009},{"id":7361,"n":"Fromage Edam Les Croisés En tranche x8 - 200g","p":1.97,"u":"9,85 €/KG","img":"https://fd9-photos.leclercdrive.fr/image.ashx?id=2041351&use=l&cat=p&typeid=i","cat":314028},{"id":7362,"n":"Riz Basmati Comptoir du Grain Express 2 min - 250g","p":0.99,"u":"3,96 €/KG","img":"https://fd9-photos.leclercdrive.fr/image.ashx?id=2441192&use=l&cat=p&typeid=i","cat":287600},{"id":7363,"n":"Riz Express Comptoir du Grain A la méditerranéenne - 250g","p":1.2,"u":"4,80 €/KG","img":"https://fd9-photos.leclercdrive.fr/image.ashx?id=2856474&use=l&cat=p&typeid=i","cat":287600},{"id":7368,"n":"Chiffonnade de jambon sec Saint Azay affiné 7 mois - 100g","p":2.99,"u":"29,90 €/KG","img":"https://fd9-photos.leclercdrive.fr/image.ashx?id=2462254&use=l&cat=p&typeid=i","cat":316007},{"id":7369,"n":"Chiffonades de rosette Saint Azay - 100g","p":2.0,"u":"20,00 €/KG","img":"https://fd9-photos.leclercdrive.fr/image.ashx?id=2401891&use=l&cat=p&typeid=i","cat":316007},{"id":7375,"n":"Lunettes de Romans NRT Fraise - 350g","p":2.75,"u":"7,86 €/KG","img":"https://fd9-photos.leclercdrive.fr/image.ashx?id=2791920&use=l&cat=p&typeid=i","cat":284489},{"id":7378,"n":"Jambon d'Auvergne IGP NRT x4 - 100g","p":3.4,"u":"34,00 €/KG","img":"https://fd9-photos.leclercdrive.fr/image.ashx?id=2670419&use=l&cat=p&typeid=i","cat":316007},{"id":7379,"n":"Jambon de Savoie NRT x6 - 90g","p":2.66,"u":"29,56 €/KG","img":"https://fd9-photos.leclercdrive.fr/image.ashx?id=2670422&use=l&cat=p&typeid=i","cat":316007},{"id":7381,"n":"Sachet repas chats Gourmet 4 variétés poissons - 4x85g","p":1.83,"u":"5,38 €/KG","img":"https://fd9-photos.leclercdrive.fr/image.ashx?id=2867788&use=l&cat=p&typeid=i","cat":285286},{"id":7432,"n":"Huile de friture Frial Lesieur 2L","p":6.16,"u":"3,08 €/L","img":"https://fd9-photos.leclercdrive.fr/image.ashx?id=2916857&use=l&cat=p&typeid=i","cat":284453},{"id":7433,"n":"Vinaigrette Rustica Fines herbes - 50cl","p":1.19,"u":"2,38 €/L","img":"https://fd9-photos.leclercdrive.fr/image.ashx?id=1964912&use=l&cat=p&typeid=i","cat":284456},{"id":7434,"n":"Quatre-quart P'tit Déli De Bretagne 500g","p":2.79,"u":"5,58 €/KG","img":"https://fd9-photos.leclercdrive.fr/image.ashx?id=2891875&use=l&cat=p&typeid=i","cat":294776},{"id":7437,"n":"Pâte brisée Tablier Blanc Au beurre - 230g","p":1.19,"u":"5,17 €/KG","img":"https://fd9-photos.leclercdrive.fr/image.ashx?id=2635892&use=l&cat=p&typeid=i","cat":333681},{"id":7439,"n":"Vinaigrette Rustica Nature - 1L","p":1.76,"u":"1,76 €/L","img":"https://fd9-photos.leclercdrive.fr/image.ashx?id=1972904&use=l&cat=p&typeid=i","cat":284456},{"id":7441,"n":"Huile de friture Rustica 1L","p":2.75,"u":"2,75 €/L","img":"https://fd9-photos.leclercdrive.fr/image.ashx?id=2900331&use=l&cat=p&typeid=i","cat":284453},{"id":7443,"n":"Dessert fruitier pomme poire Douceur du Verger s/sucre 4x97g","p":1.25,"u":"3,22 €/KG","img":"https://fd9-photos.leclercdrive.fr/image.ashx?id=1957066&use=l&cat=p&typeid=i","cat":284416},{"id":7444,"n":"Dessert fruitier pomme Douceur du Verger s/sucre 4x97g","p":1.05,"u":"2,71 €/KG","img":"https://fd9-photos.leclercdrive.fr/image.ashx?id=1957069&use=l&cat=p&typeid=i","cat":284416},{"id":7448,"n":"Compote Douceur du Verger Coupelle pomme pruneau - 4x100g","p":1.36,"u":"3,40 €/KG","img":"https://fd9-photos.leclercdrive.fr/image.ashx?id=2878705&use=l&cat=p&typeid=i","cat":284508},{"id":7450,"n":"Gâteaux fourrés P'tit Déli Fraise x7 - 196g","p":2.8,"u":"14,29 €/KG","img":"https://fd9-photos.leclercdrive.fr/image.ashx?id=2659777&use=l&cat=p&typeid=i","cat":284495},{"id":7451,"n":"Biscuits P'tit Déli Goûters Fourrés au chocolat 2x300g","p":2.3,"u":"3,83 €/KG","img":"https://fd9-photos.leclercdrive.fr/image.ashx?id=2116182&use=l&cat=p&typeid=i","cat":284488},{"id":7452,"n":"Tubes Fromage blanc Délisse 3 parfums - 12 x40g","p":2.38,"u":"4,96 €/KG","img":"https://fd9-photos.leclercdrive.fr/image.ashx?id=2884231&use=l&cat=p&typeid=i","cat":284415},{"id":7455,"n":"Fromage Bleu des Causses NRT  AOP - 125g","p":1.99,"u":"15,92 €/KG","img":"https://fd9-photos.leclercdrive.fr/image.ashx?id=2771043&use=l&cat=p&typeid=i","cat":314032},{"id":7465,"n":"Actifidus Délisse Citron - 4x125g","p":1.36,"u":"2,72 €/KG","img":"https://fd9-photos.leclercdrive.fr/image.ashx?id=2501673&use=l&cat=p&typeid=i","cat":315000},{"id":7466,"n":"Pain grillé Epi d'or Brioché x26 - 300g","p":2.15,"u":"7,17 €/KG","img":"https://fd9-photos.leclercdrive.fr/image.ashx?id=2532835&use=l&cat=p&typeid=i","cat":284479},{"id":7508,"n":"Glace Tyrolia Eskiss Cappuccino - 340g","p":2.69,"u":"7,91 €/KG","img":"https://fd9-photos.leclercdrive.fr/image.ashx?id=2085218&use=l&cat=p&typeid=i","cat":284266},{"id":7529,"n":"Fromage Comté Entremont 200g","p":3.06,"u":"15,30 €/KG","img":"https://fd9-photos.leclercdrive.fr/image.ashx?id=2983144&use=l&cat=p&typeid=i","cat":314034},{"id":7541,"n":"Barquette chiens Lydog Au Boeuf et Coeur - 300g","p":1.63,"u":"5,43 €/KG","img":"https://fd9-photos.leclercdrive.fr/image.ashx?id=2042430&use=l&cat=p&typeid=i","cat":284673},{"id":7542,"n":"Barquette chien Lydog au Foie et Volailles - 300g","p":1.45,"u":"4,83 €/KG","img":"https://fd9-photos.leclercdrive.fr/image.ashx?id=2042436&use=l&cat=p&typeid=i","cat":284673},{"id":7548,"n":"Ail Rustica 100g","p":1.69,"u":"16,90 €/KG","img":"https://fd9-photos.leclercdrive.fr/image.ashx?id=2365451&use=l&cat=p&typeid=i","cat":319804},{"id":7556,"n":"Olives fromage Pause Fraîcheur 150g","p":1.99,"u":"13,27 €/KG","img":"https://fd9-photos.leclercdrive.fr/image.ashx?id=2601286&use=l&cat=p&typeid=i","cat":316002},{"id":7557,"n":"Olives à l'ail Couleurs Vives 150g","p":1.99,"u":"13,27 €/KG","img":"https://fd9-photos.leclercdrive.fr/image.ashx?id=2518508&use=l&cat=p&typeid=i","cat":316002},{"id":7560,"n":"Barquettes chats Tous mes amis Mousselines 4 variétés - 4x85g","p":1.75,"u":"5,15 €/KG","img":"https://fd9-photos.leclercdrive.fr/image.ashx?id=2815749&use=l&cat=p&typeid=i","cat":285286},{"id":7563,"n":"Coulis de tomate bio Jardin Bio 500g","p":1.59,"u":"3,18 €/KG","img":"https://fd9-photos.leclercdrive.fr/image.ashx?id=2918841&use=l&cat=p&typeid=i","cat":288384},{"id":7572,"n":"Confiture bio Jardin Bio' 60% Myrtille - 320g","p":3.2,"u":"10,00 €/KG","img":"https://fd9-photos.leclercdrive.fr/image.ashx?id=2009384&use=l&cat=p&typeid=i","cat":284480},{"id":7574,"n":"Infusion bio Jardin Bio' Aide minceur - 30g","p":2.71,"u":"90,33 €/KG","img":"https://fd9-photos.leclercdrive.fr/image.ashx?id=2971110&use=l&cat=p&typeid=i","cat":293234},{"id":7578,"n":"Thé vert bio orange Jardin Bio' Bergamote Max Havelaar x20 30g","p":2.55,"u":"85,00 €/KG","img":"https://fd9-photos.leclercdrive.fr/image.ashx?id=2792666&use=l&cat=p&typeid=i","cat":293233},{"id":7585,"n":"Echalote Rustica 100g","p":1.69,"u":"16,90 €/KG","img":"https://fd9-photos.leclercdrive.fr/image.ashx?id=2365457&use=l&cat=p&typeid=i","cat":319804},{"id":7589,"n":"Biscuits Mikado LU Chocolat au lait - 3x39g","p":2.14,"u":"18,29 €/KG","img":"https://fd9-photos.leclercdrive.fr/image.ashx?id=3001970&use=l&cat=p&typeid=i","cat":284488},{"id":7598,"n":"Ravioli de volaille Jardin Bio' Bio - 700g","p":4.43,"u":"6,33 €/KG","img":"https://fd9-photos.leclercdrive.fr/image.ashx?id=2950183&use=l&cat=p&typeid=i","cat":284442},{"id":7599,"n":"Haricots verts Jardin Bio' Bio extra fin coupés - 360g","p":2.54,"u":"7,06 €/KG","img":"https://fd9-photos.leclercdrive.fr/image.ashx?id=2967151&use=l&cat=p&typeid=i","cat":312606},{"id":7600,"n":"Petits pois carottes JardinBio' Bio - 420g","p":2.42,"u":"5,76 €/KG","img":"https://fd9-photos.leclercdrive.fr/image.ashx?id=2947958&use=l&cat=p&typeid=i","cat":312607},{"id":7601,"n":"Dessert fruitier Jardin Bio' bio Pomme vanille bourbon 680g","p":2.68,"u":"3,94 €/KG","img":"https://fd9-photos.leclercdrive.fr/image.ashx?id=2967786&use=l&cat=p&typeid=i","cat":284508},{"id":7646,"n":"Spaghetti Jardin Bio Bio quinoa persil ail - 500g","p":2.03,"u":"4,06 €/KG","img":"https://fd9-photos.leclercdrive.fr/image.ashx?id=3014542&use=l&cat=p&typeid=i","cat":284427},{"id":7672,"n":"Cordon Bleu Le Gaulois Poulet - 200g","p":1.92,"u":"9,60 €/KG","img":"https://fd9-photos.leclercdrive.fr/image.ashx?id=2860223&use=l&cat=p&typeid=i","cat":333683},{"id":7676,"n":"Boudins Blancs Le Gaulois Volaille Nature 300g","p":3.05,"u":"10,17 €/KG","img":"https://fd9-photos.leclercdrive.fr/image.ashx?id=2236851&use=l&cat=p&typeid=i","cat":316012},{"id":7694,"n":"Magret de canard Sud Ouest NRT Fumé - 90g","p":3.59,"u":"39,89 €/KG","img":"https://fd9-photos.leclercdrive.fr/image.ashx?id=2958380&use=l&cat=p&typeid=i","cat":316007},{"id":7696,"n":"Camembert Bons Mayennais Lait pasteurisé 22%mg - 250g","p":2.03,"u":"8,12 €/KG","img":"https://fd9-photos.leclercdrive.fr/image.ashx?id=2966689&use=l&cat=p&typeid=i","cat":314033},{"id":7713,"n":"Dessert fruitier pomme pruneaux Douceur du Verger s/sucre4x100g","p":1.54,"u":"3,85 €/KG","img":"https://fd9-photos.leclercdrive.fr/image.ashx?id=1962960&use=l&cat=p&typeid=i","cat":284416},{"id":7750,"n":"Boulghour bio Céréal Bio  repas express 250g","p":1.93,"u":"7,72 €/KG","img":"https://fd9-photos.leclercdrive.fr/image.ashx?id=2575045&use=l&cat=p&typeid=i","cat":284429},{"id":7761,"n":"Galette Croq'Soja Céréal Bio  Bio provençale x2 200g","p":2.21,"u":"11,05 €/KG","img":"https://fd9-photos.leclercdrive.fr/image.ashx?id=2574296&use=l&cat=p&typeid=i","cat":284953},{"id":7772,"n":"Galette bio Céréal Bio  Millet champignons x2 - 200g","p":2.34,"u":"11,70 €/KG","img":"https://fd9-photos.leclercdrive.fr/image.ashx?id=2573543&use=l&cat=p&typeid=i","cat":284953},{"id":7857,"n":"Croquettes chiens Fido Au boeuf 1kg","p":2.85,"u":"2,85 €/KG","img":"https://fd9-photos.leclercdrive.fr/image.ashx?id=2972964&use=l&cat=p&typeid=i","cat":294526},{"id":7862,"n":"Petit pot de crème Délisse Café - 4x100g","p":1.8,"u":"4,50 €/KG","img":"https://fd9-photos.leclercdrive.fr/image.ashx?id=2550372&use=l&cat=p&typeid=i","cat":285041},{"id":7864,"n":"Yaourts sucrés Délisse Nature  - 4x125g","p":0.99,"u":"1,98 €/KG","img":"https://fd9-photos.leclercdrive.fr/image.ashx?id=2590415&use=l&cat=p&typeid=i","cat":284409},{"id":7866,"n":"Beurre Tendre Les Croisés Demi-sel - 80% MG - 250g","p":2.51,"u":"10,04 €/KG","img":"https://fd9-photos.leclercdrive.fr/image.ashx?id=2956221&use=l&cat=p&typeid=i","cat":284379},{"id":7869,"n":"Yaourts aromatisés Délisse Citron - 4x125g","p":1.45,"u":"2,90 €/KG","img":"https://fd9-photos.leclercdrive.fr/image.ashx?id=2758704&use=l&cat=p&typeid=i","cat":286006},{"id":7881,"n":"Camembert Les Croisés 8 portions - 22% mg - 8x30g","p":2.19,"u":"9,13 €/KG","img":"https://fd9-photos.leclercdrive.fr/image.ashx?id=2974798&use=l&cat=p&typeid=i","cat":314033},{"id":7886,"n":"Diots fumés de Savoie NRT 4x90g","p":4.22,"u":"11,72 €/KG","img":"https://fd9-photos.leclercdrive.fr/image.ashx?id=2991467&use=l&cat=p&typeid=i","cat":316012},{"id":7891,"n":"Rillettes du Mans NRT Label rouge - 110g","p":1.62,"u":"14,73 €/KG","img":"https://fd9-photos.leclercdrive.fr/image.ashx?id=2084862&use=l&cat=p&typeid=i","cat":316008},{"id":7972,"n":"Beurre Moulé Paysan Breton Doux - 82%MG - 250g","p":3.14,"u":"12,56 €/KG","img":"https://fd9-photos.leclercdrive.fr/image.ashx?id=2946943&use=l&cat=p&typeid=i","cat":284379},{"id":7975,"n":"Fromage Tartiflette Ermitage 50%mg - 250g","p":3.33,"u":"13,32 €/KG","img":"https://fd9-photos.leclercdrive.fr/image.ashx?id=2998955&use=l&cat=p&typeid=i","cat":314037},{"id":7993,"n":"Beurre d'escargot Rustica Ail et persil - 250g","p":3.49,"u":"13,96 €/KG","img":"https://fd9-photos.leclercdrive.fr/image.ashx?id=1915569&use=l&cat=p&typeid=i","cat":319775},{"id":7997,"n":"Mascarpone Galbani 250g","p":2.57,"u":"10,28 €/KG","img":"https://fd9-photos.leclercdrive.fr/image.ashx?id=3009173&use=l&cat=p&typeid=i","cat":314026},{"id":8003,"n":"Fromage Enfant Kiri Goûter 5 portions barquettes - 175g","p":2.23,"u":"12,74 €/KG","img":"https://fd9-photos.leclercdrive.fr/image.ashx?id=2972883&use=l&cat=p&typeid=i","cat":314030},{"id":8008,"n":"Pizza Cuite sur pierre Turini Fruits de Mer - 400g","p":3.15,"u":"7,88 €/KG","img":"https://fd9-photos.leclercdrive.fr/image.ashx?id=2815202&use=l&cat=p&typeid=i","cat":284256},{"id":8011,"n":"Crème glacée Menthe Eskiss Copeaux de Chocolat - 494g","p":2.79,"u":"5,65 €/KG","img":"https://fd9-photos.leclercdrive.fr/image.ashx?id=2982583&use=l&cat=p&typeid=i","cat":284263},{"id":8012,"n":"Friandises pour chien Lydog Biscuits fourrés Viande - 500g","p":1.29,"u":"2,58 €/KG","img":"https://fd9-photos.leclercdrive.fr/image.ashx?id=2191114&use=l&cat=p&typeid=i","cat":294527},{"id":8013,"n":"Friandises pour chien Lydog Biscuits croquants - 500g","p":1.29,"u":"2,58 €/KG","img":"https://fd9-photos.leclercdrive.fr/image.ashx?id=1954353&use=l&cat=p&typeid=i","cat":294527},{"id":8017,"n":"Pâtes Penne Regate Turini 500g","p":0.6,"u":"1,20 €/KG","img":"https://fd9-photos.leclercdrive.fr/image.ashx?id=2980776&use=l&cat=p&typeid=i","cat":284427},{"id":8023,"n":"Paëla Royale Côté Table 400g","p":2.85,"u":"7,13 €/KG","img":"https://fd9-photos.leclercdrive.fr/image.ashx?id=2499355&use=l&cat=p&typeid=i","cat":333665},{"id":8024,"n":"Barquette chiens Lydog 3 saveurs - 3x300g","p":3.78,"u":"4,20 €/KG","img":"https://fd9-photos.leclercdrive.fr/image.ashx?id=2050639&use=l&cat=p&typeid=i","cat":284673},{"id":8025,"n":"Barquette chiens Lydog 3 saveurs - 3x300g","p":3.79,"u":"4,21 €/KG","img":"https://fd9-photos.leclercdrive.fr/image.ashx?id=2050642&use=l&cat=p&typeid=i","cat":284673},{"id":8026,"n":"Soupe Velouté Régal Soupe Poireaux Pommes de terre 2x30cl","p":1.07,"u":"1,78 €/L","img":"https://fd9-photos.leclercdrive.fr/image.ashx?id=2607440&use=l&cat=p&typeid=i","cat":284462},{"id":8027,"n":"Soupe Velouté Régal Soupe 10 légumes - 2x30cl","p":1.19,"u":"1,98 €/L","img":"https://fd9-photos.leclercdrive.fr/image.ashx?id=2607443&use=l&cat=p&typeid=i","cat":284462},{"id":8029,"n":"Barquettes chats Tous mes amis Menus saveurs - 4x100g","p":2.29,"u":"5,73 €/KG","img":"https://fd9-photos.leclercdrive.fr/image.ashx?id=2042445&use=l&cat=p&typeid=i","cat":285286},{"id":8058,"n":"Lait Ambre Solaire Garnier FPS30 - 200ml","p":11.94,"u":"59,70 €/L","img":"https://fd9-photos.leclercdrive.fr/image.ashx?id=2110266&use=l&cat=p&typeid=i","cat":325355},{"id":8120,"n":"Cassoulet Saucisse de Toulouse Côté Table - 840g","p":3.63,"u":"4,32 €/KG","img":"https://fd9-photos.leclercdrive.fr/image.ashx?id=2977129&use=l&cat=p&typeid=i","cat":284440},{"id":8121,"n":"Glace Cône Mini Smicy Vanille Chocolat x10 - 175g","p":2.49,"u":"14,23 €/KG","img":"https://fd9-photos.leclercdrive.fr/image.ashx?id=2698168&use=l&cat=p&typeid=i","cat":285250},{"id":8125,"n":"Spaghetti Frais Turini 350g","p":1.49,"u":"4,26 €/KG","img":"https://fd9-photos.leclercdrive.fr/image.ashx?id=2840470&use=l&cat=p&typeid=i","cat":333682},{"id":8136,"n":"Biscuits raisin GERBLE  - 4x5, 360g","p":1.57,"u":"4,36 €/KG","img":"https://fd9-photos.leclercdrive.fr/image.ashx?id=2578726&use=l&cat=p&typeid=i","cat":318651},{"id":8178,"n":"Infusion Tisea Douce soirée 25 sachets","p":0.99,"u":"28,29 €/KG","img":"https://fd9-photos.leclercdrive.fr/image.ashx?id=2553902&use=l&cat=p&typeid=i","cat":293234},{"id":8182,"n":"Mini Feuilletés Côté Table Saucisse x20 - 350g","p":4.19,"u":"11,97 €/KG","img":"https://fd9-photos.leclercdrive.fr/image.ashx?id=2622016&use=l&cat=p&typeid=i","cat":319774},{"id":8191,"n":"Colin d'Alaska Pêche Océan À la Florentine - MSC - 400g","p":3.49,"u":"8,73 €/KG","img":"https://fd9-photos.leclercdrive.fr/image.ashx?id=2930108&use=l&cat=p&typeid=i","cat":319786},{"id":8210,"n":"Barquettes chats Tous mes amis Mousselines 4 variétés - 12x85g","p":4.79,"u":"4,70 €/KG","img":"https://fd9-photos.leclercdrive.fr/image.ashx?id=2860727&use=l&cat=p&typeid=i","cat":285286},{"id":8217,"n":"Filet de Merlu Pêche Océan 4 à 5 pièces 450g","p":6.52,"u":"14,49 €/KG","img":"https://fd9-photos.leclercdrive.fr/image.ashx?id=2553905&use=l&cat=p&typeid=i","cat":319788},{"id":8324,"n":"Tomates séchées Florelli 270g","p":3.28,"u":"12,15 €/KG","img":"https://fd9-photos.leclercdrive.fr/image.ashx?id=2633094&use=l&cat=p&typeid=i","cat":289010},{"id":8329,"n":"Crème de vinaigre de Modène Toscoro - 250ml","p":3.69,"u":"14,76 €/L","img":"https://fd9-photos.leclercdrive.fr/image.ashx?id=2767401&use=l&cat=p&typeid=i","cat":289010},{"id":8335,"n":"Sauce pâtes artichaut Florelli Tomate mascarpone - 190g","p":2.33,"u":"12,26 €/KG","img":"https://fd9-photos.leclercdrive.fr/image.ashx?id=3011668&use=l&cat=p&typeid=i","cat":289010},{"id":8337,"n":"Tapenade d'Olives noires  Les Tartinables Florelli 190g","p":2.37,"u":"12,47 €/KG","img":"https://fd9-photos.leclercdrive.fr/image.ashx?id=2884690&use=l&cat=p&typeid=i","cat":289010},{"id":8375,"n":"Sauce Déshydratée KNORR Aux Trois Poivres - 32g","p":0.72,"u":"25,71 €/KG","img":"https://fd9-photos.leclercdrive.fr/image.ashx?id=2875933&use=l&cat=p&typeid=i","cat":288381},{"id":8382,"n":"Pâtes spaghetti plat Panzani 500g","p":1.02,"u":"2,04 €/KG","img":"https://fd9-photos.leclercdrive.fr/image.ashx?id=2876041&use=l&cat=p&typeid=i","cat":284427},{"id":8383,"n":"Pâtes Coquillettes Panzani 3 Minutes - 500G","p":1.18,"u":"2,36 €/KG","img":"https://fd9-photos.leclercdrive.fr/image.ashx?id=2867945&use=l&cat=p&typeid=i","cat":284427},{"id":8392,"n":"Torti Weight Watchers St Jacques - 300g","p":4.01,"u":"13,37 €/KG","img":"https://fd9-photos.leclercdrive.fr/image.ashx?id=2610861&use=l&cat=p&typeid=i","cat":333665},{"id":8397,"n":"Madeleine Bonne Maman Pur beurre tradition 300g","p":2.7,"u":"9,00 €/KG","img":"https://fd9-photos.leclercdrive.fr/image.ashx?id=2936137&use=l&cat=p&typeid=i","cat":284492},{"id":8413,"n":"Biscuits Crackers Tokapi  Nature - 3x100g","p":1.38,"u":"4,60 €/KG","img":"https://fd9-photos.leclercdrive.fr/image.ashx?id=2660550&use=l&cat=p&typeid=i","cat":297000},{"id":8414,"n":"Chocolat au lait Equador Doux et fondant - 100g","p":1.65,"u":"16,50 €/KG","img":"https://fd9-photos.leclercdrive.fr/image.ashx?id=2758344&use=l&cat=p&typeid=i","cat":284497},{"id":8415,"n":"Pâtes coquillettes Turini Les 3 min - 500g","p":0.72,"u":"1,44 €/KG","img":"https://fd9-photos.leclercdrive.fr/image.ashx?id=2607461&use=l&cat=p&typeid=i","cat":284427},{"id":8416,"n":"Parmentier poisson Côté Table 300g","p":2.35,"u":"7,83 €/KG","img":"https://fd9-photos.leclercdrive.fr/image.ashx?id=2970729&use=l&cat=p&typeid=i","cat":333665},{"id":8419,"n":"Biscuits Crackers Tokapi Emmental - 100g","p":0.68,"u":"6,80 €/KG","img":"https://fd9-photos.leclercdrive.fr/image.ashx?id=2351226&use=l&cat=p&typeid=i","cat":297000},{"id":8420,"n":"Chocolat blanc Tablette D'Or Noix de coco - 200g","p":2.69,"u":"13,45 €/KG","img":"https://fd9-photos.leclercdrive.fr/image.ashx?id=2753472&use=l&cat=p&typeid=i","cat":284957},{"id":8432,"n":"Biscuit Roudor St Michel 2x150g","p":2.59,"u":"8,63 €/KG","img":"https://fd9-photos.leclercdrive.fr/image.ashx?id=2935690&use=l&cat=p&typeid=i","cat":284487},{"id":8433,"n":"Pâtes Coquillettes Panzani Prêt en 3 min - 1kg","p":2.21,"u":"2,21 €/KG","img":"https://fd9-photos.leclercdrive.fr/image.ashx?id=2896093&use=l&cat=p&typeid=i","cat":284427},{"id":8471,"n":"Lait en poudre Délisse Ecrémé - 750g","p":4.99,"u":"6,65 €/KG","img":"https://fd9-photos.leclercdrive.fr/image.ashx?id=2590698&use=l&cat=p&typeid=i","cat":299162},{"id":8474,"n":"Terrines Tous Mes Amis Les délices de la mer - 3x400g","p":3.69,"u":"3,08 €/KG","img":"https://fd9-photos.leclercdrive.fr/image.ashx?id=1671547&use=l&cat=p&typeid=i","cat":285601},{"id":8475,"n":"Serviette hygiénique Doulys Maxi confort - Normal - x18","p":0.99,"u":"0,06 €/P","img":"https://fd9-photos.leclercdrive.fr/image.ashx?id=2838909&use=l&cat=p&typeid=i","cat":284624},{"id":8476,"n":"AOP Côtes de Provence vin rosé Terres Ocrées - BIB 3L","p":16.99,"u":"5,66 €/L","img":"https://fd9-photos.leclercdrive.fr/image.ashx?id=2923393&use=l&cat=p&typeid=i","cat":289558},{"id":8484,"n":"AOC Côtes de Bourg vin rouge Chantet Blanet - BIB 3L","p":12.49,"u":"4,16 €/L","img":"https://fd9-photos.leclercdrive.fr/image.ashx?id=2928219&use=l&cat=p&typeid=i","cat":289560},{"id":8494,"n":"Biscuits déli matin P'tit Déli Chocolat/pépites - 600g","p":3.18,"u":"5,30 €/KG","img":"https://fd9-photos.leclercdrive.fr/image.ashx?id=2999496&use=l&cat=p&typeid=i","cat":284491},{"id":8504,"n":"Biscottes bio Bio Village Complètes x36 - 300g","p":2.2,"u":"7,33 €/KG","img":"https://fd9-photos.leclercdrive.fr/image.ashx?id=2590460&use=l&cat=p&typeid=i","cat":284479},{"id":8515,"n":"Bâtonnets Dentastix Pedigree Moyen chien x28 - 720g","p":7.07,"u":"9,82 €/KG","img":"https://fd9-photos.leclercdrive.fr/image.ashx?id=2980094&use=l&cat=p&typeid=i","cat":294527},{"id":8528,"n":"Sel fin La Baleine Iodé et fluoré - 750g","p":0.77,"u":"1,03 €/KG","img":"https://fd9-photos.leclercdrive.fr/image.ashx?id=2790612&use=l&cat=p&typeid=i","cat":284457},{"id":8533,"n":"Flageolets verts Notre Jardin Extra Fins - 420g","p":1.72,"u":"4,10 €/KG","img":"https://fd9-photos.leclercdrive.fr/image.ashx?id=2371536&use=l&cat=p&typeid=i","cat":312606},{"id":8535,"n":"Olives noires Rustica Entières - 225g","p":0.99,"u":"4,40 €/KG","img":"https://fd9-photos.leclercdrive.fr/image.ashx?id=2499076&use=l&cat=p&typeid=i","cat":284458},{"id":8536,"n":"Savon mains en crème Manava Perles d'oranger - 300ml","p":1.25,"u":"4,17 €/L","img":"https://fd9-photos.leclercdrive.fr/image.ashx?id=2935480&use=l&cat=p&typeid=i","cat":284597},{"id":8539,"n":"Nectar Jafaden Pêche - 1L","p":1.99,"u":"1,99 €/L","img":"https://fd9-photos.leclercdrive.fr/image.ashx?id=2919607&use=l&cat=p&typeid=i","cat":284915},{"id":8540,"n":"Nectar Jafaden Fraise - 1L","p":2.63,"u":"2,63 €/L","img":"https://fd9-photos.leclercdrive.fr/image.ashx?id=2895768&use=l&cat=p&typeid=i","cat":284915},{"id":8541,"n":"Nectar Jafaden Mangue - 1L","p":2.15,"u":"2,15 €/L","img":"https://fd9-photos.leclercdrive.fr/image.ashx?id=2955710&use=l&cat=p&typeid=i","cat":284916},{"id":8553,"n":"Sauce Barbecue AMORA 490g","p":1.93,"u":"3,94 €/KG","img":"https://fd9-photos.leclercdrive.fr/image.ashx?id=2877298&use=l&cat=p&typeid=i","cat":318431},{"id":8559,"n":"Biscuits Bjorg Fourrés Chocolat noir bio 225g","p":2.91,"u":"12,93 €/KG","img":"https://fd9-photos.leclercdrive.fr/image.ashx?id=2970912&use=l&cat=p&typeid=i","cat":284488},{"id":8564,"n":"Pâtes Barilla  Linguine - 500g","p":1.07,"u":"2,14 €/KG","img":"https://fd9-photos.leclercdrive.fr/image.ashx?id=3004444&use=l&cat=p&typeid=i","cat":284427},{"id":8566,"n":"Chocolat noir Bio Village Bio -Dégustation 74% cacao 100g","p":1.59,"u":"15,90 €/KG","img":"https://fd9-photos.leclercdrive.fr/image.ashx?id=2045623&use=l&cat=p&typeid=i","cat":284956},{"id":8572,"n":"Tablette chocolat Côte d'Or Chocolat au lait - 200g","p":3.06,"u":"15,30 €/KG","img":"https://fd9-photos.leclercdrive.fr/image.ashx?id=2944362&use=l&cat=p&typeid=i","cat":284497},{"id":8603,"n":"Cocktail Punch Old Nick Planteur 16%vol - 70cl","p":5.55,"u":"7,93 €/L","img":"https://fd9-photos.leclercdrive.fr/image.ashx?id=2999207&use=l&cat=p&typeid=i","cat":284551},{"id":8605,"n":"Liqueur Cointreau 40%vol. - 70cl","p":18.81,"u":"26,87 €/L","img":"https://fd9-photos.leclercdrive.fr/image.ashx?id=2998904&use=l&cat=p&typeid=i","cat":286032},{"id":8640,"n":"Croque Baby Fromage Cité Marine MSC - 200g","p":2.5,"u":"12,50 €/KG","img":"https://fd9-photos.leclercdrive.fr/image.ashx?id=2844145&use=l&cat=p&typeid=i","cat":284344},{"id":8643,"n":"Amandes en poudre Tablier Blanc 125g","p":1.6,"u":"12,80 €/KG","img":"https://fd9-photos.leclercdrive.fr/image.ashx?id=2460577&use=l&cat=p&typeid=i","cat":284504},{"id":8645,"n":"Pepites de chocolat Tablier Blanc - 100g","p":1.43,"u":"14,30 €/KG","img":"https://fd9-photos.leclercdrive.fr/image.ashx?id=2723138&use=l&cat=p&typeid=i","cat":284504},{"id":8646,"n":"Noix de Coco Râpée  Tablier Blanc - 125g","p":1.41,"u":"11,28 €/KG","img":"https://fd9-photos.leclercdrive.fr/image.ashx?id=2460583&use=l&cat=p&typeid=i","cat":284504},{"id":8647,"n":"Gélatine alimentaire Tablier 9 feuilles - 17g","p":1.07,"u":"62,94 €/KG","img":"https://fd9-photos.leclercdrive.fr/image.ashx?id=2487446&use=l&cat=p&typeid=i","cat":284504},{"id":8648,"n":"Amandes effilées Tablier Blanc 125g","p":1.9,"u":"15,20 €/KG","img":"https://fd9-photos.leclercdrive.fr/image.ashx?id=2460586&use=l&cat=p&typeid=i","cat":284504},{"id":8649,"n":"Raisins Secs Tablier Blanc 250g","p":1.98,"u":"7,92 €/KG","img":"https://fd9-photos.leclercdrive.fr/image.ashx?id=2460589&use=l&cat=p&typeid=i","cat":284504},{"id":8650,"n":"Arôme fleur d'Oranger Tablier Blanc - 200ml","p":1.24,"u":"6,20 €/L","img":"https://fd9-photos.leclercdrive.fr/image.ashx?id=2487449&use=l&cat=p&typeid=i","cat":284504},{"id":8672,"n":"Nappage Tablier Blanc Caramel - 210g","p":1.25,"u":"5,95 €/KG","img":"https://fd9-photos.leclercdrive.fr/image.ashx?id=2487455&use=l&cat=p&typeid=i","cat":284504},{"id":8673,"n":"Fromage Le Pavé Les Croisés Lait pasteurisé 22% MG - 220g","p":2.36,"u":"10,73 €/KG","img":"https://fd9-photos.leclercdrive.fr/image.ashx?id=2775887&use=l&cat=p&typeid=i","cat":314033},{"id":8674,"n":"Sucre Tablier Blanc Spécial confiture - 1kg","p":1.92,"u":"1,92 €/KG","img":"https://fd9-photos.leclercdrive.fr/image.ashx?id=3010416&use=l&cat=p&typeid=i","cat":284502},{"id":8675,"n":"Sucre Tablier Blanc 100 dosettes - 500g","p":2.31,"u":"4,62 €/KG","img":"https://fd9-photos.leclercdrive.fr/image.ashx?id=3010419&use=l&cat=p&typeid=i","cat":284502},{"id":8678,"n":"Muscat NRT Baume De Venise-15,5%vol - 75cl","p":9.99,"u":"13,32 €/L","img":"https://fd9-photos.leclercdrive.fr/image.ashx?id=2764152&use=l&cat=p&typeid=i","cat":284913},{"id":8679,"n":"Truite fumée d'Aquitaine NRT x4 - 120g","p":5.26,"u":"43,83 €/KG","img":"https://fd9-photos.leclercdrive.fr/image.ashx?id=2663836&use=l&cat=p&typeid=i","cat":285188},{"id":8682,"n":"Quenelles nature NRT - 4x80g","p":3.0,"u":"9,38 €/KG","img":"https://fd9-photos.leclercdrive.fr/image.ashx?id=2858051&use=l&cat=p&typeid=i","cat":333682},{"id":8683,"n":"Saucisson sec d'Ardèche IGP NRT - 280g","p":5.0,"u":"17,86 €/KG","img":"https://fd9-photos.leclercdrive.fr/image.ashx?id=2753502&use=l&cat=p&typeid=i","cat":316006},{"id":8684,"n":"Saucisse sèche d'Ardèche IGP Nos Régions ont du Talent 250g","p":5.19,"u":"20,76 €/KG","img":"https://fd9-photos.leclercdrive.fr/image.ashx?id=2753505&use=l&cat=p&typeid=i","cat":316006},{"id":8687,"n":"Fromage Emmental râpé NRT IGP Est-Central - 200g","p":3.49,"u":"17,45 €/KG","img":"https://fd9-photos.leclercdrive.fr/image.ashx?id=2771067&use=l&cat=p&typeid=i","cat":314035},{"id":8698,"n":"Assiette soir bébé bio Babybio Légumes riz - 12 mois - 230g","p":2.23,"u":"9,70 €/KG","img":"https://fd9-photos.leclercdrive.fr/image.ashx?id=2859356&use=l&cat=p&typeid=i","cat":312239},{"id":8734,"n":"AOC Champagne brut blanc  Premier cru Pol Carson - 75cl","p":22.99,"u":"30,65 €/L","img":"https://fd9-photos.leclercdrive.fr/image.ashx?id=2984649&use=l&cat=p&typeid=i","cat":284542},{"id":8746,"n":"Sauce Beurre blanc Gastromer 200g","p":1.37,"u":"6,85 €/KG","img":"https://fd9-photos.leclercdrive.fr/image.ashx?id=2504653&use=l&cat=p&typeid=i","cat":284382},{"id":8748,"n":"Lait vitaminé Viva Candia  1% MG - 6x50cl","p":5.98,"u":"1,99 €/L","img":"https://fd9-photos.leclercdrive.fr/image.ashx?id=2891508&use=l&cat=p&typeid=i","cat":317169},{"id":8784,"n":"Plat bébé Blédina 8 mois  Riz carotte jambon - 2x200g","p":2.84,"u":"7,10 €/KG","img":"https://fd9-photos.leclercdrive.fr/image.ashx?id=2975065&use=l&cat=p&typeid=i","cat":312236},{"id":8796,"n":"Saucisse fine de Lyon NRT 120g","p":1.85,"u":"15,42 €/KG","img":"https://fd9-photos.leclercdrive.fr/image.ashx?id=2743870&use=l&cat=p&typeid=i","cat":316012},{"id":8809,"n":"Galettes Bretonnes P'tit Déli Pur beurre 2x125g","p":1.45,"u":"5,80 €/KG","img":"https://fd9-photos.leclercdrive.fr/image.ashx?id=2847961&use=l&cat=p&typeid=i","cat":284487},{"id":8846,"n":"Jardinière Notre Jardin  De 3 légumes - 420g","p":3.45,"u":"8,21 €/KG","img":"https://fd9-photos.leclercdrive.fr/image.ashx?id=2190005&use=l&cat=p&typeid=i","cat":312607},{"id":8853,"n":"Cappuccino soluble Plantation Chocolat - x8 - 144g","p":2.49,"u":"17,29 €/KG","img":"https://fd9-photos.leclercdrive.fr/image.ashx?id=2460574&use=l&cat=p&typeid=i","cat":284843},{"id":8854,"n":"Café soluble Plantation  Qualité décaféiné - 200g","p":6.55,"u":"32,75 €/KG","img":"https://fd9-photos.leclercdrive.fr/image.ashx?id=2834275&use=l&cat=p&typeid=i","cat":284843},{"id":8855,"n":"Sauce Champignons Turini 420g","p":1.15,"u":"2,74 €/KG","img":"https://fd9-photos.leclercdrive.fr/image.ashx?id=2494189&use=l&cat=p&typeid=i","cat":287599},{"id":8857,"n":"Café soluble Plantation Qualité filtre - x25 - 50g","p":2.09,"u":"41,80 €/KG","img":"https://fd9-photos.leclercdrive.fr/image.ashx?id=2834278&use=l&cat=p&typeid=i","cat":284843},{"id":8858,"n":"Café Soluble Plantation Décaféiné - x25 - 50g","p":2.28,"u":"45,60 €/KG","img":"https://fd9-photos.leclercdrive.fr/image.ashx?id=2834281&use=l&cat=p&typeid=i","cat":284843},{"id":8859,"n":"Café soluble Plantation Chicorée - 100g","p":2.35,"u":"23,50 €/KG","img":"https://fd9-photos.leclercdrive.fr/image.ashx?id=2635904&use=l&cat=p&typeid=i","cat":284843},{"id":8861,"n":"Café soluble Plantation Expresso - x25 - 45g","p":2.29,"u":"50,89 €/KG","img":"https://fd9-photos.leclercdrive.fr/image.ashx?id=2834287&use=l&cat=p&typeid=i","cat":284843},{"id":8865,"n":"Toasts Brioches Epi D'Or x13 - 125g","p":0.94,"u":"7,52 €/KG","img":"https://fd9-photos.leclercdrive.fr/image.ashx?id=2896018&use=l&cat=p&typeid=i","cat":284479},{"id":8869,"n":"Riz complet Comptoir du Grain 10min - 500g","p":1.49,"u":"2,98 €/KG","img":"https://fd9-photos.leclercdrive.fr/image.ashx?id=2909386&use=l&cat=p&typeid=i","cat":284428},{"id":8870,"n":"Dés fromage Herbes de Provence Poivrons Les Croisés - 300g","p":2.11,"u":"7,03 €/KG","img":"https://fd9-photos.leclercdrive.fr/image.ashx?id=776166&use=l&cat=p&typeid=i","cat":314027},{"id":8879,"n":"Coq au Vin de Bergerac NRT 750g","p":4.99,"u":"6,65 €/KG","img":"https://fd9-photos.leclercdrive.fr/image.ashx?id=2723219&use=l&cat=p&typeid=i","cat":284441},{"id":8891,"n":"Soda Jean's Cola Bouteille - 6x1,5L","p":6.64,"u":"0,74 €/L","img":"https://fd9-photos.leclercdrive.fr/image.ashx?id=2637862&use=l&cat=p&typeid=i","cat":284530},{"id":8910,"n":"Jus 3 agrumes Jafaden Pur jus - 1L","p":2.42,"u":"2,42 €/L","img":"https://fd9-photos.leclercdrive.fr/image.ashx?id=2956047&use=l&cat=p&typeid=i","cat":284917},{"id":8912,"n":"Préparation fraises NRT Sud-Ouest - 315g","p":2.64,"u":"8,38 €/KG","img":"https://fd9-photos.leclercdrive.fr/image.ashx?id=2590472&use=l&cat=p&typeid=i","cat":284480},{"id":8963,"n":"Fromage à tartiner Madame Loïk Fouetté Ech. Ciboulette - 150g","p":1.74,"u":"11,60 €/KG","img":"https://fd9-photos.leclercdrive.fr/image.ashx?id=2986356&use=l&cat=p&typeid=i","cat":314029},{"id":8966,"n":"Biscuits chien Pedigree Biscrok - 500g","p":1.59,"u":"3,18 €/KG","img":"https://fd9-photos.leclercdrive.fr/image.ashx?id=2983456&use=l&cat=p&typeid=i","cat":294527},{"id":8968,"n":"Chocolat poudre Banania 400g","p":2.54,"u":"6,35 €/KG","img":"https://fd9-photos.leclercdrive.fr/image.ashx?id=2225276&use=l&cat=p&typeid=i","cat":293235},{"id":8970,"n":"Riz long blanc de Camargue NRT 500g","p":1.59,"u":"3,18 €/KG","img":"https://fd9-photos.leclercdrive.fr/image.ashx?id=2663803&use=l&cat=p&typeid=i","cat":284428},{"id":8972,"n":"Levure boulangère Tablier Blanc x6 - 30g","p":0.69,"u":"23,00 €/KG","img":"https://fd9-photos.leclercdrive.fr/image.ashx?id=2867904&use=l&cat=p&typeid=i","cat":294686},{"id":8977,"n":"Cacahuètes  Benenuts Grillées à sec - 200g","p":1.57,"u":"7,85 €/KG","img":"https://fd9-photos.leclercdrive.fr/image.ashx?id=2389616&use=l&cat=p&typeid=i","cat":284448},{"id":8987,"n":"Pâté Hénaff 156g","p":2.36,"u":"15,13 €/KG","img":"https://fd9-photos.leclercdrive.fr/image.ashx?id=2298361&use=l&cat=p&typeid=i","cat":305149},{"id":9035,"n":"Scotch Whisky Label 5 40%vol - 1L","p":17.66,"u":"17,66 €/L","img":"https://fd9-photos.leclercdrive.fr/image.ashx?id=2519714&use=l&cat=p&typeid=i","cat":284547},{"id":9065,"n":"Fromage tartiflette Ermitage 27%mg - 500g","p":6.09,"u":"12,18 €/KG","img":"https://fd9-photos.leclercdrive.fr/image.ashx?id=2966011&use=l&cat=p&typeid=i","cat":314037},{"id":9080,"n":"Fromage à Tartiner St Môret  Nature 9 Portions - 180g","p":2.2,"u":"12,22 €/KG","img":"https://fd9-photos.leclercdrive.fr/image.ashx?id=2763319&use=l&cat=p&typeid=i","cat":314029},{"id":9091,"n":"Sandwich XXL Daunat Poulet rôti - 230g","p":2.06,"u":"8,96 €/KG","img":"https://fd9-photos.leclercdrive.fr/image.ashx?id=2894260&use=l&cat=p&typeid=i","cat":333658},{"id":9105,"n":"Pate Brisée Eco+ A dérouler - 230g","p":0.53,"u":"2,30 €/KG","img":"https://fd9-photos.leclercdrive.fr/image.ashx?id=2249411&use=l&cat=p&typeid=i","cat":333681},{"id":9110,"n":"Bûche de chèvre allégée Soignon Lait pasteurisé 29%mg - 180g","p":2.26,"u":"12,56 €/KG","img":"https://fd9-photos.leclercdrive.fr/image.ashx?id=2886987&use=l&cat=p&typeid=i","cat":314031},{"id":9123,"n":"Café soluble Plantation Café Au Lait Chicorée - 400g","p":3.59,"u":"8,98 €/KG","img":"https://fd9-photos.leclercdrive.fr/image.ashx?id=2834232&use=l&cat=p&typeid=i","cat":284843},{"id":9124,"n":"Croquettes chiens Lydog Senior - 3kg","p":5.18,"u":"1,73 €/KG","img":"https://fd9-photos.leclercdrive.fr/image.ashx?id=2047025&use=l&cat=p&typeid=i","cat":284672},{"id":9130,"n":"Mouchoirs blancs 2 plis Caresse Boîte mouchoirs en papier -x110","p":1.33,"u":"0,01 €/P","img":"https://fd9-photos.leclercdrive.fr/image.ashx?id=2390416&use=l&cat=p&typeid=i","cat":284638},{"id":9131,"n":"Gel douche et shampooing Carré Homme Tonifiante - 250ml","p":1.27,"u":"5,08 €/L","img":"https://fd9-photos.leclercdrive.fr/image.ashx?id=2927848&use=l&cat=p&typeid=i","cat":284619},{"id":9138,"n":"Café soluble Plantation Chicorée - 250g","p":2.98,"u":"11,92 €/KG","img":"https://fd9-photos.leclercdrive.fr/image.ashx?id=2556379&use=l&cat=p&typeid=i","cat":284843},{"id":9144,"n":"Vinaigre de Vin blanc Rustica Aromatisé à la noix - 50cl","p":1.64,"u":"3,28 €/L","img":"https://fd9-photos.leclercdrive.fr/image.ashx?id=1670491&use=l&cat=p&typeid=i","cat":298543},{"id":9150,"n":"Soupe Velouté Régal Soupe Potiron - 2x30cl","p":1.76,"u":"2,93 €/L","img":"https://fd9-photos.leclercdrive.fr/image.ashx?id=2607473&use=l&cat=p&typeid=i","cat":284462},{"id":9155,"n":"Moussaka Boeuf Côté Table 300g","p":3.24,"u":"10,80 €/KG","img":"https://fd9-photos.leclercdrive.fr/image.ashx?id=2607906&use=l&cat=p&typeid=i","cat":333665},{"id":9159,"n":"Sandwich  Côté Snack  Polaire Jambon Cheddar 135g","p":1.39,"u":"10,30 €/KG","img":"https://fd9-photos.leclercdrive.fr/image.ashx?id=2619710&use=l&cat=p&typeid=i","cat":333658},{"id":9161,"n":"Tarte aux poireaux Côté Table 2x130g","p":2.54,"u":"9,77 €/KG","img":"https://fd9-photos.leclercdrive.fr/image.ashx?id=2354707&use=l&cat=p&typeid=i","cat":333680},{"id":9162,"n":"Croquettes chat Plénima Premium Chatons - 450g","p":2.24,"u":"4,98 €/KG","img":"https://fd9-photos.leclercdrive.fr/image.ashx?id=1943364&use=l&cat=p&typeid=i","cat":284680},{"id":9164,"n":"Crevettes natures Pêche Océan 125g","p":3.99,"u":"31,92 €/KG","img":"https://fd9-photos.leclercdrive.fr/image.ashx?id=3015242&use=l&cat=p&typeid=i","cat":284343},{"id":9167,"n":"Fromage Edam Mimolette Les Croisés dés 150g","p":1.85,"u":"12,33 €/KG","img":"https://fd9-photos.leclercdrive.fr/image.ashx?id=2365472&use=l&cat=p&typeid=i","cat":314027},{"id":9170,"n":"Spaetzles d'Alsace NRT 250g","p":1.39,"u":"5,56 €/KG","img":"https://fd9-photos.leclercdrive.fr/image.ashx?id=2839962&use=l&cat=p&typeid=i","cat":284427},{"id":9171,"n":"Sablés aux Pommes NRT - 150g","p":1.99,"u":"13,27 €/KG","img":"https://fd9-photos.leclercdrive.fr/image.ashx?id=2856615&use=l&cat=p&typeid=i","cat":284487},{"id":9172,"n":"Cassoulet de Castelnaudary Nos Régions ont du Talent 1680g","p":9.96,"u":"5,93 €/KG","img":"https://fd9-photos.leclercdrive.fr/image.ashx?id=2791401&use=l&cat=p&typeid=i","cat":284440},{"id":9173,"n":"Ravioles Label Rouge NRT Dauphiné - 240g","p":2.99,"u":"12,46 €/KG","img":"https://fd9-photos.leclercdrive.fr/image.ashx?id=2704894&use=l&cat=p&typeid=i","cat":333682},{"id":9181,"n":"Chinois La Fournée Dorée Crème pâtissière - 600g","p":2.83,"u":"4,72 €/KG","img":"https://fd9-photos.leclercdrive.fr/image.ashx?id=2342090&use=l&cat=p&typeid=i","cat":293600},{"id":9183,"n":"Boules soufflées Tokapi Tomate - 42g","p":0.57,"u":"13,57 €/KG","img":"https://fd9-photos.leclercdrive.fr/image.ashx?id=2898832&use=l&cat=p&typeid=i","cat":284449},{"id":9223,"n":"Pâtes Capellini Turini 500g","p":0.85,"u":"1,70 €/KG","img":"https://fd9-photos.leclercdrive.fr/image.ashx?id=2607482&use=l&cat=p&typeid=i","cat":284427},{"id":9240,"n":"Céréales Special K Kellogg's Chocolat au lait - 300g","p":2.55,"u":"8,50 €/KG","img":"https://fd9-photos.leclercdrive.fr/image.ashx?id=2667124&use=l&cat=p&typeid=i","cat":309512},{"id":9262,"n":"Matière grasse Rustica Tournesol -60%MG -Doux -500G","p":1.53,"u":"3,06 €/KG","img":"https://fd9-photos.leclercdrive.fr/image.ashx?id=1071108&use=l&cat=p&typeid=i","cat":315229},{"id":9265,"n":"Pêche poire ananas  Douceur du verger - 4x70g","p":2.59,"u":"9,25 €/KG","img":"https://fd9-photos.leclercdrive.fr/image.ashx?id=2349100&use=l&cat=p&typeid=i","cat":284507},{"id":9266,"n":"Ananas papaye mangue DDV Sirop léger - 4x70g","p":2.75,"u":"9,82 €/KG","img":"https://fd9-photos.leclercdrive.fr/image.ashx?id=2100775&use=l&cat=p&typeid=i","cat":284507},{"id":9276,"n":"Biscuits Sprits P'tit Déli Chocolat au lait - 150g","p":1.09,"u":"7,27 €/KG","img":"https://fd9-photos.leclercdrive.fr/image.ashx?id=2081053&use=l&cat=p&typeid=i","cat":284488},{"id":9560,"n":"Feutres de coloriage Bic  KIds - x12","p":2.2,"u":"0,18 €/P","img":"https://fd9-photos.leclercdrive.fr/image.ashx?id=2859338&use=l&cat=p&typeid=i","cat":284696},{"id":9574,"n":"Feutres de coloriage Bic Kids x24","p":3.84,"img":"https://fd9-photos.leclercdrive.fr/image.ashx?id=2623196&use=l&cat=p&typeid=i","cat":284696},{"id":9589,"n":"Pinceaux Esquisse Taille 6-10 et 14 - x3","p":0.99,"u":"0,33 €/P","img":"https://fd9-photos.leclercdrive.fr/image.ashx?id=1928716&use=l&cat=p&typeid=i","cat":334133},{"id":9593,"n":"AOP Côtes du Rhône vin rouge Combes Saint Sauveur 75cl","p":4.16,"u":"5,55 €/L","img":"https://fd9-photos.leclercdrive.fr/image.ashx?id=2755414&use=l&cat=p&typeid=i","cat":289556},{"id":9597,"n":"AOP Côtes de Provence rosé Jean Valestrel - 75cl","p":5.95,"u":"7,93 €/L","img":"https://fd9-photos.leclercdrive.fr/image.ashx?id=2236698&use=l&cat=p&typeid=i","cat":289558},{"id":9598,"n":"Nuggets Le Gaulois Extra croustillant x10 - 200g","p":2.16,"u":"10,80 €/KG","img":"https://fd9-photos.leclercdrive.fr/image.ashx?id=2645531&use=l&cat=p&typeid=i","cat":333684},{"id":9614,"n":"Compas mine Esquisse La pièce","p":1.49,"img":"https://fd9-photos.leclercdrive.fr/image.ashx?id=1678712&use=l&cat=p&typeid=i","cat":334133},{"id":9632,"n":"IGP Pays d'Oc rouge Les Ormes De Cambras 12.5% vol - 75cl","p":2.87,"u":"3,83 €/L","img":"https://fd9-photos.leclercdrive.fr/image.ashx?id=2445121&use=l&cat=p&typeid=i","cat":289556},{"id":9635,"n":"Rhum blanc Charrette 49%vol - 1L","p":15.99,"u":"15,99 €/L","img":"https://fd9-photos.leclercdrive.fr/image.ashx?id=1946417&use=l&cat=p&typeid=i","cat":284550},{"id":9641,"n":"Whisky Ballantine's Finest Blended Scotch 40% vol - 1L","p":20.99,"u":"20,99 €/L","img":"https://fd9-photos.leclercdrive.fr/image.ashx?id=2816964&use=l&cat=p&typeid=i","cat":284547},{"id":9676,"n":"Bâton de colle Uhu stic 2x8.2g","p":2.6,"u":"162,50 €/KG","img":"https://fd9-photos.leclercdrive.fr/image.ashx?id=2901058&use=l&cat=p&typeid=i","cat":334133},{"id":9689,"n":"Muffin complet Epi d'Or x4 - 250g","p":1.7,"u":"6,80 €/KG","img":"https://fd9-photos.leclercdrive.fr/image.ashx?id=2939058&use=l&cat=p&typeid=i","cat":284985},{"id":9690,"n":"Carré à Langer Mots d'Enfants Jetables x10","p":4.1,"u":"0,41 €/P","img":"https://fd9-photos.leclercdrive.fr/image.ashx?id=3014191&use=l&cat=p&typeid=i","cat":284737},{"id":9692,"n":"Chocolat au lait Equador Coeur Praliné - 150g","p":2.09,"u":"13,93 €/KG","img":"https://fd9-photos.leclercdrive.fr/image.ashx?id=2834293&use=l&cat=p&typeid=i","cat":284497},{"id":9700,"n":"Serviette incontinence Chorys Extra plus - x16","p":4.99,"u":"0,31 €/P","img":"https://fd9-photos.leclercdrive.fr/image.ashx?id=2691171&use=l&cat=p&typeid=i","cat":284628},{"id":9708,"n":"Crème aux oeufs Délisse Vanille - 4x100g","p":1.49,"u":"3,73 €/KG","img":"https://fd9-photos.leclercdrive.fr/image.ashx?id=1956631&use=l&cat=p&typeid=i","cat":284419},{"id":9709,"n":"Mini brownies P'tit Déli Chocolat pépites x8 - 240g","p":1.49,"u":"6,21 €/KG","img":"https://fd9-photos.leclercdrive.fr/image.ashx?id=2888938&use=l&cat=p&typeid=i","cat":294776},{"id":9894,"n":"Moutarde de Bourgogne IGP NRT 200g","p":1.5,"u":"7,50 €/KG","img":"https://fd9-photos.leclercdrive.fr/image.ashx?id=2644918&use=l&cat=p&typeid=i","cat":288850},{"id":9898,"n":"Culotte absorbante Chorys Taille L - x10","p":6.99,"u":"0,70 €/P","img":"https://fd9-photos.leclercdrive.fr/image.ashx?id=2623004&use=l&cat=p&typeid=i","cat":284628},{"id":9899,"n":"Culotte absorbante Chorys Taille M - Plus - x12","p":7.99,"u":"0,67 €/P","img":"https://fd9-photos.leclercdrive.fr/image.ashx?id=2623001&use=l&cat=p&typeid=i","cat":284628},{"id":9917,"n":"Whisky J&B Rare 40%vol - 1L","p":21.89,"u":"21,89 €/L","img":"https://fd9-photos.leclercdrive.fr/image.ashx?id=2497638&use=l&cat=p&typeid=i","cat":284547},{"id":9920,"n":"Riz rond blanc de Camargue NRT 500g","p":1.79,"u":"3,58 €/KG","img":"https://fd9-photos.leclercdrive.fr/image.ashx?id=2663839&use=l&cat=p&typeid=i","cat":284428},{"id":9933,"n":"Mouchoirs blancs 4 plis Caresse Mouchoirs papier - 24 étuis","p":2.51,"u":"0,10 €/P","img":"https://fd9-photos.leclercdrive.fr/image.ashx?id=2870017&use=l&cat=p&typeid=i","cat":284638},{"id":10069,"n":"Gâteaux moelleux Pépito  Pépites de chocolat - 150g","p":1.18,"u":"7,87 €/KG","img":"https://fd9-photos.leclercdrive.fr/image.ashx?id=2374396&use=l&cat=p&typeid=i","cat":284495},{"id":10072,"n":"Navettes NRT Fleur d'oranger - 400g","p":2.89,"u":"7,23 €/KG","img":"https://fd9-photos.leclercdrive.fr/image.ashx?id=2909410&use=l&cat=p&typeid=i","cat":284487},{"id":10073,"n":"Tablette chocolat Bio Village Bio Chocolat au lait - 100g","p":1.89,"u":"18,90 €/KG","img":"https://fd9-photos.leclercdrive.fr/image.ashx?id=2861899&use=l&cat=p&typeid=i","cat":284497},{"id":10074,"n":"Tablette de chocolat Equador Noir et menthe 100g","p":1.19,"u":"11,90 €/KG","img":"https://fd9-photos.leclercdrive.fr/image.ashx?id=2834296&use=l&cat=p&typeid=i","cat":284956},{"id":10076,"n":"Tablette chocolat Equador Noir framboise 100g","p":1.82,"u":"18,20 €/KG","img":"https://fd9-photos.leclercdrive.fr/image.ashx?id=2834290&use=l&cat=p&typeid=i","cat":284956},{"id":10086,"n":"Fondants Autour du Dessert Chocolat x2 - 180g","p":1.99,"u":"11,06 €/KG","img":"https://fd9-photos.leclercdrive.fr/image.ashx?id=2886540&use=l&cat=p&typeid=i","cat":284267},{"id":10091,"n":"Filets maquereaux Pêche Océan Tomate basilic - 169g","p":1.46,"u":"8,64 €/KG","img":"https://fd9-photos.leclercdrive.fr/image.ashx?id=2394657&use=l&cat=p&typeid=i","cat":303868},{"id":10092,"n":"Palets de légumes Notre Jardin Courgettes Carottes - x8 300g","p":1.74,"u":"5,80 €/KG","img":"https://fd9-photos.leclercdrive.fr/image.ashx?id=2878711&use=l&cat=p&typeid=i","cat":319802},{"id":10093,"n":"Palets légumes Notre Jardin Poireaux Carottes - x8 300g","p":1.74,"u":"5,80 €/KG","img":"https://fd9-photos.leclercdrive.fr/image.ashx?id=2878708&use=l&cat=p&typeid=i","cat":319802},{"id":10108,"n":"Croquants aux amandes NRT 300g","p":2.74,"u":"9,13 €/KG","img":"https://fd9-photos.leclercdrive.fr/image.ashx?id=2679795&use=l&cat=p&typeid=i","cat":284487},{"id":10114,"n":"Essuie-tout Uni Vert Compact Ecologique - x2","p":2.7,"u":"1,35 €/P","img":"https://fd9-photos.leclercdrive.fr/image.ashx?id=2571929&use=l&cat=p&typeid=i","cat":284635},{"id":10122,"n":"Mini gratins Côté Table Aux 3 légumes - x4 480g","p":3.12,"u":"6,50 €/KG","img":"https://fd9-photos.leclercdrive.fr/image.ashx?id=2074419&use=l&cat=p&typeid=i","cat":319802},{"id":10124,"n":"Bâtonnets poulet Pic'Express x18 400g","p":5.13,"u":"12,83 €/KG","img":"https://fd9-photos.leclercdrive.fr/image.ashx?id=2054954&use=l&cat=p&typeid=i","cat":319780},{"id":10125,"n":"Rösti Pom'Lisse 600g","p":1.39,"u":"2,32 €/KG","img":"https://fd9-photos.leclercdrive.fr/image.ashx?id=2958702&use=l&cat=p&typeid=i","cat":319792},{"id":10163,"n":"Palets légumes Notre Jardin Choux-fleurs Brocolis - x8 300g","p":1.74,"u":"5,80 €/KG","img":"https://fd9-photos.leclercdrive.fr/image.ashx?id=2878714&use=l&cat=p&typeid=i","cat":319802},{"id":10192,"n":"Olives Vertes Tramier  Dénoyautées 160g","p":1.96,"u":"12,25 €/KG","img":"https://fd9-photos.leclercdrive.fr/image.ashx?id=2363829&use=l&cat=p&typeid=i","cat":284458},{"id":10211,"n":"Pâtes Nouilles Turini 1kg","p":1.35,"u":"1,35 €/KG","img":"https://fd9-photos.leclercdrive.fr/image.ashx?id=2980761&use=l&cat=p&typeid=i","cat":284427},{"id":10212,"n":"Rubans anti-mouches Insectivor x4","p":0.85,"u":"0,21 €/P","img":"https://fd9-photos.leclercdrive.fr/image.ashx?id=2555077&use=l&cat=p&typeid=i","cat":298368},{"id":10215,"n":"Sauce Basquaise Rustica Aux 2 poivrons - 400g","p":1.29,"u":"3,23 €/KG","img":"https://fd9-photos.leclercdrive.fr/image.ashx?id=2887398&use=l&cat=p&typeid=i","cat":287599},{"id":10216,"n":"Sauce Aigre Douce Rustica Légumes croquants - 400g","p":1.28,"u":"3,20 €/KG","img":"https://fd9-photos.leclercdrive.fr/image.ashx?id=2887401&use=l&cat=p&typeid=i","cat":287599},{"id":10217,"n":"Sauce Curry Rustica Légumes et lait de coco - 400g","p":1.31,"u":"3,28 €/KG","img":"https://fd9-photos.leclercdrive.fr/image.ashx?id=2887404&use=l&cat=p&typeid=i","cat":287599},{"id":10220,"n":"Tampons Doulys Compact Normal - x20","p":2.24,"u":"0,11 €/P","img":"https://fd9-photos.leclercdrive.fr/image.ashx?id=2965464&use=l&cat=p&typeid=i","cat":284626},{"id":10227,"n":"Mini gratins Côté Table Dauphinois - x4 480g","p":2.99,"u":"6,23 €/KG","img":"https://fd9-photos.leclercdrive.fr/image.ashx?id=2627640&use=l&cat=p&typeid=i","cat":319802},{"id":10231,"n":"Confiture Douceur du verger Framboises - Allégée - 340g","p":1.24,"u":"3,65 €/KG","img":"https://fd9-photos.leclercdrive.fr/image.ashx?id=2965473&use=l&cat=p&typeid=i","cat":284480},{"id":10232,"n":"Confiture Douceur du Verger Allégée Pêche 340g","p":1.32,"u":"3,88 €/KG","img":"https://fd9-photos.leclercdrive.fr/image.ashx?id=2965476&use=l&cat=p&typeid=i","cat":284480},{"id":10244,"n":"Thon entier Pêche Océan Naturel - 280g","p":3.72,"u":"13,29 €/KG","img":"https://fd9-photos.leclercdrive.fr/image.ashx?id=2436314&use=l&cat=p&typeid=i","cat":303867},{"id":10324,"n":"Pommes de terre Bio Bio Village Vapeur et sautées  - 1.5kg","p":2.99,"u":"1,99 €/KG","img":"https://fd9-photos.leclercdrive.fr/image.ashx?id=2960535&use=l&cat=p&typeid=i","cat":284352},{"id":10344,"n":"Petit Beurre Pocket P'ti Déli 3x12 sachets 300g","p":1.68,"u":"5,60 €/KG","img":"https://fd9-photos.leclercdrive.fr/image.ashx?id=1965518&use=l&cat=p&typeid=i","cat":284487},{"id":10346,"n":"Vinaigrette allégée Rustica Balsamique huile d'olive - 50cl","p":2.49,"u":"4,98 €/L","img":"https://fd9-photos.leclercdrive.fr/image.ashx?id=1972913&use=l&cat=p&typeid=i","cat":284456},{"id":10348,"n":"Huile de noix Rustica 50cl","p":4.68,"u":"9,36 €/L","img":"https://fd9-photos.leclercdrive.fr/image.ashx?id=2523703&use=l&cat=p&typeid=i","cat":284453},{"id":10351,"n":"Sacs à couche Mots d'Enfant Parfumés - x50","p":1.6,"u":"0,03 €/P","img":"https://fd9-photos.leclercdrive.fr/image.ashx?id=1886564&use=l&cat=p&typeid=i","cat":284737},{"id":10382,"n":"Choucroute Royale Côté Table 400g","p":1.99,"u":"4,98 €/KG","img":"https://fd9-photos.leclercdrive.fr/image.ashx?id=2977147&use=l&cat=p&typeid=i","cat":284441},{"id":10397,"n":"Pâtes Grand'Mère Spaetzles - 500g","p":1.99,"u":"3,98 €/KG","img":"https://fd9-photos.leclercdrive.fr/image.ashx?id=2018865&use=l&cat=p&typeid=i","cat":284427},{"id":10398,"n":"Biscuit apéritif ancel Bretzels Maxi - 200g","p":0.83,"u":"4,15 €/KG","img":"https://fd9-photos.leclercdrive.fr/image.ashx?id=2991813&use=l&cat=p&typeid=i","cat":297000},{"id":10408,"n":"Boisson végétale Riz nature Bjorg Bio - 1L","p":2.01,"u":"2,01 €/L","img":"https://fd9-photos.leclercdrive.fr/image.ashx?id=2970915&use=l&cat=p&typeid=i","cat":316067},{"id":10417,"n":"AOP Fitou rouge Réserve Saint Esteve - 75cl","p":3.9,"u":"5,20 €/L","img":"https://fd9-photos.leclercdrive.fr/image.ashx?id=2407295&use=l&cat=p&typeid=i","cat":289556},{"id":10465,"n":"Adoucissant Hyperdou Pure caresse - 3x250ml","p":1.19,"u":"1,59 €/L","img":"https://fd9-photos.leclercdrive.fr/image.ashx?id=2809078&use=l&cat=p&typeid=i","cat":284650},{"id":10560,"n":"Porte mines Critérium Bic HB 2mm","p":4.99,"img":"https://fd9-photos.leclercdrive.fr/image.ashx?id=2356136&use=l&cat=p&typeid=i","cat":284696},{"id":10591,"n":"Spray vitrocéramique Clair 500ml","p":3.42,"u":"6,84 €/L","img":"https://fd9-photos.leclercdrive.fr/image.ashx?id=2860073&use=l&cat=p&typeid=i","cat":325363},{"id":10633,"n":"Poulet Label Rouge Blanc  IGP Volailles du Maine - 1,25kg","p":10.7,"u":"8,56 €/KG","img":"https://fd9-photos.leclercdrive.fr/image.ashx?id=2411758&use=l&cat=p&typeid=i","cat":284336},{"id":10637,"n":"Crème entière Délisse Fluide - 30% MG - 2x25cl","p":2.72,"u":"5,44 €/L","img":"https://fd9-photos.leclercdrive.fr/image.ashx?id=3002560&use=l&cat=p&typeid=i","cat":284381},{"id":10638,"n":"Crème légère fluide UHT Délisse 12%mg - 2x25cl","p":2.36,"u":"4,72 €/L","img":"https://fd9-photos.leclercdrive.fr/image.ashx?id=3002566&use=l&cat=p&typeid=i","cat":284381},{"id":10641,"n":"Yaourts lait entier nature Bio Bio village - 4x125g","p":0.95,"u":"1,90 €/KG","img":"https://fd9-photos.leclercdrive.fr/image.ashx?id=2743831&use=l&cat=p&typeid=i","cat":284409},{"id":10655,"n":"IGP Pays d'Oc rouge Cabernet Sauvignon 12.5% vol - 75cl","p":2.87,"u":"3,83 €/L","img":"https://fd9-photos.leclercdrive.fr/image.ashx?id=2189904&use=l&cat=p&typeid=i","cat":289556},{"id":10674,"n":"Soda Coca-Cola Bouteille - 6x50cl","p":6.4,"u":"2,13 €/L","img":"https://fd9-photos.leclercdrive.fr/image.ashx?id=2885414&use=l&cat=p&typeid=i","cat":284530},{"id":10720,"n":"Vin mousseux Charles Volner Demi-sec - 11%vol. - 75cl","p":4.3,"u":"5,73 €/L","img":"https://fd9-photos.leclercdrive.fr/image.ashx?id=1592055&use=l&cat=p&typeid=i","cat":284544},{"id":10767,"n":"Riz cantonais Comptoir du Grain Express 2 min - 250g","p":1.19,"u":"4,76 €/KG","img":"https://fd9-photos.leclercdrive.fr/image.ashx?id=2441198&use=l&cat=p&typeid=i","cat":287600},{"id":10781,"n":"Chair de tomate Notre Jardin Nature - 400g","p":1.99,"u":"4,98 €/KG","img":"https://fd9-photos.leclercdrive.fr/image.ashx?id=2590436&use=l&cat=p&typeid=i","cat":312608},{"id":10785,"n":"Mogette cuisinée NRT De Vendée - 820g","p":3.01,"u":"3,67 €/KG","img":"https://fd9-photos.leclercdrive.fr/image.ashx?id=2771384&use=l&cat=p&typeid=i","cat":312606},{"id":10787,"n":"Huile de colza Bio Village Bio - 75cl","p":3.79,"u":"5,05 €/L","img":"https://fd9-photos.leclercdrive.fr/image.ashx?id=2989715&use=l&cat=p&typeid=i","cat":284453},{"id":10795,"n":"Moutarde de Dijon NRT À l'ancienne - 200g","p":1.39,"u":"6,95 €/KG","img":"https://fd9-photos.leclercdrive.fr/image.ashx?id=2644921&use=l&cat=p&typeid=i","cat":288850},{"id":10796,"n":"Terrine Côté Table Sanglier cognac - 180g","p":2.99,"u":"16,61 €/KG","img":"https://fd9-photos.leclercdrive.fr/image.ashx?id=2519423&use=l&cat=p&typeid=i","cat":305149},{"id":10927,"n":"Noix de cajou grilées Eco+ Salées - 125g","p":1.34,"u":"10,72 €/KG","img":"https://fd9-photos.leclercdrive.fr/image.ashx?id=2839815&use=l&cat=p&typeid=i","cat":284448},{"id":10928,"n":"Mélange Eco+ Graines et raisin - 200g","p":1.45,"u":"7,25 €/KG","img":"https://fd9-photos.leclercdrive.fr/image.ashx?id=2780713&use=l&cat=p&typeid=i","cat":284448},{"id":10929,"n":"Madeleines longues Eco+ 250g","p":0.89,"u":"3,56 €/KG","img":"https://fd9-photos.leclercdrive.fr/image.ashx?id=2875672&use=l&cat=p&typeid=i","cat":284492},{"id":10930,"n":"Chocolat pâtissier Eco+ Spécial dessert 200g","p":1.59,"u":"7,95 €/KG","img":"https://fd9-photos.leclercdrive.fr/image.ashx?id=2793140&use=l&cat=p&typeid=i","cat":285562},{"id":10932,"n":"Sauce tomate cuisinée Eco+ 420g","p":0.8,"u":"1,90 €/KG","img":"https://fd9-photos.leclercdrive.fr/image.ashx?id=2739715&use=l&cat=p&typeid=i","cat":288384},{"id":10938,"n":"Barquette chien Eco+ Au boeuf - 300g","p":0.52,"u":"1,73 €/KG","img":"https://fd9-photos.leclercdrive.fr/image.ashx?id=2052829&use=l&cat=p&typeid=i","cat":284673},{"id":10945,"n":"Boules de graisse Eco+ x6 - 540g","p":0.75,"u":"1,39 €/KG","img":"https://fd9-photos.leclercdrive.fr/image.ashx?id=2220275&use=l&cat=p&typeid=i","cat":284678},{"id":10948,"n":"Mélange oiseaux du ciel Eco+ 1 kg","p":1.17,"u":"1,17 €/KG","img":"https://fd9-photos.leclercdrive.fr/image.ashx?id=2169186&use=l&cat=p&typeid=i","cat":284678},{"id":10955,"n":"Blocs WC Eco+ Eau bleue - x2","p":0.65,"u":"0,33 €/P","img":"https://fd9-photos.leclercdrive.fr/image.ashx?id=2856115&use=l&cat=p&typeid=i","cat":284662},{"id":10967,"n":"Jus d'orange Andros Oranges pressées - 1L","p":2.73,"u":"2,73 €/L","img":"https://fd9-photos.leclercdrive.fr/image.ashx?id=2882632&use=l&cat=p&typeid=i","cat":285435},{"id":10970,"n":"Jus de clémentines Andros  Clémentines Pressées - 1L","p":2.73,"u":"2,73 €/L","img":"https://fd9-photos.leclercdrive.fr/image.ashx?id=2882647&use=l&cat=p&typeid=i","cat":285435},{"id":10971,"n":"Jus de pommes pressées Andros 1L","p":2.43,"u":"2,43 €/L","img":"https://fd9-photos.leclercdrive.fr/image.ashx?id=2882644&use=l&cat=p&typeid=i","cat":285435},{"id":11002,"n":"AOC Champagne brut blanc  Grande cuvée Pol Carson - 75cl","p":22.49,"u":"29,99 €/L","img":"https://fd9-photos.leclercdrive.fr/image.ashx?id=2995887&use=l&cat=p&typeid=i","cat":284542},{"id":11007,"n":"Barquettes chats Tous mes amis Les Menus 4 variétés - 8x100g","p":4.49,"u":"5,61 €/KG","img":"https://fd9-photos.leclercdrive.fr/image.ashx?id=2050645&use=l&cat=p&typeid=i","cat":285286},{"id":11033,"n":"Compote Douceur du Verger Gourdes pomme - 4x90g","p":0.99,"u":"2,75 €/KG","img":"https://fd9-photos.leclercdrive.fr/image.ashx?id=2837042&use=l&cat=p&typeid=i","cat":284508},{"id":11034,"n":"Terrine de campagne Côté Table Porc confit - 2x180g","p":2.79,"u":"7,75 €/KG","img":"https://fd9-photos.leclercdrive.fr/image.ashx?id=2519426&use=l&cat=p&typeid=i","cat":305149},{"id":11037,"n":"Sauce tomate Italienne Zapetti - 3x190g","p":3.0,"u":"5,26 €/KG","img":"https://fd9-photos.leclercdrive.fr/image.ashx?id=2579975&use=l&cat=p&typeid=i","cat":288384},{"id":11042,"n":"Crêpes Côté Table Fromage fondu x20 1kg","p":3.29,"u":"3,29 €/KG","img":"https://fd9-photos.leclercdrive.fr/image.ashx?id=2756849&use=l&cat=p&typeid=i","cat":319776},{"id":11046,"n":"Duo de riz Camargue Bio village Bio  - 500g","p":3.9,"u":"7,80 €/KG","img":"https://fd9-photos.leclercdrive.fr/image.ashx?id=2477008&use=l&cat=p&typeid=i","cat":284428},{"id":11079,"n":"Brioches fourrées Epi d'Or Chocolat x8 - 310g","p":1.64,"u":"5,29 €/KG","img":"https://fd9-photos.leclercdrive.fr/image.ashx?id=2860730&use=l&cat=p&typeid=i","cat":293505},{"id":11093,"n":"Céréales Spécial K Kellogg's Chocolat noir - 300g","p":2.94,"u":"9,80 €/KG","img":"https://fd9-photos.leclercdrive.fr/image.ashx?id=2583912&use=l&cat=p&typeid=i","cat":309512},{"id":11153,"n":"Truite fumée Ovive Pyrénées 4 tranches - 120g","p":5.89,"u":"49,08 €/KG","img":"https://fd9-photos.leclercdrive.fr/image.ashx?id=2887848&use=l&cat=p&typeid=i","cat":285188},{"id":11175,"n":"Plat bébé soir Blédiner 8 mois Risotto courgette - 2x200g","p":2.27,"u":"5,68 €/KG","img":"https://fd9-photos.leclercdrive.fr/image.ashx?id=2921043&use=l&cat=p&typeid=i","cat":312239},{"id":11176,"n":"Lait céréales bébé Blédiner 6m Courgette soir - 2x250ml","p":1.88,"u":"3,76 €/L","img":"https://fd9-photos.leclercdrive.fr/image.ashx?id=2960147&use=l&cat=p&typeid=i","cat":312239},{"id":11178,"n":"Plat bébé soir Blédiner 12 mois Pâtes tomate courgette - 2x200g","p":2.15,"u":"5,38 €/KG","img":"https://fd9-photos.leclercdrive.fr/image.ashx?id=2902966&use=l&cat=p&typeid=i","cat":312239},{"id":11225,"n":"AOP Blaye Côtes de Bordeaux vin rouge Chantet Blanet - BIB 3L","p":11.99,"u":"4,00 €/L","img":"https://fd9-photos.leclercdrive.fr/image.ashx?id=2780719&use=l&cat=p&typeid=i","cat":289560},{"id":11292,"n":"AOC Clairette de Die Jaillance Esprit de terroirTradition 75cl","p":5.95,"u":"7,93 €/L","img":"https://fd9-photos.leclercdrive.fr/image.ashx?id=2453499&use=l&cat=p&typeid=i","cat":284545},{"id":11308,"n":"Couscous Tipiak - Grain moyen Prêt en 4 min - 1kg","p":1.82,"u":"1,82 €/KG","img":"https://fd9-photos.leclercdrive.fr/image.ashx?id=2947826&use=l&cat=p&typeid=i","cat":284429},{"id":11309,"n":"Fromage de Brebis Le Brebiou  Des Pyrénées - 180g","p":3.17,"u":"17,61 €/KG","img":"https://fd9-photos.leclercdrive.fr/image.ashx?id=2472855&use=l&cat=p&typeid=i","cat":314031},{"id":11310,"n":"Crème Chantilly Isigny Ste Mère Sucrée et vanillée - 250g","p":2.47,"u":"9,88 €/KG","img":"https://fd9-photos.leclercdrive.fr/image.ashx?id=3004384&use=l&cat=p&typeid=i","cat":284382},{"id":11365,"n":"Crème aux oeufs La Laitière Vanille - 4x100g","p":1.77,"u":"4,43 €/KG","img":"https://fd9-photos.leclercdrive.fr/image.ashx?id=3007987&use=l&cat=p&typeid=i","cat":284419},{"id":11464,"n":"Pointe de brie Président Crémeux - 200g","p":1.99,"u":"9,95 €/KG","img":"https://fd9-photos.leclercdrive.fr/image.ashx?id=2029841&use=l&cat=p&typeid=i","cat":314033},{"id":11465,"n":"Beurre La Motte Président Demi-sel - 80%MG - 250g","p":3.19,"u":"12,76 €/KG","img":"https://fd9-photos.leclercdrive.fr/image.ashx?id=2896970&use=l&cat=p&typeid=i","cat":284379},{"id":11509,"n":"Feuille de brick Tablier Blanc 8 feuilles - 136g","p":0.77,"u":"5,66 €/KG","img":"https://fd9-photos.leclercdrive.fr/image.ashx?id=1938558&use=l&cat=p&typeid=i","cat":333681},{"id":11518,"n":"Mi-bas voile Tissaia Noir - Taille unique - x3","p":2.3,"u":"0,77 €/P","img":"https://fd9-photos.leclercdrive.fr/image.ashx?id=2193338&use=l&cat=p&typeid=i","cat":334130},{"id":11522,"n":"Socquettes mousse Tissaia Elasthanne beige moyen TU - x3","p":1.85,"u":"0,62 €/P","img":"https://fd9-photos.leclercdrive.fr/image.ashx?id=2660498&use=l&cat=p&typeid=i","cat":334130},{"id":11527,"n":"Essuie-tout blanc Mimosa Super absorbant - x6","p":3.74,"u":"0,62 €/P","img":"https://fd9-photos.leclercdrive.fr/image.ashx?id=2401882&use=l&cat=p&typeid=i","cat":284635},{"id":11587,"n":"Papier toilette Mimosa Rose - Ultra doux - x12","p":2.82,"u":"0,24 €/P","img":"https://fd9-photos.leclercdrive.fr/image.ashx?id=2448303&use=l&cat=p&typeid=i","cat":284634},{"id":11669,"n":"Collant voile Tissaia Résistant noir T2 - x2","p":3.25,"u":"1,63 €/P","img":"https://fd9-photos.leclercdrive.fr/image.ashx?id=2193054&use=l&cat=p&typeid=i","cat":334130},{"id":11673,"n":"Collant voile Tissaia Résistant noir T3 - x2","p":3.25,"u":"1,63 €/P","img":"https://fd9-photos.leclercdrive.fr/image.ashx?id=2193060&use=l&cat=p&typeid=i","cat":334130},{"id":11696,"n":"Collant mousse Tissaia Elasthanne Gris moyen T3 - x2","p":2.6,"u":"1,30 €/P","img":"https://fd9-photos.leclercdrive.fr/image.ashx?id=2193263&use=l&cat=p&typeid=i","cat":334130},{"id":11697,"n":"Collant mousse Tissaia Elasthanne Gris moyen T4 - x2","p":2.6,"u":"1,30 €/P","img":"https://fd9-photos.leclercdrive.fr/image.ashx?id=2193275&use=l&cat=p&typeid=i","cat":334130},{"id":11700,"n":"Bas clip voile Tissaia  Brillant Noir - T3","p":4.2,"img":"https://fd9-photos.leclercdrive.fr/image.ashx?id=2874829&use=l&cat=p&typeid=i","cat":334130},{"id":11701,"n":"Bas clip Up Tissaia voile Brillant beige T4","p":4.2,"img":"https://fd9-photos.leclercdrive.fr/image.ashx?id=2193287&use=l&cat=p&typeid=i","cat":334130},{"id":11706,"n":"Collant opaque Tissaia Microfibre noir 40D - T3","p":3.5,"img":"https://fd9-photos.leclercdrive.fr/image.ashx?id=2193299&use=l&cat=p&typeid=i","cat":334130},{"id":11708,"n":"Collant opaque Tissaia Microfibre noir 40D - T1/2","p":3.5,"img":"https://fd9-photos.leclercdrive.fr/image.ashx?id=2193305&use=l&cat=p&typeid=i","cat":334130},{"id":11739,"n":"Mi-bas mousse Tissaia Beige clair Taille unique - x3","p":1.95,"u":"0,65 €/P","img":"https://fd9-photos.leclercdrive.fr/image.ashx?id=2193326&use=l&cat=p&typeid=i","cat":334130},{"id":11744,"n":"Mi-bas voile Tissaia Naturel taille unique - x3","p":2.3,"u":"0,77 €/P","img":"https://fd9-photos.leclercdrive.fr/image.ashx?id=2193344&use=l&cat=p&typeid=i","cat":334130},{"id":11818,"n":"Bas clip Tissaia voile brillant Beige T3","p":4.2,"img":"https://fd9-photos.leclercdrive.fr/image.ashx?id=2193281&use=l&cat=p&typeid=i","cat":334130},{"id":11822,"n":"Bonbons Werther's Original Caramel - 300g","p":3.18,"u":"10,60 €/KG","img":"https://fd9-photos.leclercdrive.fr/image.ashx?id=2659798&use=l&cat=p&typeid=i","cat":304252},{"id":11878,"n":"AOC Bordeaux vin rouge Chantet Blanet - BIB 3L","p":9.99,"u":"3,33 €/L","img":"https://fd9-photos.leclercdrive.fr/image.ashx?id=2708456&use=l&cat=p&typeid=i","cat":289560},{"id":11879,"n":"AOC Côtes du Rhône vin rouge Grégoire XI - BIB 3L","p":9.99,"u":"3,33 €/L","img":"https://fd9-photos.leclercdrive.fr/image.ashx?id=2714980&use=l&cat=p&typeid=i","cat":289560},{"id":11880,"n":"AOC Vouvray brut Les Caractères - 75cl","p":5.99,"u":"7,99 €/L","img":"https://fd9-photos.leclercdrive.fr/image.ashx?id=2801043&use=l&cat=p&typeid=i","cat":284544},{"id":11881,"n":"AOP Vouvray demi-sec Les Caractères - 75cl","p":5.99,"u":"7,99 €/L","img":"https://fd9-photos.leclercdrive.fr/image.ashx?id=2800264&use=l&cat=p&typeid=i","cat":284544},{"id":11882,"n":"AOC Bordeaux vin rosé Chantet Blanet - BIB 3L","p":11.49,"u":"3,83 €/L","img":"https://fd9-photos.leclercdrive.fr/image.ashx?id=2913663&use=l&cat=p&typeid=i","cat":289560},{"id":11883,"n":"IGP Côtes du Tarn Gamay Rouge Vieux Carion 12% vol - 75 cl","p":2.49,"u":"3,32 €/L","img":"https://fd9-photos.leclercdrive.fr/image.ashx?id=2756861&use=l&cat=p&typeid=i","cat":289556},{"id":11886,"n":"IGP Pays d'Oc Gris vin rosé Rives & Terrasses 12.5% BIB 3L","p":8.49,"u":"2,83 €/L","img":"https://fd9-photos.leclercdrive.fr/image.ashx?id=2909383&use=l&cat=p&typeid=i","cat":289560},{"id":11888,"n":"AOC Crémant d'Alsace brut rosé Rebmann - 75 cl","p":5.95,"u":"7,93 €/L","img":"https://fd9-photos.leclercdrive.fr/image.ashx?id=2922497&use=l&cat=p&typeid=i","cat":284545},{"id":11895,"n":"AOC Côtes du Rhône vin rouge Grégoire XI - BIB 5L","p":16.49,"u":"3,30 €/L","img":"https://fd9-photos.leclercdrive.fr/image.ashx?id=2710774&use=l&cat=p&typeid=i","cat":289560},{"id":11900,"n":"Arôme naturel de vanille Vahiné 20ml","p":2.54,"u":"127,00 €/L","img":"https://fd9-photos.leclercdrive.fr/image.ashx?id=2559766&use=l&cat=p&typeid=i","cat":284504},{"id":11902,"n":"Arôme amande amère Vahiné 20ml","p":1.35,"u":"67,50 €/L","img":"https://fd9-photos.leclercdrive.fr/image.ashx?id=2559769&use=l&cat=p&typeid=i","cat":284504},{"id":11903,"n":"Arôme naturel de citron Vahiné 20ml","p":1.55,"u":"77,50 €/L","img":"https://fd9-photos.leclercdrive.fr/image.ashx?id=2559772&use=l&cat=p&typeid=i","cat":284504},{"id":11906,"n":"Nappage caramel Vahiné 700g","p":3.47,"u":"4,96 €/KG","img":"https://fd9-photos.leclercdrive.fr/image.ashx?id=2983234&use=l&cat=p&typeid=i","cat":284504},{"id":12063,"n":"Rasoirs jetables Bic sensitive 3 lames - x12","p":5.0,"u":"0,42 €/P","img":"https://fd9-photos.leclercdrive.fr/image.ashx?id=2768502&use=l&cat=p&typeid=i","cat":284616},{"id":12078,"n":"Pâte à tartiner Nustikao 400g","p":1.83,"u":"4,58 €/KG","img":"https://fd9-photos.leclercdrive.fr/image.ashx?id=2856411&use=l&cat=p&typeid=i","cat":284481},{"id":12122,"n":"Vermicelles de riz Suzi Wan 250g","p":2.07,"u":"8,28 €/KG","img":"https://fd9-photos.leclercdrive.fr/image.ashx?id=3002183&use=l&cat=p&typeid=i","cat":288992},{"id":12131,"n":"Crème coco Suzi Wan 200ml","p":1.28,"u":"6,40 €/L","img":"https://fd9-photos.leclercdrive.fr/image.ashx?id=2886250&use=l&cat=p&typeid=i","cat":288992},{"id":12153,"n":"Oeufs Bio  De Nos Villages Plein Air Gros - x10","p":4.53,"u":"0,45 €/P","img":"https://fd9-photos.leclercdrive.fr/image.ashx?id=2975981&use=l&cat=p&typeid=i","cat":284378},{"id":12170,"n":"AOP Bordeaux rosé Baron de Lestac - 75cl","p":3.95,"u":"5,27 €/L","img":"https://fd9-photos.leclercdrive.fr/image.ashx?id=2179368&use=l&cat=p&typeid=i","cat":289558},{"id":12235,"n":"Tapenade olives vertes NRT 90g","p":1.84,"u":"20,44 €/KG","img":"https://fd9-photos.leclercdrive.fr/image.ashx?id=2839986&use=l&cat=p&typeid=i","cat":284451},{"id":12236,"n":"Spaghetti d'Alsace NRT 250g","p":1.39,"u":"5,56 €/KG","img":"https://fd9-photos.leclercdrive.fr/image.ashx?id=2839983&use=l&cat=p&typeid=i","cat":284427},{"id":12239,"n":"Rillettes de sardine NRT 125g","p":2.49,"u":"19,92 €/KG","img":"https://fd9-photos.leclercdrive.fr/image.ashx?id=2782801&use=l&cat=p&typeid=i","cat":305146},{"id":12241,"n":"Pâte à pizza Tablier Blanc Herbes de Provence - 500g","p":1.99,"u":"3,98 €/KG","img":"https://fd9-photos.leclercdrive.fr/image.ashx?id=1731164&use=l&cat=p&typeid=i","cat":333681},{"id":12242,"n":"Rillettes de saumon MSC Ronde des mers - 150g","p":1.99,"u":"13,27 €/KG","img":"https://fd9-photos.leclercdrive.fr/image.ashx?id=2552424&use=l&cat=p&typeid=i","cat":285191},{"id":12243,"n":"Rillettes de thon MSC Ronde des mers - 150g","p":1.99,"u":"13,27 €/KG","img":"https://fd9-photos.leclercdrive.fr/image.ashx?id=2644873&use=l&cat=p&typeid=i","cat":285191},{"id":12245,"n":"Galettes Bretonnes P'tit Déli Pépites chocolat 130g","p":1.34,"u":"10,31 €/KG","img":"https://fd9-photos.leclercdrive.fr/image.ashx?id=2387973&use=l&cat=p&typeid=i","cat":284487},{"id":12249,"n":"Torsades d'Alsace NRT 250g","p":1.39,"u":"5,56 €/KG","img":"https://fd9-photos.leclercdrive.fr/image.ashx?id=2839980&use=l&cat=p&typeid=i","cat":284427},{"id":12258,"n":"Gros sel de l'Ile de Ré NRT Sachet -1kg","p":1.69,"u":"1,69 €/KG","img":"https://fd9-photos.leclercdrive.fr/image.ashx?id=2802879&use=l&cat=p&typeid=i","cat":284457},{"id":12259,"n":"Fromage Mimolette vieille NRT  Label Rouge  - 200g","p":3.65,"u":"18,25 €/KG","img":"https://fd9-photos.leclercdrive.fr/image.ashx?id=2934829&use=l&cat=p&typeid=i","cat":314034},{"id":12362,"n":"Thon entier Pêche Océan Naturel - 2x140g","p":3.75,"u":"13,39 €/KG","img":"https://fd9-photos.leclercdrive.fr/image.ashx?id=2941420&use=l&cat=p&typeid=i","cat":303867},{"id":12365,"n":"Couscous royal Côté Table Volaille et merguez 980g","p":3.69,"u":"3,77 €/KG","img":"https://fd9-photos.leclercdrive.fr/image.ashx?id=2977144&use=l&cat=p&typeid=i","cat":325094},{"id":12368,"n":"Saucisses et haricots blancs Côté Table - 840g","p":3.15,"u":"3,75 €/KG","img":"https://fd9-photos.leclercdrive.fr/image.ashx?id=2980465&use=l&cat=p&typeid=i","cat":284441},{"id":12373,"n":"Moutarde Rustica Mi-forte - 415g","p":1.28,"u":"3,08 €/KG","img":"https://fd9-photos.leclercdrive.fr/image.ashx?id=1961437&use=l&cat=p&typeid=i","cat":288850},{"id":12374,"n":"Purée de tomates Turini 3x200g","p":1.19,"u":"1,98 €/KG","img":"https://fd9-photos.leclercdrive.fr/image.ashx?id=2174684&use=l&cat=p&typeid=i","cat":288384},{"id":12376,"n":"Pâtes Alphabet Turini 500g","p":0.99,"u":"1,98 €/KG","img":"https://fd9-photos.leclercdrive.fr/image.ashx?id=2980800&use=l&cat=p&typeid=i","cat":284427},{"id":12380,"n":"Infusion Tiséa Digestion facilitée x25","p":0.99,"u":"24,75 €/KG","img":"https://fd9-photos.leclercdrive.fr/image.ashx?id=2696253&use=l&cat=p&typeid=i","cat":293234},{"id":12384,"n":"Thon entier Pêche Océan Huile de tournesol - 3x80g","p":2.49,"u":"10,38 €/KG","img":"https://fd9-photos.leclercdrive.fr/image.ashx?id=2941402&use=l&cat=p&typeid=i","cat":303867},{"id":12391,"n":"Sirop Frucci Fraise - 1L","p":3.5,"u":"3,50 €/L","img":"https://fd9-photos.leclercdrive.fr/image.ashx?id=2954076&use=l&cat=p&typeid=i","cat":295020},{"id":12394,"n":"Nectar Jafaden Abricot - 4x20cl","p":2.68,"u":"3,35 €/L","img":"https://fd9-photos.leclercdrive.fr/image.ashx?id=2955674&use=l&cat=p&typeid=i","cat":284524},{"id":12396,"n":"100% Pur jus de tomate Jafaden - 4x20cl","p":2.32,"u":"2,90 €/L","img":"https://fd9-photos.leclercdrive.fr/image.ashx?id=2562858&use=l&cat=p&typeid=i","cat":284523},{"id":12397,"n":"Vin mousseux d'Union Européenne Brut Blazer - 75 cl","p":3.15,"u":"4,20 €/L","img":"https://fd9-photos.leclercdrive.fr/image.ashx?id=2623950&use=l&cat=p&typeid=i","cat":284544},{"id":12398,"n":"Vin mousseux d'Union Européenne  Demi-sec Blazer - 75cl","p":3.19,"u":"4,25 €/L","img":"https://fd9-photos.leclercdrive.fr/image.ashx?id=2623953&use=l&cat=p&typeid=i","cat":284544},{"id":12399,"n":"Apéritif anisé Cantanis Sans alcool - 1L","p":2.25,"u":"2,25 €/L","img":"https://fd9-photos.leclercdrive.fr/image.ashx?id=2520011&use=l&cat=p&typeid=i","cat":284549},{"id":12402,"n":"Crème de mûres Auguste Muniot 15%vol. - 50cl","p":4.58,"u":"9,16 €/L","img":"https://fd9-photos.leclercdrive.fr/image.ashx?id=2541525&use=l&cat=p&typeid=i","cat":286032},{"id":12421,"n":"Vinaigre de vin Rustica Aromatisé Framboise - 50cl","p":1.99,"u":"3,98 €/L","img":"https://fd9-photos.leclercdrive.fr/image.ashx?id=2142181&use=l&cat=p&typeid=i","cat":298543},{"id":12422,"n":"Jus de citron vert Rustica 2x12,5cll","p":1.31,"u":"5,24 €/L","img":"https://fd9-photos.leclercdrive.fr/image.ashx?id=794007&use=l&cat=p&typeid=i","cat":288383},{"id":12424,"n":"Pâtes Spaghetti Turini 3min - 500g","p":0.78,"u":"1,56 €/KG","img":"https://fd9-photos.leclercdrive.fr/image.ashx?id=2607464&use=l&cat=p&typeid=i","cat":284427},{"id":12426,"n":"Pâtes Cheveux d'anges Turini 1kg","p":1.61,"u":"1,61 €/KG","img":"https://fd9-photos.leclercdrive.fr/image.ashx?id=2980788&use=l&cat=p&typeid=i","cat":284427},{"id":12437,"n":"Sel fin de l'île de Ré NRT 250g","p":1.35,"u":"5,40 €/KG","img":"https://fd9-photos.leclercdrive.fr/image.ashx?id=2802876&use=l&cat=p&typeid=i","cat":284457},{"id":12438,"n":"Vinaigre Balsamique MAILLE Velours de Modène - 25cl","p":3.34,"u":"13,36 €/L","img":"https://fd9-photos.leclercdrive.fr/image.ashx?id=2889994&use=l&cat=p&typeid=i","cat":298543},{"id":12451,"n":"Thé glacé Fresh Tea Pêche - Brique - 6x20cl","p":1.77,"u":"1,48 €/L","img":"https://fd9-photos.leclercdrive.fr/image.ashx?id=2622248&use=l&cat=p&typeid=i","cat":295019},{"id":12453,"n":"Soda Jean's Cola sans Caféine Zéro - Bouteille - 1,5L","p":0.96,"u":"0,64 €/L","img":"https://fd9-photos.leclercdrive.fr/image.ashx?id=2637865&use=l&cat=p&typeid=i","cat":284530},{"id":12464,"n":"Soda Jean's Cola Zéro Bouteille - 1,5L","p":0.45,"u":"0,30 €/L","img":"https://fd9-photos.leclercdrive.fr/image.ashx?id=2637883&use=l&cat=p&typeid=i","cat":284530},{"id":12469,"n":"100% Pur jus d'orange Jafaden  Sans pulpe - 1L","p":1.99,"u":"1,99 €/L","img":"https://fd9-photos.leclercdrive.fr/image.ashx?id=2842477&use=l&cat=p&typeid=i","cat":284521},{"id":12470,"n":"Pur Jus de raisin Bio Village Bio - 1L","p":2.29,"u":"2,29 €/L","img":"https://fd9-photos.leclercdrive.fr/image.ashx?id=2901518&use=l&cat=p&typeid=i","cat":284915},{"id":12471,"n":"Thon entier Pêche Océan Huile de tournesol - 160g","p":1.63,"u":"10,19 €/KG","img":"https://fd9-photos.leclercdrive.fr/image.ashx?id=2941399&use=l&cat=p&typeid=i","cat":303867},{"id":12477,"n":"Cassoulet Saucisse de Toulouse Côté Table - 420g","p":2.11,"u":"5,02 €/KG","img":"https://fd9-photos.leclercdrive.fr/image.ashx?id=2977861&use=l&cat=p&typeid=i","cat":284440},{"id":12501,"n":"Café soluble Plantation Sélection - 200g","p":4.53,"u":"22,65 €/KG","img":"https://fd9-photos.leclercdrive.fr/image.ashx?id=2834266&use=l&cat=p&typeid=i","cat":284843},{"id":12506,"n":"Marshmallows Copains Copines Vanille 300g","p":1.25,"u":"4,17 €/KG","img":"https://fd9-photos.leclercdrive.fr/image.ashx?id=2934646&use=l&cat=p&typeid=i","cat":304250},{"id":12521,"n":"Miettes de thon Pêche Océan Huile de tournesol - 3x80g","p":2.35,"u":"9,79 €/KG","img":"https://fd9-photos.leclercdrive.fr/image.ashx?id=2943608&use=l&cat=p&typeid=i","cat":303867},{"id":12527,"n":"Chocolat Pâtissier Tablette dOr Noir - 200g","p":1.79,"u":"8,95 €/KG","img":"https://fd9-photos.leclercdrive.fr/image.ashx?id=2723356&use=l&cat=p&typeid=i","cat":285562},{"id":12529,"n":"Moutarde de Dijon Rustica  195g","p":1.25,"u":"6,41 €/KG","img":"https://fd9-photos.leclercdrive.fr/image.ashx?id=1921604&use=l&cat=p&typeid=i","cat":288850},{"id":12532,"n":"Café en grains Plantation Tradition - 1kg","p":10.15,"u":"10,15 €/KG","img":"https://fd9-photos.leclercdrive.fr/image.ashx?id=2856405&use=l&cat=p&typeid=i","cat":293237},{"id":12534,"n":"Café moulu Plantation  Fruité & délicat déca - 250g","p":3.69,"u":"14,76 €/KG","img":"https://fd9-photos.leclercdrive.fr/image.ashx?id=2856402&use=l&cat=p&typeid=i","cat":284750},{"id":12551,"n":"Raviolis légumes Bio Village Bio - 700g","p":2.53,"u":"3,61 €/KG","img":"https://fd9-photos.leclercdrive.fr/image.ashx?id=2717252&use=l&cat=p&typeid=i","cat":284442},{"id":12555,"n":"Mogette cuite au naturel NRT De Vendée - 530g","p":3.19,"u":"6,02 €/KG","img":"https://fd9-photos.leclercdrive.fr/image.ashx?id=2771025&use=l&cat=p&typeid=i","cat":312606},{"id":12557,"n":"Vinaigrette Rustica Echalote - 50cl","p":1.27,"u":"2,54 €/L","img":"https://fd9-photos.leclercdrive.fr/image.ashx?id=1972901&use=l&cat=p&typeid=i","cat":284456},{"id":12566,"n":"Sel régénérant Eco+ 4kg","p":2.04,"u":"0,51 €/KG","img":"https://fd9-photos.leclercdrive.fr/image.ashx?id=2865236&use=l&cat=p&typeid=i","cat":284657},{"id":12567,"n":"Andouillettes de Troyes NRT  2x150g","p":3.49,"u":"11,63 €/KG","img":"https://fd9-photos.leclercdrive.fr/image.ashx?id=2991500&use=l&cat=p&typeid=i","cat":316012},{"id":12573,"n":"Eponges Mamison salle de bain Décorées x2","p":0.99,"u":"0,50 €/P","img":"https://fd9-photos.leclercdrive.fr/image.ashx?id=2199055&use=l&cat=p&typeid=i","cat":284667},{"id":12581,"n":"Soupe Déshydratée Thaï KNORR Nouilles & Champignons - 70cl","p":1.33,"u":"1,90 €/L","img":"https://fd9-photos.leclercdrive.fr/image.ashx?id=2772554&use=l&cat=p&typeid=i","cat":284463},{"id":12584,"n":"Pain grillé bio Bio Village Blé complet x12 - 250g","p":1.77,"u":"7,08 €/KG","img":"https://fd9-photos.leclercdrive.fr/image.ashx?id=2619749&use=l&cat=p&typeid=i","cat":284479},{"id":12587,"n":"Compote Douceur du Verger Gourdes multivariétés - 12x90g","p":3.93,"u":"3,64 €/KG","img":"https://fd9-photos.leclercdrive.fr/image.ashx?id=2837036&use=l&cat=p&typeid=i","cat":284508},{"id":12588,"n":"Sel régénérant Visior Lave-vaisselle - 4x1kg","p":2.69,"u":"0,67 €/KG","img":"https://fd9-photos.leclercdrive.fr/image.ashx?id=2463401&use=l&cat=p&typeid=i","cat":284657},{"id":12591,"n":"Soupe déshydratée Knorr 9 légumes - 75cl","p":0.94,"u":"1,25 €/L","img":"https://fd9-photos.leclercdrive.fr/image.ashx?id=2790585&use=l&cat=p&typeid=i","cat":284463},{"id":12601,"n":"Oignon Rustica Coupés - 100g","p":2.14,"u":"21,40 €/KG","img":"https://fd9-photos.leclercdrive.fr/image.ashx?id=2365466&use=l&cat=p&typeid=i","cat":319804},{"id":12602,"n":"Ciboulette Rustica Coupé - 50g","p":1.65,"u":"33,00 €/KG","img":"https://fd9-photos.leclercdrive.fr/image.ashx?id=2365460&use=l&cat=p&typeid=i","cat":319804},{"id":12605,"n":"Cornichons Maille Le Mini 210g","p":2.73,"u":"13,00 €/KG","img":"https://fd9-photos.leclercdrive.fr/image.ashx?id=2877310&use=l&cat=p&typeid=i","cat":284458},{"id":12606,"n":"Marmite bouillon Knorr Poule - 224g","p":2.0,"u":"8,93 €/KG","img":"https://fd9-photos.leclercdrive.fr/image.ashx?id=2960288&use=l&cat=p&typeid=i","cat":288379},{"id":12611,"n":"Crozets au Sarrasin NRT 400g","p":2.3,"u":"5,75 €/KG","img":"https://fd9-photos.leclercdrive.fr/image.ashx?id=2856220&use=l&cat=p&typeid=i","cat":284427},{"id":12634,"n":"Olives de Nyons AOP NRT Noires - 230g","p":3.48,"u":"15,13 €/KG","img":"https://fd9-photos.leclercdrive.fr/image.ashx?id=2704888&use=l&cat=p&typeid=i","cat":284458},{"id":12668,"n":"Pizza Cuite sur pierre Turini Jambon fromage - 3x350g","p":6.22,"u":"5,92 €/KG","img":"https://fd9-photos.leclercdrive.fr/image.ashx?id=2815232&use=l&cat=p&typeid=i","cat":284256},{"id":12669,"n":"Sauce Burger AMORA 260g","p":1.57,"u":"6,04 €/KG","img":"https://fd9-photos.leclercdrive.fr/image.ashx?id=2893853&use=l&cat=p&typeid=i","cat":318431},{"id":12670,"n":"Basilic Rustica Coupé - 50g","p":1.69,"u":"33,80 €/KG","img":"https://fd9-photos.leclercdrive.fr/image.ashx?id=2365463&use=l&cat=p&typeid=i","cat":319804},{"id":12674,"n":"Nids d'Alsace NRT 250g","p":1.39,"u":"5,56 €/KG","img":"https://fd9-photos.leclercdrive.fr/image.ashx?id=2839968&use=l&cat=p&typeid=i","cat":284427},{"id":12675,"n":"Pizza Cuite sur pierre Turini 4 fromages - 400g","p":2.71,"u":"6,78 €/KG","img":"https://fd9-photos.leclercdrive.fr/image.ashx?id=2815229&use=l&cat=p&typeid=i","cat":284256},{"id":12680,"n":"Filets d'Anchois Pêche Océan Marinés à l'Orientale - 100g","p":1.99,"u":"19,90 €/KG","img":"https://fd9-photos.leclercdrive.fr/image.ashx?id=1671726&use=l&cat=p&typeid=i","cat":285190},{"id":12684,"n":"Filets d'Anchois Pêche Océan Marinés à la provençale - 100g","p":1.99,"u":"19,90 €/KG","img":"https://fd9-photos.leclercdrive.fr/image.ashx?id=2993567&use=l&cat=p&typeid=i","cat":285190},{"id":12685,"n":"Biscuit P'tit Beurres chocolait P'tit Déli 268g","p":2.69,"u":"10,04 €/KG","img":"https://fd9-photos.leclercdrive.fr/image.ashx?id=2473975&use=l&cat=p&typeid=i","cat":284488},{"id":12691,"n":"Pizza Familiale 4 from. Turini Cuite sur pierre - 570g","p":3.7,"u":"6,49 €/KG","img":"https://fd9-photos.leclercdrive.fr/image.ashx?id=2815220&use=l&cat=p&typeid=i","cat":284256},{"id":12702,"n":"Poisson pané Pêche Océan Tomate - MSC - x8 - 600g","p":4.29,"u":"7,15 €/KG","img":"https://fd9-photos.leclercdrive.fr/image.ashx?id=2930111&use=l&cat=p&typeid=i","cat":319788},{"id":12706,"n":"Dentifrice Dentamyl Soin complet 75ml","p":0.76,"u":"10,13 €/L","img":"https://fd9-photos.leclercdrive.fr/image.ashx?id=2276480&use=l&cat=p&typeid=i","cat":284612},{"id":12712,"n":"Sauce Poivrons Aubergine Turini 190g","p":1.79,"u":"9,42 €/KG","img":"https://fd9-photos.leclercdrive.fr/image.ashx?id=2478474&use=l&cat=p&typeid=i","cat":287599},{"id":12733,"n":"Bacon Herta superposé x15 150g","p":2.05,"u":"13,67 €/KG","img":"https://fd9-photos.leclercdrive.fr/image.ashx?id=2889325&use=l&cat=p&typeid=i","cat":316007},{"id":12735,"n":"Croque-chèvre Côté Croc 2x100g","p":1.99,"u":"9,95 €/KG","img":"https://fd9-photos.leclercdrive.fr/image.ashx?id=2885125&use=l&cat=p&typeid=i","cat":333671},{"id":12739,"n":"Friand viande Côté Table 2x110g","p":1.65,"u":"7,50 €/KG","img":"https://fd9-photos.leclercdrive.fr/image.ashx?id=2820436&use=l&cat=p&typeid=i","cat":333671},{"id":12741,"n":"Emmental fromage râpé bio Bio village - 100g","p":1.49,"u":"14,90 €/KG","img":"https://fd9-photos.leclercdrive.fr/image.ashx?id=2757942&use=l&cat=p&typeid=i","cat":314035},{"id":12752,"n":"Filet Poulet blanc LR X2  IGP Volailles du Maine  - 240g","p":6.8,"u":"28,33 €/KG","img":"https://fd9-photos.leclercdrive.fr/image.ashx?id=2250558&use=l&cat=p&typeid=i","cat":284336},{"id":12772,"n":"Boisson Jafaden Cranberry - 1L","p":1.92,"u":"1,92 €/L","img":"https://fd9-photos.leclercdrive.fr/image.ashx?id=2591394&use=l&cat=p&typeid=i","cat":284915},{"id":12816,"n":"Dentifrice blancheur Dentamyl Soin complet 75ml","p":0.98,"u":"13,07 €/L","img":"https://fd9-photos.leclercdrive.fr/image.ashx?id=2489110&use=l&cat=p&typeid=i","cat":284612},{"id":12916,"n":"Infusion bio Bio Village Digestion x20 - 30g","p":1.55,"u":"51,67 €/KG","img":"https://fd9-photos.leclercdrive.fr/image.ashx?id=2961710&use=l&cat=p&typeid=i","cat":293234},{"id":12917,"n":"Infusion bio Bio Village Pour le soir x20 - 30g","p":1.75,"u":"58,33 €/KG","img":"https://fd9-photos.leclercdrive.fr/image.ashx?id=2854261&use=l&cat=p&typeid=i","cat":293234},{"id":12925,"n":"Délice de tomates séchées NRT à la provençale - 90g","p":2.2,"u":"24,44 €/KG","img":"https://fd9-photos.leclercdrive.fr/image.ashx?id=2991163&use=l&cat=p&typeid=i","cat":315999},{"id":12926,"n":"Caviar d'aubergines NRT à la provençale - 90g","p":2.09,"u":"23,22 €/KG","img":"https://fd9-photos.leclercdrive.fr/image.ashx?id=2991160&use=l&cat=p&typeid=i","cat":315999},{"id":12927,"n":"Tapenade verte NRT à la provençale - 90g","p":2.5,"u":"27,78 €/KG","img":"https://fd9-photos.leclercdrive.fr/image.ashx?id=2991154&use=l&cat=p&typeid=i","cat":315999},{"id":12928,"n":"Tapenade noire NRT à la provençale - 90g","p":2.5,"u":"27,78 €/KG","img":"https://fd9-photos.leclercdrive.fr/image.ashx?id=2991085&use=l&cat=p&typeid=i","cat":315999},{"id":12930,"n":"Mélange forestier Notre Jardin 450g","p":2.56,"u":"5,69 €/KG","img":"https://fd9-photos.leclercdrive.fr/image.ashx?id=825783&use=l&cat=p&typeid=i","cat":319823},{"id":12931,"n":"Camembert d'Isigny Sainte-Mère 45%MG - 250g","p":3.02,"u":"12,08 €/KG","img":"https://fd9-photos.leclercdrive.fr/image.ashx?id=2894833&use=l&cat=p&typeid=i","cat":314033},{"id":12932,"n":"Escargots Maître Coquilles Préparés moyens x48 - 270g","p":10.99,"u":"40,70 €/KG","img":"https://fd9-photos.leclercdrive.fr/image.ashx?id=1979677&use=l&cat=p&typeid=i","cat":319775},{"id":12965,"n":"Crêpes dentelles chocolat NRT 100g","p":1.82,"u":"18,20 €/KG","img":"https://fd9-photos.leclercdrive.fr/image.ashx?id=2770265&use=l&cat=p&typeid=i","cat":284490},{"id":13246,"n":"Cartouches encre noir Esquisse Courtes x30","p":0.99,"img":"https://fd9-photos.leclercdrive.fr/image.ashx?id=1188603&use=l&cat=p&typeid=i","cat":284696},{"id":13252,"n":"Surligneur Esquisse mini 4 couleurs fluos - x4","p":1.89,"img":"https://fd9-photos.leclercdrive.fr/image.ashx?id=1678703&use=l&cat=p&typeid=i","cat":284696},{"id":13254,"n":"Pinceaux Esquisse Taille 2-8 et 12 - x3","p":0.99,"u":"0,33 €/P","img":"https://fd9-photos.leclercdrive.fr/image.ashx?id=981363&use=l&cat=p&typeid=i","cat":334133},{"id":13277,"n":"Rapporteur aluminium Esquisse 180°","p":1.3,"img":"https://fd9-photos.leclercdrive.fr/image.ashx?id=1678682&use=l&cat=p&typeid=i","cat":334133},{"id":13300,"n":"Tube de colle liquide Esquisse Transparente gel - 30ml","p":1.1,"u":"36,67 €/L","img":"https://fd9-photos.leclercdrive.fr/image.ashx?id=1928779&use=l&cat=p&typeid=i","cat":334133},{"id":13342,"n":"Thon entier Le Savoureux Huile d'olive - 160g","p":3.24,"u":"20,25 €/KG","img":"https://fd9-photos.leclercdrive.fr/image.ashx?id=2960159&use=l&cat=p&typeid=i","cat":303867},{"id":13364,"n":"Agrafes n°10 Maped x2000","p":1.62,"img":"https://fd9-photos.leclercdrive.fr/image.ashx?id=2962254&use=l&cat=p&typeid=i","cat":334133},{"id":13425,"n":"Beurre Moulé Paysan Breton Demi-sel - 80% MG - 500g","p":6.23,"u":"12,46 €/KG","img":"https://fd9-photos.leclercdrive.fr/image.ashx?id=2774499&use=l&cat=p&typeid=i","cat":284379},{"id":13428,"n":"Beurre Moulé Paysan Breton Demi-sel - 80% MG - 125g","p":1.76,"u":"14,08 €/KG","img":"https://fd9-photos.leclercdrive.fr/image.ashx?id=2939766&use=l&cat=p&typeid=i","cat":284379},{"id":13429,"n":"Mini-beurre Paysan Breton Demi-sel x20 - 82%MG - 200g","p":3.08,"u":"15,40 €/KG","img":"https://fd9-photos.leclercdrive.fr/image.ashx?id=2774571&use=l&cat=p&typeid=i","cat":284379},{"id":13440,"n":"Purée de fruit NATURNES Fruits du verger 6M+ - 4x130g","p":2.21,"u":"4,25 €/KG","img":"https://fd9-photos.leclercdrive.fr/image.ashx?id=2478387&use=l&cat=p&typeid=i","cat":312388},{"id":13464,"n":"Tripoux aveyronnais NRT 400g","p":5.46,"u":"13,65 €/KG","img":"https://fd9-photos.leclercdrive.fr/image.ashx?id=2723225&use=l&cat=p&typeid=i","cat":284441},{"id":13503,"n":"Biscottes bio Bio Village Au germe de blé x36 - 300g","p":1.99,"u":"6,63 €/KG","img":"https://fd9-photos.leclercdrive.fr/image.ashx?id=2634881&use=l&cat=p&typeid=i","cat":284479},{"id":13532,"n":"Purée pomme de terre Pom'lisse Saveur d'antan - 4x125g - 500g","p":2.49,"u":"4,98 €/KG","img":"https://fd9-photos.leclercdrive.fr/image.ashx?id=2929867&use=l&cat=p&typeid=i","cat":284431},{"id":13540,"n":"Cuillères Winnie l'Ourson Thermosensibles - x2","p":5.28,"u":"2,64 €/P","img":"https://fd9-photos.leclercdrive.fr/image.ashx?id=1930275&use=l&cat=p&typeid=i","cat":289435},{"id":13559,"n":"Thé breakfast Britley 50 sachets - 100g","p":1.22,"u":"12,20 €/KG","img":"https://fd9-photos.leclercdrive.fr/image.ashx?id=2854225&use=l&cat=p&typeid=i","cat":293233},{"id":13585,"n":"Fleur de sel de l'Ile de Ré NRT 125g","p":2.49,"u":"19,92 €/KG","img":"https://fd9-photos.leclercdrive.fr/image.ashx?id=2802882&use=l&cat=p&typeid=i","cat":284457},{"id":13589,"n":"Fromage Brillat Savarin NRT  IGP - 200g","p":3.39,"u":"16,95 €/KG","img":"https://fd9-photos.leclercdrive.fr/image.ashx?id=2771064&use=l&cat=p&typeid=i","cat":329558},{"id":13590,"n":"Profiteroles Trofic Crème glacée vanille 280g","p":3.7,"u":"13,21 €/KG","img":"https://fd9-photos.leclercdrive.fr/image.ashx?id=2982604&use=l&cat=p&typeid=i","cat":284267},{"id":13604,"n":"Poissons panés au fromage Pêche Océan MSC - 180g","p":1.89,"u":"10,50 €/KG","img":"https://fd9-photos.leclercdrive.fr/image.ashx?id=2953608&use=l&cat=p&typeid=i","cat":284344},{"id":13605,"n":"Panés de colin Pêche Océan Colin d'Alaska - 200g","p":1.99,"u":"9,95 €/KG","img":"https://fd9-photos.leclercdrive.fr/image.ashx?id=2953605&use=l&cat=p&typeid=i","cat":284344},{"id":13609,"n":"Bière du Nord NRT Ambrée - 7° - 6x25cl","p":4.84,"u":"3,23 €/L","img":"https://fd9-photos.leclercdrive.fr/image.ashx?id=2663842&use=l&cat=p&typeid=i","cat":334872},{"id":13637,"n":"Aiguillette poulet Le Gaulois Blanc - 210g","p":3.72,"u":"17,71 €/KG","img":"https://fd9-photos.leclercdrive.fr/image.ashx?id=2239564&use=l&cat=p&typeid=i","cat":284336},{"id":13639,"n":"Nougat tendre de Montélimar NRT  sachet 200g","p":3.49,"u":"17,45 €/KG","img":"https://fd9-photos.leclercdrive.fr/image.ashx?id=2791069&use=l&cat=p&typeid=i","cat":304249},{"id":13642,"n":"Biscuits sablés Bio Village Amandes Citron Bio 200g","p":2.43,"u":"12,15 €/KG","img":"https://fd9-photos.leclercdrive.fr/image.ashx?id=2303019&use=l&cat=p&typeid=i","cat":284487},{"id":13643,"n":"Biscuits nappés Bio Village Bio Chocolat au lait 200g","p":2.43,"u":"12,15 €/KG","img":"https://fd9-photos.leclercdrive.fr/image.ashx?id=1937516&use=l&cat=p&typeid=i","cat":284488},{"id":13646,"n":"Rochers Equador Chocolat noir x7 245g","p":2.49,"u":"10,16 €/KG","img":"https://fd9-photos.leclercdrive.fr/image.ashx?id=2842483&use=l&cat=p&typeid=i","cat":327600},{"id":13647,"n":"Rochers Equador Chocolat au lait x7 - 245g","p":2.45,"u":"10,00 €/KG","img":"https://fd9-photos.leclercdrive.fr/image.ashx?id=2842480&use=l&cat=p&typeid=i","cat":327600},{"id":13648,"n":"Biscuit Croc Break P'tit Déli Lait et goût chocolat - 300g","p":1.24,"u":"4,13 €/KG","img":"https://fd9-photos.leclercdrive.fr/image.ashx?id=719346&use=l&cat=p&typeid=i","cat":284488},{"id":13649,"n":"Pansement Primoplast Cicatrisant hydrocolloïde x8","p":5.95,"img":"https://fd9-photos.leclercdrive.fr/image.ashx?id=2856480&use=l&cat=p&typeid=i","cat":284630},{"id":13650,"n":"Gel à l'arnica Primoplast 50g","p":1.62,"u":"32,40 €/KG","img":"https://fd9-photos.leclercdrive.fr/image.ashx?id=2856477&use=l&cat=p&typeid=i","cat":284630},{"id":13663,"n":"Mini-crêpes fourrées Tokapi  Comté - 65g","p":1.96,"u":"30,15 €/KG","img":"https://fd9-photos.leclercdrive.fr/image.ashx?id=2853892&use=l&cat=p&typeid=i","cat":297000},{"id":13678,"n":"Croûtons salade Epi d'Or Ail et fines herbes - 60g","p":0.6,"u":"10,00 €/KG","img":"https://fd9-photos.leclercdrive.fr/image.ashx?id=2606040&use=l&cat=p&typeid=i","cat":284464},{"id":13681,"n":"Pâté pur porc Côtés Table 2 Foie 1 campagne - 3x78g","p":1.9,"u":"8,12 €/KG","img":"https://fd9-photos.leclercdrive.fr/image.ashx?id=2518505&use=l&cat=p&typeid=i","cat":305149},{"id":13682,"n":"Pâté de campagne Côté Table Pur porc - 3x78g","p":1.85,"u":"7,91 €/KG","img":"https://fd9-photos.leclercdrive.fr/image.ashx?id=2478763&use=l&cat=p&typeid=i","cat":305149},{"id":13683,"n":"Pâté de foie Côté Table Pur porc - 3x78g","p":1.99,"u":"8,50 €/KG","img":"https://fd9-photos.leclercdrive.fr/image.ashx?id=2518502&use=l&cat=p&typeid=i","cat":305149},{"id":13684,"n":"Bouillon de légumes Rustica Cubes - 12x10g","p":0.67,"u":"5,58 €/KG","img":"https://fd9-photos.leclercdrive.fr/image.ashx?id=1753198&use=l&cat=p&typeid=i","cat":288379},{"id":13685,"n":"Bouillon de volaille Rustica Cubes - 12x10g","p":0.8,"u":"6,67 €/KG","img":"https://fd9-photos.leclercdrive.fr/image.ashx?id=1880027&use=l&cat=p&typeid=i","cat":288379},{"id":13686,"n":"Bouillon Pot au feu Rustica Cubes - 12x10g","p":1.39,"u":"11,58 €/KG","img":"https://fd9-photos.leclercdrive.fr/image.ashx?id=1880024&use=l&cat=p&typeid=i","cat":288379},{"id":13689,"n":"Pop corn caramélisé Tokapi 100g","p":0.71,"u":"7,10 €/KG","img":"https://fd9-photos.leclercdrive.fr/image.ashx?id=2920175&use=l&cat=p&typeid=i","cat":304249},{"id":13692,"n":"Mini-flûtes feuilletéesTokapi Romarin - 100g","p":1.4,"u":"14,00 €/KG","img":"https://fd9-photos.leclercdrive.fr/image.ashx?id=2374052&use=l&cat=p&typeid=i","cat":297000},{"id":13693,"n":"Gaufrettes fourrées Tokapi Chèvre et poivre - 75g","p":1.29,"u":"17,20 €/KG","img":"https://fd9-photos.leclercdrive.fr/image.ashx?id=2067944&use=l&cat=p&typeid=i","cat":297000},{"id":13694,"n":"Riz long Comptoir du Grain 500g","p":1.47,"u":"2,94 €/KG","img":"https://fd9-photos.leclercdrive.fr/image.ashx?id=2886534&use=l&cat=p&typeid=i","cat":284428},{"id":13696,"n":"Soufflés Snack's Tokapi Cacahuète - 90g","p":0.47,"u":"5,22 €/KG","img":"https://fd9-photos.leclercdrive.fr/image.ashx?id=2677026&use=l&cat=p&typeid=i","cat":284449},{"id":13698,"n":"Légumes couscous Notre Jardin 400g","p":1.43,"u":"3,58 €/KG","img":"https://fd9-photos.leclercdrive.fr/image.ashx?id=2854216&use=l&cat=p&typeid=i","cat":312612},{"id":13699,"n":"Gaufrettes fourrées Tokapi Gouda et noix - 75g","p":1.29,"u":"17,20 €/KG","img":"https://fd9-photos.leclercdrive.fr/image.ashx?id=2063329&use=l&cat=p&typeid=i","cat":297000},{"id":13700,"n":"Gaufrettes fourrées Tokapi Fromage - 75g","p":0.95,"u":"12,67 €/KG","img":"https://fd9-photos.leclercdrive.fr/image.ashx?id=2067929&use=l&cat=p&typeid=i","cat":297000},{"id":13703,"n":"Petits pois Notre Jardin A l'étuvée - Très fins - 560g","p":1.29,"u":"2,30 €/KG","img":"https://fd9-photos.leclercdrive.fr/image.ashx?id=2987955&use=l&cat=p&typeid=i","cat":312607},{"id":13719,"n":"Croquettes chat Purina One Adulte - Poulet/Céréales -1.5kg","p":6.44,"u":"4,29 €/KG","img":"https://fd9-photos.leclercdrive.fr/image.ashx?id=2537682&use=l&cat=p&typeid=i","cat":284680},{"id":13733,"n":"Barquettes chats Gourmet Gold Les terrines - 12x85g","p":5.59,"u":"5,48 €/KG","img":"https://fd9-photos.leclercdrive.fr/image.ashx?id=2979069&use=l&cat=p&typeid=i","cat":285286},{"id":13770,"n":"Croissants surgelés Epi d'Or Cuisson four - 6x60g","p":2.58,"u":"7,17 €/KG","img":"https://fd9-photos.leclercdrive.fr/image.ashx?id=2900088&use=l&cat=p&typeid=i","cat":284267},{"id":13776,"n":"Mouchoirs blancs 3 plis Caresse Boîte - x110","p":1.35,"u":"0,01 €/P","img":"https://fd9-photos.leclercdrive.fr/image.ashx?id=2777921&use=l&cat=p&typeid=i","cat":284638},{"id":13777,"n":"Lingettes bébé Eco+ Epaisses - x72","p":0.72,"u":"0,01 €/P","img":"https://fd9-photos.leclercdrive.fr/image.ashx?id=2874672&use=l&cat=p&typeid=i","cat":284738},{"id":13781,"n":"Salade Notre Jardin Laitue iceberg - 450g","p":1.33,"u":"2,96 €/KG","img":"https://fd9-photos.leclercdrive.fr/image.ashx?id=2930721&use=l&cat=p&typeid=i","cat":284353},{"id":13782,"n":"Déodorant Manava anti-traces 200ml","p":1.29,"u":"6,45 €/L","img":"https://fd9-photos.leclercdrive.fr/image.ashx?id=2692952&use=l&cat=p&typeid=i","cat":284595},{"id":13786,"n":"Shampooing Vitanove Equilibrant - 250ml","p":1.79,"u":"7,16 €/L","img":"https://fd9-photos.leclercdrive.fr/image.ashx?id=1913165&use=l&cat=p&typeid=i","cat":284606},{"id":13787,"n":"Shampooing Vitanove Extra Color - 250ml","p":1.56,"u":"6,24 €/L","img":"https://fd9-photos.leclercdrive.fr/image.ashx?id=1889779&use=l&cat=p&typeid=i","cat":284606},{"id":13788,"n":"Après-shampooing Vitanove Extra color - 200ml","p":1.38,"u":"6,90 €/L","img":"https://fd9-photos.leclercdrive.fr/image.ashx?id=2618302&use=l&cat=p&typeid=i","cat":284607},{"id":13790,"n":"Après-shampooing Vitanove Lissant - 200ml","p":1.49,"u":"7,45 €/L","img":"https://fd9-photos.leclercdrive.fr/image.ashx?id=2618314&use=l&cat=p&typeid=i","cat":284607},{"id":13811,"n":"Nettoyant visage Argile Garnier Peaux à imperfections - 150ml","p":3.9,"u":"26,00 €/L","img":"https://fd9-photos.leclercdrive.fr/image.ashx?id=2867548&use=l&cat=p&typeid=i","cat":284603},{"id":13975,"n":"Salade Notre Jardin Mâche - 200g","p":1.52,"u":"7,60 €/KG","img":"https://fd9-photos.leclercdrive.fr/image.ashx?id=2662583&use=l&cat=p&typeid=i","cat":284353},{"id":13978,"n":"Salade composée Notre Jardin 250g","p":1.21,"u":"4,84 €/KG","img":"https://fd9-photos.leclercdrive.fr/image.ashx?id=2680824&use=l&cat=p&typeid=i","cat":284353},{"id":13979,"n":"Haricots verts Bonduelle Extra fins - 1.2kg","p":2.65,"u":"2,21 €/KG","img":"https://fd9-photos.leclercdrive.fr/image.ashx?id=2837292&use=l&cat=p&typeid=i","cat":319805},{"id":13992,"n":"Recharge savon mains Manava Gel lavande - 250ml","p":0.69,"u":"2,76 €/L","img":"https://fd9-photos.leclercdrive.fr/image.ashx?id=2935477&use=l&cat=p&typeid=i","cat":284597},{"id":13995,"n":"Bandes extensibles Primoplast 4mx6cm - x2","p":1.29,"img":"https://fd9-photos.leclercdrive.fr/image.ashx?id=2856444&use=l&cat=p&typeid=i","cat":284630},{"id":13998,"n":"Pâte feuilletée Eco+ A dérouler - 230g","p":0.53,"u":"2,30 €/KG","img":"https://fd9-photos.leclercdrive.fr/image.ashx?id=2794178&use=l&cat=p&typeid=i","cat":333681},{"id":14006,"n":"Jambon de Vendée IGP NRT 2x90g","p":3.95,"u":"21,94 €/KG","img":"https://fd9-photos.leclercdrive.fr/image.ashx?id=2991482&use=l&cat=p&typeid=i","cat":316007},{"id":14018,"n":"Chocolat Pâtissier Tablette dOr Noir corsé - 64% cacao - 200g","p":2.09,"u":"10,45 €/KG","img":"https://fd9-photos.leclercdrive.fr/image.ashx?id=2602349&use=l&cat=p&typeid=i","cat":285562},{"id":14029,"n":"Fromage Neufchâtel AOP  Nos Régions ont du Talent 200g","p":2.64,"u":"13,20 €/KG","img":"https://fd9-photos.leclercdrive.fr/image.ashx?id=2071227&use=l&cat=p&typeid=i","cat":329558},{"id":14031,"n":"Crème Décolorante Siliss Visage et Corps - 2x50ml","p":2.79,"u":"27,90 €/L","img":"https://fd9-photos.leclercdrive.fr/image.ashx?id=2743783&use=l&cat=p&typeid=i","cat":325351},{"id":14033,"n":"Crochets anti-mites Insectivor Cèdre 2x3ml","p":1.99,"u":"331,67 €/L","img":"https://fd9-photos.leclercdrive.fr/image.ashx?id=2849575&use=l&cat=p&typeid=i","cat":298368},{"id":14046,"n":"Calvados pays d'auge NRT  40%vol. - 70cl","p":22.99,"u":"32,84 €/L","img":"https://fd9-photos.leclercdrive.fr/image.ashx?id=1647892&use=l&cat=p&typeid=i","cat":286032},{"id":14051,"n":"Confiture extra bio Bio Village Myrtilles - 370g","p":2.29,"u":"6,19 €/KG","img":"https://fd9-photos.leclercdrive.fr/image.ashx?id=2965620&use=l&cat=p&typeid=i","cat":284480},{"id":14056,"n":"Confiture extra prunes NRT Du Lot-et-Garonne - 315g","p":2.67,"u":"8,48 €/KG","img":"https://fd9-photos.leclercdrive.fr/image.ashx?id=2699798&use=l&cat=p&typeid=i","cat":284480},{"id":14058,"n":"Confiture rhubarbe NRT Des Hauts-de-France - 315g","p":2.85,"u":"9,05 €/KG","img":"https://fd9-photos.leclercdrive.fr/image.ashx?id=2460652&use=l&cat=p&typeid=i","cat":284480},{"id":14060,"n":"Confiture de coings NRT 315g","p":3.61,"u":"11,46 €/KG","img":"https://fd9-photos.leclercdrive.fr/image.ashx?id=2494154&use=l&cat=p&typeid=i","cat":284480},{"id":14061,"n":"Confiture poires williams NRT De la Valée du Rhône - 315g","p":2.83,"u":"8,98 €/KG","img":"https://fd9-photos.leclercdrive.fr/image.ashx?id=2699792&use=l&cat=p&typeid=i","cat":284480},{"id":14062,"n":"Préparation framboises NRT Du Massif Central - 315g","p":4.02,"u":"12,76 €/KG","img":"https://fd9-photos.leclercdrive.fr/image.ashx?id=2518526&use=l&cat=p&typeid=i","cat":284480},{"id":14063,"n":"Préparation NRT Agrumes de Corse - 315g","p":2.82,"u":"8,95 €/KG","img":"https://fd9-photos.leclercdrive.fr/image.ashx?id=2460646&use=l&cat=p&typeid=i","cat":284480},{"id":14064,"n":"Préparation NRT Abricots d'Occitanie - 315g","p":2.87,"u":"9,11 €/KG","img":"https://fd9-photos.leclercdrive.fr/image.ashx?id=2590466&use=l&cat=p&typeid=i","cat":284480},{"id":14066,"n":"Crème anchoïade NRT à la provençale - 90g","p":2.09,"u":"23,22 €/KG","img":"https://fd9-photos.leclercdrive.fr/image.ashx?id=2991166&use=l&cat=p&typeid=i","cat":285191},{"id":14075,"n":"Lait de coco Tables du monde 400ml","p":1.52,"u":"3,80 €/L","img":"https://fd9-photos.leclercdrive.fr/image.ashx?id=1960758&use=l&cat=p&typeid=i","cat":288992},{"id":14076,"n":"Fromage Mimolette Vieille NRT En dés - 150g","p":2.99,"u":"19,93 €/KG","img":"https://fd9-photos.leclercdrive.fr/image.ashx?id=2934826&use=l&cat=p&typeid=i","cat":314027},{"id":14082,"n":"Miel de fleurs bio Bio Village 500g","p":4.99,"u":"9,98 €/KG","img":"https://fd9-photos.leclercdrive.fr/image.ashx?id=2348265&use=l&cat=p&typeid=i","cat":287643},{"id":14084,"n":"Confiture bio Bio Village Oranges - 370g","p":2.26,"u":"6,11 €/KG","img":"https://fd9-photos.leclercdrive.fr/image.ashx?id=2965623&use=l&cat=p&typeid=i","cat":284480},{"id":14088,"n":"Garnit bouchée reine Coté Table 400g","p":1.79,"u":"4,48 €/KG","img":"https://fd9-photos.leclercdrive.fr/image.ashx?id=2977150&use=l&cat=p&typeid=i","cat":284441},{"id":14090,"n":"Aïoli de méditerranée NRT 90g","p":1.95,"u":"21,67 €/KG","img":"https://fd9-photos.leclercdrive.fr/image.ashx?id=2834329&use=l&cat=p&typeid=i","cat":284382},{"id":14091,"n":"Miel d'Acacia Nid d'abeille 375g","p":4.33,"u":"11,55 €/KG","img":"https://fd9-photos.leclercdrive.fr/image.ashx?id=2635901&use=l&cat=p&typeid=i","cat":287643},{"id":14092,"n":"Brandade de morue NRT de Nîmes - 150g","p":3.79,"u":"18,95 €/KG","img":"https://fd9-photos.leclercdrive.fr/image.ashx?id=2663833&use=l&cat=p&typeid=i","cat":285191},{"id":14094,"n":"Confiture pêches de vigne NRT De la Valée du Rhône - 315g","p":3.03,"u":"9,62 €/KG","img":"https://fd9-photos.leclercdrive.fr/image.ashx?id=2657286&use=l&cat=p&typeid=i","cat":284480},{"id":14099,"n":"Spray nettoyant Eco+ avec Javel 750ml","p":0.87,"u":"1,16 €/L","img":"https://fd9-photos.leclercdrive.fr/image.ashx?id=2837003&use=l&cat=p&typeid=i","cat":325357},{"id":14100,"n":"Quatre-quarts breton NRT 400g","p":3.99,"u":"9,98 €/KG","img":"https://fd9-photos.leclercdrive.fr/image.ashx?id=2663827&use=l&cat=p&typeid=i","cat":294776},{"id":14107,"n":"Tielles sétoises NRT x2 - 220g","p":2.93,"u":"13,32 €/KG","img":"https://fd9-photos.leclercdrive.fr/image.ashx?id=2663830&use=l&cat=p&typeid=i","cat":285340},{"id":14111,"n":"Houmous Tables du Monde 200g","p":1.43,"u":"7,15 €/KG","img":"https://fd9-photos.leclercdrive.fr/image.ashx?id=2872258&use=l&cat=p&typeid=i","cat":315999},{"id":14114,"n":"Brosse à dents Dentamyl Médium x4","p":0.99,"u":"0,25 €/P","img":"https://fd9-photos.leclercdrive.fr/image.ashx?id=2790922&use=l&cat=p&typeid=i","cat":284614},{"id":14118,"n":"Carottes râpées Eco+ Assaisonnées - 500g","p":0.84,"u":"1,68 €/KG","img":"https://fd9-photos.leclercdrive.fr/image.ashx?id=2042397&use=l&cat=p&typeid=i","cat":333657},{"id":14122,"n":"Bâtonnets crâbe Eco+ x24 - 400g","p":1.25,"u":"3,13 €/KG","img":"https://fd9-photos.leclercdrive.fr/image.ashx?id=3001193&use=l&cat=p&typeid=i","cat":285189},{"id":14124,"n":"Rosette pur porc Eco+ 12 tranches - 150g","p":1.26,"u":"8,40 €/KG","img":"https://fd9-photos.leclercdrive.fr/image.ashx?id=2728222&use=l&cat=p&typeid=i","cat":316007},{"id":14126,"n":"Lasagnes bolognaise Eco+ 1kg","p":3.31,"u":"3,31 €/KG","img":"https://fd9-photos.leclercdrive.fr/image.ashx?id=2814842&use=l&cat=p&typeid=i","cat":333666},{"id":14131,"n":"Désodorisant Visior Lave-vaisselle Citron - x2","p":1.29,"u":"0,65 €/P","img":"https://fd9-photos.leclercdrive.fr/image.ashx?id=2951119&use=l&cat=p&typeid=i","cat":284657},{"id":14132,"n":"Bloc wc javel Syphon 2x40g","p":1.46,"u":"18,25 €/KG","img":"https://fd9-photos.leclercdrive.fr/image.ashx?id=2302540&use=l&cat=p&typeid=i","cat":284662},{"id":14135,"n":"Brosse à dents Eco+ Médium x2","p":0.23,"u":"0,12 €/P","img":"https://fd9-photos.leclercdrive.fr/image.ashx?id=2783783&use=l&cat=p&typeid=i","cat":284614},{"id":14138,"n":"Lingettes dépoussiérantes Eco+ x40","p":1.76,"u":"0,04 €/P","img":"https://fd9-photos.leclercdrive.fr/image.ashx?id=2805972&use=l&cat=p&typeid=i","cat":325364},{"id":14140,"n":"Savon extra-doux Manava Douceur d'amande 6x100g","p":3.16,"u":"5,27 €/KG","img":"https://fd9-photos.leclercdrive.fr/image.ashx?id=2331312&use=l&cat=p&typeid=i","cat":284597},{"id":14143,"n":"Diffuseur électrique Insectivor Anti-moustiques + recharge 35ml","p":4.65,"img":"https://fd9-photos.leclercdrive.fr/image.ashx?id=2717102&use=l&cat=p&typeid=i","cat":298368},{"id":14144,"n":"Lingettes bébé Mots d'Enfants Débarbouillantes - x40","p":1.47,"u":"0,04 €/P","img":"https://fd9-photos.leclercdrive.fr/image.ashx?id=2856471&use=l&cat=p&typeid=i","cat":284738},{"id":14145,"n":"Nems porc Eco+ Avec sauce 310g","p":1.73,"u":"5,58 €/KG","img":"https://fd9-photos.leclercdrive.fr/image.ashx?id=2987631&use=l&cat=p&typeid=i","cat":333673},{"id":14153,"n":"Bonbons Eco+ Menthe Eucalyptus - 240g","p":1.01,"u":"4,21 €/KG","img":"https://fd9-photos.leclercdrive.fr/image.ashx?id=2699090&use=l&cat=p&typeid=i","cat":304252},{"id":14154,"n":"Bonbons gélifiés Eco+ Frites - 200g","p":1.11,"u":"5,55 €/KG","img":"https://fd9-photos.leclercdrive.fr/image.ashx?id=2774066&use=l&cat=p&typeid=i","cat":304250},{"id":14155,"n":"Gnocchi Turini à poêler 300g","p":0.89,"u":"2,97 €/KG","img":"https://fd9-photos.leclercdrive.fr/image.ashx?id=3010566&use=l&cat=p&typeid=i","cat":333682},{"id":14158,"n":"Fromage Mystère du Prieuré Lait pasteurisé - 340g","p":2.65,"u":"7,79 €/KG","img":"https://fd9-photos.leclercdrive.fr/image.ashx?id=2900085&use=l&cat=p&typeid=i","cat":329184},{"id":14159,"n":"Bonbons gélifiés Eco+ Goût cola - 200g","p":0.95,"u":"4,75 €/KG","img":"https://fd9-photos.leclercdrive.fr/image.ashx?id=2717099&use=l&cat=p&typeid=i","cat":304250},{"id":14163,"n":"Crème nettoyante Clair 3en1 - Fraicheur - 750ml","p":1.28,"u":"1,71 €/L","img":"https://fd9-photos.leclercdrive.fr/image.ashx?id=2358324&use=l&cat=p&typeid=i","cat":325357},{"id":14164,"n":"Roquefort AOP Eco+ Lait cru brebis 150g","p":2.16,"u":"14,40 €/KG","img":"https://fd9-photos.leclercdrive.fr/image.ashx?id=2966629&use=l&cat=p&typeid=i","cat":314032},{"id":14167,"n":"Brosse à dents Dentamyl Extra souple x1","p":0.85,"img":"https://fd9-photos.leclercdrive.fr/image.ashx?id=2790925&use=l&cat=p&typeid=i","cat":284614},{"id":14168,"n":"Dentifrice Dentamyl Protection gencives 75ml","p":0.92,"u":"12,27 €/L","img":"https://fd9-photos.leclercdrive.fr/image.ashx?id=2489092&use=l&cat=p&typeid=i","cat":284612},{"id":14170,"n":"Nettoyant lave-vaisselle Visior 250ml","p":2.65,"u":"10,60 €/L","img":"https://fd9-photos.leclercdrive.fr/image.ashx?id=776479&use=l&cat=p&typeid=i","cat":284657},{"id":14179,"n":"Betteraves rouges Bio Village Bio - 200g","p":1.99,"u":"9,95 €/KG","img":"https://fd9-photos.leclercdrive.fr/image.ashx?id=2659197&use=l&cat=p&typeid=i","cat":333657},{"id":14182,"n":"Déodorant stick Carré Homme Marine - 50ml","p":2.18,"u":"43,60 €/L","img":"https://fd9-photos.leclercdrive.fr/image.ashx?id=2481207&use=l&cat=p&typeid=i","cat":284618},{"id":14183,"n":"Lame de rasoir Siliss 3 lames - x4","p":3.58,"img":"https://fd9-photos.leclercdrive.fr/image.ashx?id=2699414&use=l&cat=p&typeid=i","cat":325352},{"id":14187,"n":"Masque réparateur Vitanove Secs abîmés cassants 300ml","p":2.64,"u":"8,80 €/L","img":"https://fd9-photos.leclercdrive.fr/image.ashx?id=2931769&use=l&cat=p&typeid=i","cat":284608},{"id":14190,"n":"Savon mains en crème Manava nourrissante à l'amande - 300ml","p":0.9,"u":"3,00 €/L","img":"https://fd9-photos.leclercdrive.fr/image.ashx?id=2935471&use=l&cat=p&typeid=i","cat":284597},{"id":14193,"n":"Masque capillaire Vitanove Extra color 300ml","p":2.69,"u":"8,97 €/L","img":"https://fd9-photos.leclercdrive.fr/image.ashx?id=2149095&use=l&cat=p&typeid=i","cat":284608},{"id":14195,"n":"Bande à découper Primoplast Peaux sensibles - 10x6cm","p":0.89,"img":"https://fd9-photos.leclercdrive.fr/image.ashx?id=2856417&use=l&cat=p&typeid=i","cat":284630},{"id":14196,"n":"Après-shampooing Vitanove Réparateur - 200ml","p":1.43,"u":"7,15 €/L","img":"https://fd9-photos.leclercdrive.fr/image.ashx?id=2618311&use=l&cat=p&typeid=i","cat":284607},{"id":14211,"n":"Lotion après-rasage Carré Homme Boisée tonifiant 100ml","p":2.61,"u":"26,10 €/L","img":"https://fd9-photos.leclercdrive.fr/image.ashx?id=2854222&use=l&cat=p&typeid=i","cat":288147},{"id":14212,"n":"Lotion après-rasage Carré Homme Marine tonifiant 100ml","p":2.61,"u":"26,10 €/L","img":"https://fd9-photos.leclercdrive.fr/image.ashx?id=2854219&use=l&cat=p&typeid=i","cat":288147},{"id":14217,"n":"Crème pieds Primoplast Nutri-réparatrice - 75ml","p":1.49,"u":"19,87 €/L","img":"https://fd9-photos.leclercdrive.fr/image.ashx?id=2832930&use=l&cat=p&typeid=i","cat":325354},{"id":14218,"n":"Dentifrice enfant Dentamyl Bubble gum - 3 à 6 ans - 50ml","p":0.89,"u":"17,80 €/L","img":"https://fd9-photos.leclercdrive.fr/image.ashx?id=2075185&use=l&cat=p&typeid=i","cat":288898},{"id":14219,"n":"Dentifrice enfant Dentamyl Menthe - 7 à 13 ans - 75ml","p":0.74,"u":"9,87 €/L","img":"https://fd9-photos.leclercdrive.fr/image.ashx?id=2489113&use=l&cat=p&typeid=i","cat":288898},{"id":14220,"n":"Shampooing Vitanove Volumateur - 250ml","p":1.79,"u":"7,16 €/L","img":"https://fd9-photos.leclercdrive.fr/image.ashx?id=1909519&use=l&cat=p&typeid=i","cat":284606},{"id":14222,"n":"Lait de toilette Mots d'Enfants Bébé peaux délicates - 250ml","p":1.95,"u":"7,80 €/L","img":"https://fd9-photos.leclercdrive.fr/image.ashx?id=3015024&use=l&cat=p&typeid=i","cat":284741},{"id":14223,"n":"Dépoussiérant meubles Clair Multi-surfaces 300ml","p":1.03,"u":"3,43 €/L","img":"https://fd9-photos.leclercdrive.fr/image.ashx?id=2856681&use=l&cat=p&typeid=i","cat":325364},{"id":14234,"n":"Bêtises de Cambrai NRT 200g","p":2.57,"u":"12,85 €/KG","img":"https://fd9-photos.leclercdrive.fr/image.ashx?id=2771034&use=l&cat=p&typeid=i","cat":304250},{"id":14235,"n":"Change complet Chorys Taille M - x20","p":9.94,"u":"0,50 €/P","img":"https://fd9-photos.leclercdrive.fr/image.ashx?id=2169156&use=l&cat=p&typeid=i","cat":284628},{"id":14236,"n":"Jambon cru Eco+ 8 tranches - 150g","p":1.77,"u":"11,80 €/KG","img":"https://fd9-photos.leclercdrive.fr/image.ashx?id=2917638&use=l&cat=p&typeid=i","cat":316007},{"id":14243,"n":"Pain de mie nature Epi d'Or Grandes tranches - 825g","p":1.59,"u":"1,93 €/KG","img":"https://fd9-photos.leclercdrive.fr/image.ashx?id=2860724&use=l&cat=p&typeid=i","cat":284477},{"id":14258,"n":"Ravioles de la Drôme NRT Chèvre - 240g","p":3.39,"u":"14,13 €/KG","img":"https://fd9-photos.leclercdrive.fr/image.ashx?id=2704900&use=l&cat=p&typeid=i","cat":333682},{"id":14260,"n":"Crottin Chavignol NRT AOP  Fromage de chèvre - 2x60g","p":3.75,"u":"31,25 €/KG","img":"https://fd9-photos.leclercdrive.fr/image.ashx?id=2519432&use=l&cat=p&typeid=i","cat":314031},{"id":14262,"n":"Cognac v.s.o.p 40%vol. NRT 50cl","p":21.34,"u":"42,68 €/L","img":"https://fd9-photos.leclercdrive.fr/image.ashx?id=1646501&use=l&cat=p&typeid=i","cat":286032},{"id":14270,"n":"Cidre Pays d'Auge NRT AOP  4.5%vol - 75cl","p":3.89,"u":"5,19 €/L","img":"https://fd9-photos.leclercdrive.fr/image.ashx?id=2791081&use=l&cat=p&typeid=i","cat":334880},{"id":14271,"n":"Crème de marrons NRT De l'Ardèche - 325g","p":3.03,"u":"9,32 €/KG","img":"https://fd9-photos.leclercdrive.fr/image.ashx?id=2954154&use=l&cat=p&typeid=i","cat":284481},{"id":14272,"n":"Calissons NRT D'Aix-en-provence - 250g","p":5.99,"u":"23,96 €/KG","img":"https://fd9-photos.leclercdrive.fr/image.ashx?id=2771031&use=l&cat=p&typeid=i","cat":284499},{"id":14273,"n":"Fromage Pont-l'Evêque AOP  Nos Régions ont du Talent 220g","p":2.65,"u":"12,05 €/KG","img":"https://fd9-photos.leclercdrive.fr/image.ashx?id=2356344&use=l&cat=p&typeid=i","cat":329558},{"id":14280,"n":"Bûche Sainte Maure Touraine NRT AOP - Fromage de chèvre - 250g","p":5.07,"u":"20,28 €/KG","img":"https://fd9-photos.leclercdrive.fr/image.ashx?id=2422608&use=l&cat=p&typeid=i","cat":314031},{"id":14282,"n":"Préparation citrons NRT De Corse -  315g","p":2.69,"u":"8,54 €/KG","img":"https://fd9-photos.leclercdrive.fr/image.ashx?id=2699810&use=l&cat=p&typeid=i","cat":284480},{"id":14285,"n":"Fromage Emmental Eco+ Râpé - 200g","p":1.5,"u":"7,50 €/KG","img":"https://fd9-photos.leclercdrive.fr/image.ashx?id=2615798&use=l&cat=p&typeid=i","cat":314035},{"id":14292,"n":"Eau aromatisée Volvic Zest  Citron - 1,5L","p":1.07,"u":"0,71 €/L","img":"https://fd9-photos.leclercdrive.fr/image.ashx?id=2730253&use=l&cat=p&typeid=i","cat":284537},{"id":14293,"n":"Eau aromatisée Volvic Zest Citron - 6x50cl","p":3.14,"u":"1,05 €/L","img":"https://fd9-photos.leclercdrive.fr/image.ashx?id=2730256&use=l&cat=p&typeid=i","cat":284537},{"id":14327,"n":"Poêlée Côté Table Franc-Comtoise - 900g","p":4.19,"u":"4,66 €/KG","img":"https://fd9-photos.leclercdrive.fr/image.ashx?id=2048440&use=l&cat=p&typeid=i","cat":319823},{"id":14328,"n":"Hachis parmentier Côté Table 300g","p":2.56,"u":"8,53 €/KG","img":"https://fd9-photos.leclercdrive.fr/image.ashx?id=2718802&use=l&cat=p&typeid=i","cat":284254},{"id":14329,"n":"Brandade de morue Côté Table MSC - 300g","p":2.72,"u":"9,07 €/KG","img":"https://fd9-photos.leclercdrive.fr/image.ashx?id=2779187&use=l&cat=p&typeid=i","cat":284254},{"id":14330,"n":"Poêlée de légumes Notre Jardin Légumes grillés - 750g","p":3.11,"u":"4,15 €/KG","img":"https://fd9-photos.leclercdrive.fr/image.ashx?id=2771369&use=l&cat=p&typeid=i","cat":319823},{"id":14334,"n":"Ratatouille Notre Jardin Cuisinée 750g","p":2.85,"u":"3,80 €/KG","img":"https://fd9-photos.leclercdrive.fr/image.ashx?id=2873129&use=l&cat=p&typeid=i","cat":319823},{"id":14336,"n":"Pavé saumon Pêche Océan ASC Atlantique -  500g","p":11.19,"u":"22,38 €/KG","img":"https://fd9-photos.leclercdrive.fr/image.ashx?id=2953728&use=l&cat=p&typeid=i","cat":319786},{"id":14349,"n":"Biscuits Truffine Equador  Meringue crème cacao - 100g","p":2.97,"u":"29,70 €/KG","img":"https://fd9-photos.leclercdrive.fr/image.ashx?id=2597618&use=l&cat=p&typeid=i","cat":284490},{"id":14351,"n":"Bandes non tissées Siliss Recharges -  2x14","p":2.23,"u":"0,08 €/P","img":"https://fd9-photos.leclercdrive.fr/image.ashx?id=2699417&use=l&cat=p&typeid=i","cat":325351},{"id":14352,"n":"Savon Manava  Karité - 2x100g","p":1.39,"u":"6,95 €/KG","img":"https://fd9-photos.leclercdrive.fr/image.ashx?id=2455371&use=l&cat=p&typeid=i","cat":284597},{"id":14358,"n":"Spécialité au soja Nat & Vie Fruits rouges - 4x100g","p":1.29,"u":"3,23 €/KG","img":"https://fd9-photos.leclercdrive.fr/image.ashx?id=2901440&use=l&cat=p&typeid=i","cat":316071},{"id":14359,"n":"Change complet Chorys Taille L - x20","p":10.7,"u":"0,54 €/P","img":"https://fd9-photos.leclercdrive.fr/image.ashx?id=2946163&use=l&cat=p&typeid=i","cat":284628},{"id":14360,"n":"Yaourts à boire Délisse Petits Délis fruits - 8x100g","p":3.2,"u":"4,00 €/KG","img":"https://fd9-photos.leclercdrive.fr/image.ashx?id=2754886&use=l&cat=p&typeid=i","cat":284415},{"id":14371,"n":"Mousse à la crème Duodélisse Nature - 4x100g","p":1.49,"u":"3,73 €/KG","img":"https://fd9-photos.leclercdrive.fr/image.ashx?id=2387334&use=l&cat=p&typeid=i","cat":284409},{"id":14376,"n":"Dés de fromage Les Croisés Ail et fines herbes - 120g","p":1.54,"u":"12,83 €/KG","img":"https://fd9-photos.leclercdrive.fr/image.ashx?id=2741616&use=l&cat=p&typeid=i","cat":314027},{"id":14378,"n":"Dés de fromage Les Croisés Basilic ciboulette - 120g","p":1.69,"u":"14,08 €/KG","img":"https://fd9-photos.leclercdrive.fr/image.ashx?id=2741619&use=l&cat=p&typeid=i","cat":314027},{"id":14381,"n":"Palets bretons NRT 100g","p":1.83,"u":"18,30 €/KG","img":"https://fd9-photos.leclercdrive.fr/image.ashx?id=2622299&use=l&cat=p&typeid=i","cat":284487},{"id":14383,"n":"Blocs WC Syphon Activ' Effect  Lavande - x3","p":1.09,"u":"0,36 €/P","img":"https://fd9-photos.leclercdrive.fr/image.ashx?id=2320710&use=l&cat=p&typeid=i","cat":284662},{"id":14427,"n":"Pastis Ricard Anisé 45% vol - 70cl","p":15.3,"u":"21,86 €/L","img":"https://fd9-photos.leclercdrive.fr/image.ashx?id=2976776&use=l&cat=p&typeid=i","cat":284548},{"id":14429,"n":"Eau de vie Auguste Mugniot Poire Williams - 40%vol. - 50cl","p":19.99,"u":"39,98 €/L","img":"https://fd9-photos.leclercdrive.fr/image.ashx?id=857588&use=l&cat=p&typeid=i","cat":286032},{"id":14431,"n":"Rhum Lagoa 40%vol - 1L","p":13.59,"u":"13,59 €/L","img":"https://fd9-photos.leclercdrive.fr/image.ashx?id=2966481&use=l&cat=p&typeid=i","cat":284550},{"id":14434,"n":"Pastis de Marseille Vivalis 45%vol - 70cl","p":12.88,"u":"18,40 €/L","img":"https://fd9-photos.leclercdrive.fr/image.ashx?id=2590406&use=l&cat=p&typeid=i","cat":284548},{"id":14440,"n":"Bière blonde Desquiles Canette - 5.9%vol. - 50cl","p":1.35,"u":"2,70 €/L","img":"https://fd9-photos.leclercdrive.fr/image.ashx?id=2646991&use=l&cat=p&typeid=i","cat":334853},{"id":14441,"n":"Eau minérale naturelle Evian  6x1l","p":2.87,"u":"0,48 €/L","img":"https://fd9-photos.leclercdrive.fr/image.ashx?id=2969019&use=l&cat=p&typeid=i","cat":284535},{"id":14442,"n":"Champagne brut blanc Pol Carson - 37,5cl","p":11.75,"u":"31,33 €/L","img":"https://fd9-photos.leclercdrive.fr/image.ashx?id=2909849&use=l&cat=p&typeid=i","cat":284542},{"id":14451,"n":"Sirop Frucci Menthe - 1L","p":2.46,"u":"2,46 €/L","img":"https://fd9-photos.leclercdrive.fr/image.ashx?id=2954067&use=l&cat=p&typeid=i","cat":295020},{"id":14452,"n":"Sirop Sport Citron - 1L","p":2.4,"u":"2,40 €/L","img":"https://fd9-photos.leclercdrive.fr/image.ashx?id=3011182&use=l&cat=p&typeid=i","cat":295020},{"id":14458,"n":"Biscuits tablette Eco+ Chocolat au lait - 150g","p":0.98,"u":"6,53 €/KG","img":"https://fd9-photos.leclercdrive.fr/image.ashx?id=2682750&use=l&cat=p&typeid=i","cat":284488},{"id":14494,"n":"Coquilles Saint-Jacques Tipiak À la bretonne - 4x90g","p":6.59,"u":"18,31 €/KG","img":"https://fd9-photos.leclercdrive.fr/image.ashx?id=2559754&use=l&cat=p&typeid=i","cat":319775},{"id":14499,"n":"Miel de lavande Provence IGP Nos Régions ont du Talent 375g","p":6.29,"u":"16,77 €/KG","img":"https://fd9-photos.leclercdrive.fr/image.ashx?id=2771073&use=l&cat=p&typeid=i","cat":287643},{"id":14512,"n":"Sachets glaçons Elembal x15","p":0.8,"img":"https://fd9-photos.leclercdrive.fr/image.ashx?id=2671810&use=l&cat=p&typeid=i","cat":334134},{"id":14544,"n":"Serviettes papier Homeside Triple épaisseur 40x40 x50","p":2.99,"u":"0,06 €/P","img":"https://fd9-photos.leclercdrive.fr/image.ashx?id=1659681&use=l&cat=p&typeid=i","cat":334134},{"id":14563,"n":"Serviettes Eco+ papier blanc x200","p":1.23,"u":"0,01 €/P","img":"https://fd9-photos.leclercdrive.fr/image.ashx?id=1413111&use=l&cat=p&typeid=i","cat":334134},{"id":14570,"n":"Nappe Eco+ papier blanche 25m","p":4.77,"u":"0,19 €/MT","img":"https://fd9-photos.leclercdrive.fr/image.ashx?id=1300431&use=l&cat=p&typeid=i","cat":334134},{"id":14574,"n":"Serviette incontinence Chorys Normal - x12","p":1.99,"u":"0,17 €/P","img":"https://fd9-photos.leclercdrive.fr/image.ashx?id=2393848&use=l&cat=p&typeid=i","cat":284628},{"id":14575,"n":"Serviette incontinence Chorys Mini - x20","p":1.99,"u":"0,10 €/P","img":"https://fd9-photos.leclercdrive.fr/image.ashx?id=2448409&use=l&cat=p&typeid=i","cat":284628},{"id":14582,"n":"Bandes de cire froide Siliss Corps - Peaux sensibles - x40","p":2.21,"u":"0,06 €/P","img":"https://fd9-photos.leclercdrive.fr/image.ashx?id=2699426&use=l&cat=p&typeid=i","cat":325351},{"id":14625,"n":"Boisson énergétique Powerade Ice storm - 50cl","p":1.03,"u":"2,06 €/L","img":"https://fd9-photos.leclercdrive.fr/image.ashx?id=2970756&use=l&cat=p&typeid=i","cat":284533},{"id":14633,"n":"AOP Bordeaux rouge La Croix d'Austéran - 75cl","p":4.55,"u":"6,07 €/L","img":"https://fd9-photos.leclercdrive.fr/image.ashx?id=1672093&use=l&cat=p&typeid=i","cat":289556},{"id":14636,"n":"Soda Jean's Cola Zéro Canette - 6x33cl","p":1.98,"u":"1,00 €/L","img":"https://fd9-photos.leclercdrive.fr/image.ashx?id=2637886&use=l&cat=p&typeid=i","cat":284530},{"id":14637,"n":"Biscuits P'tit Déli ronds Chocolat noir 200g","p":1.34,"u":"6,70 €/KG","img":"https://fd9-photos.leclercdrive.fr/image.ashx?id=2884207&use=l&cat=p&typeid=i","cat":284488},{"id":14659,"n":"Gel désinfectant mains Sanytol Au thé vert - 250ml","p":3.34,"u":"13,36 €/L","img":"https://fd9-photos.leclercdrive.fr/image.ashx?id=1754056&use=l&cat=p&typeid=i","cat":284630},{"id":14660,"n":"Gel désinfectant mains Sanytol Au thé vert - 75ml","p":1.95,"u":"26,00 €/L","img":"https://fd9-photos.leclercdrive.fr/image.ashx?id=2338730&use=l&cat=p&typeid=i","cat":284630},{"id":14661,"n":"Lingettes Hygiène Intime Usage Quotidien Intima Hamamélis x20","p":1.97,"u":"0,10 €/P","img":"https://fd9-photos.leclercdrive.fr/image.ashx?id=2886675&use=l&cat=p&typeid=i","cat":284627},{"id":14675,"n":"boisson végétale lait d'amande  bio bjorg intense - 1L","p":2.83,"u":"2,83 €/L","img":"https://fd9-photos.leclercdrive.fr/image.ashx?id=2970918&use=l&cat=p&typeid=i","cat":316067},{"id":14688,"n":"Biscuits Bjorg Fourrés Chocolat lait bio 225g","p":2.94,"u":"13,07 €/KG","img":"https://fd9-photos.leclercdrive.fr/image.ashx?id=2970927&use=l&cat=p&typeid=i","cat":284488},{"id":14691,"n":"Chocolat Alter Eco Noir Absolu Pérou 85% cacao bio - 100g","p":2.75,"u":"27,50 €/KG","img":"https://fd9-photos.leclercdrive.fr/image.ashx?id=2906535&use=l&cat=p&typeid=i","cat":284956},{"id":14763,"n":"Shampooing Pétrol Hahn Force -  250ml","p":2.35,"u":"9,40 €/L","img":"https://fd9-photos.leclercdrive.fr/image.ashx?id=2104450&use=l&cat=p&typeid=i","cat":284621},{"id":14764,"n":"Piles TechPlus Foxter AAA/LR3 - x4","p":1.99,"img":"https://fd9-photos.leclercdrive.fr/image.ashx?id=2162162&use=l&cat=p&typeid=i","cat":300572},{"id":14765,"n":"Pile alcaline Tech+ Foxter 9V/6LP3146","p":2.49,"img":"https://fd9-photos.leclercdrive.fr/image.ashx?id=2162180&use=l&cat=p&typeid=i","cat":300572},{"id":14769,"n":"Piles alcalines Tech+  Foxter D/LR20 - x2","p":2.39,"u":"1,20 €/P","img":"https://fd9-photos.leclercdrive.fr/image.ashx?id=2162186&use=l&cat=p&typeid=i","cat":300572},{"id":14778,"n":"Recharges absorbeur Foxter Neutre absorbeur humidité x4","p":10.99,"u":"2,75 €/P","img":"https://fd9-photos.leclercdrive.fr/image.ashx?id=2162207&use=l&cat=p&typeid=i","cat":300576},{"id":14814,"n":"Compotes pommes Andros 4x100g","p":1.35,"u":"3,38 €/KG","img":"https://fd9-photos.leclercdrive.fr/image.ashx?id=2883925&use=l&cat=p&typeid=i","cat":284416},{"id":14827,"n":"Bloc notes adhésif Esquisse  76mmx76mm - 2x100","p":1.25,"img":"https://fd9-photos.leclercdrive.fr/image.ashx?id=1678694&use=l&cat=p&typeid=i","cat":334133},{"id":14828,"n":"Rouleau adhésif transparent Eco + x1","p":0.19,"img":"https://fd9-photos.leclercdrive.fr/image.ashx?id=1701136&use=l&cat=p&typeid=i","cat":334133},{"id":14854,"n":"Crayons de couleur Eco+ x12","p":0.37,"img":"https://fd9-photos.leclercdrive.fr/image.ashx?id=1929756&use=l&cat=p&typeid=i","cat":284696},{"id":14858,"n":"Feutres Eco+ x12","p":0.35,"img":"https://fd9-photos.leclercdrive.fr/image.ashx?id=2553941&use=l&cat=p&typeid=i","cat":284696},{"id":14867,"n":"Adoucissant Hyperdou Pure Caresse - 750ml","p":1.99,"u":"2,65 €/L","img":"https://fd9-photos.leclercdrive.fr/image.ashx?id=2614446&use=l&cat=p&typeid=i","cat":284650},{"id":14880,"n":"Compote Charles & Alice Pommes Mangues - 4x100g","p":1.43,"u":"3,58 €/KG","img":"https://fd9-photos.leclercdrive.fr/image.ashx?id=2757347&use=l&cat=p&typeid=i","cat":284416},{"id":14887,"n":"Compote Charles & Alice Pommes - 4x100g","p":1.46,"u":"3,65 €/KG","img":"https://fd9-photos.leclercdrive.fr/image.ashx?id=2757677&use=l&cat=p&typeid=i","cat":284416},{"id":14888,"n":"Compote Charles & Alice Pommes Poires - 4x100g","p":1.45,"u":"3,63 €/KG","img":"https://fd9-photos.leclercdrive.fr/image.ashx?id=2936902&use=l&cat=p&typeid=i","cat":284416},{"id":14901,"n":"Mozzarella di Buffala AOP Les Croisés - 125g","p":1.65,"u":"13,20 €/KG","img":"https://fd9-photos.leclercdrive.fr/image.ashx?id=2146137&use=l&cat=p&typeid=i","cat":314026},{"id":14904,"n":"Fromage frais nature Bio Bio village - 3.5% MG - 500g","p":1.75,"u":"3,50 €/KG","img":"https://fd9-photos.leclercdrive.fr/image.ashx?id=2839944&use=l&cat=p&typeid=i","cat":284409},{"id":14911,"n":"Bloc WC cuvette Harpic  Eau Bleue - x2","p":1.32,"u":"17,37 €/KG","img":"https://fd9-photos.leclercdrive.fr/image.ashx?id=2264743&use=l&cat=p&typeid=i","cat":284662},{"id":14918,"n":"Dessert fruitier framboise Douceur du Verger s/sucre 4x97g","p":1.49,"u":"3,84 €/KG","img":"https://fd9-photos.leclercdrive.fr/image.ashx?id=3009785&use=l&cat=p&typeid=i","cat":284416},{"id":14919,"n":"Compote Douceur du Verger Pomme Abricot - 4x97g","p":1.23,"u":"3,17 €/KG","img":"https://fd9-photos.leclercdrive.fr/image.ashx?id=2983793&use=l&cat=p&typeid=i","cat":284416},{"id":14923,"n":"Brocolis fleurettes Bio Village Bio - 600g","p":2.21,"u":"3,68 €/KG","img":"https://fd9-photos.leclercdrive.fr/image.ashx?id=2891788&use=l&cat=p&typeid=i","cat":319805},{"id":14924,"n":"Lasagnes chèvre épinards Côté Table - 500g","p":2.95,"u":"5,90 €/KG","img":"https://fd9-photos.leclercdrive.fr/image.ashx?id=2647874&use=l&cat=p&typeid=i","cat":284254},{"id":14927,"n":"Fromage Emmental IGP NRT Grand cru Label Rouge - 250g","p":3.69,"u":"14,76 €/KG","img":"https://fd9-photos.leclercdrive.fr/image.ashx?id=2356388&use=l&cat=p&typeid=i","cat":314034},{"id":14932,"n":"Rhum blanc Saint James 40% vol - 70cl","p":11.52,"u":"16,46 €/L","img":"https://fd9-photos.leclercdrive.fr/image.ashx?id=2970948&use=l&cat=p&typeid=i","cat":284550},{"id":14934,"n":"Gin Gibson 37.5%vol - 70cl","p":11.19,"u":"15,99 €/L","img":"https://fd9-photos.leclercdrive.fr/image.ashx?id=2755396&use=l&cat=p&typeid=i","cat":284550},{"id":14965,"n":"Bas-armagnac AOC 40%vol. - 50cl","p":19.84,"u":"39,68 €/L","img":"https://fd9-photos.leclercdrive.fr/image.ashx?id=2663305&use=l&cat=p&typeid=i","cat":286032},{"id":14971,"n":"Eau de vie Auguste Mugniot Mirabelle - 40%vol. - 50cl","p":21.21,"u":"42,42 €/L","img":"https://fd9-photos.leclercdrive.fr/image.ashx?id=857584&use=l&cat=p&typeid=i","cat":286032},{"id":14972,"n":"Eau de vie Auguste Mugniot Kirsch - 40%vol. - 50cl","p":21.54,"u":"43,08 €/L","img":"https://fd9-photos.leclercdrive.fr/image.ashx?id=2448525&use=l&cat=p&typeid=i","cat":286032},{"id":14974,"n":"Cognac v.s. Duc de Borzac 40%vol. - 70cl","p":18.98,"u":"27,11 €/L","img":"https://fd9-photos.leclercdrive.fr/image.ashx?id=2397138&use=l&cat=p&typeid=i","cat":286032},{"id":14976,"n":"Vodka Novotna  Pure grain 37.5%vol - 1,5L","p":22.07,"u":"14,71 €/L","img":"https://fd9-photos.leclercdrive.fr/image.ashx?id=784852&use=l&cat=p&typeid=i","cat":284550},{"id":14978,"n":"Liqueur de whisky Baird's Irish cream 17%vol. - 70cl","p":6.69,"u":"9,56 €/L","img":"https://fd9-photos.leclercdrive.fr/image.ashx?id=1654895&use=l&cat=p&typeid=i","cat":286032},{"id":14979,"n":"Crème de cassis de dijon NRT 20%vol. - 70cl","p":9.99,"u":"14,27 €/L","img":"https://fd9-photos.leclercdrive.fr/image.ashx?id=2762632&use=l&cat=p&typeid=i","cat":286032},{"id":14980,"n":"Crème de framboise Auguste  Mugniot 15%vol. - 50cl","p":5.49,"u":"10,98 €/L","img":"https://fd9-photos.leclercdrive.fr/image.ashx?id=829186&use=l&cat=p&typeid=i","cat":286032},{"id":14982,"n":"Cocktail Punch coco Lagoa 15%vol - 70cl","p":4.99,"u":"7,13 €/L","img":"https://fd9-photos.leclercdrive.fr/image.ashx?id=2958311&use=l&cat=p&typeid=i","cat":284551},{"id":14983,"n":"Pastis de Marseille Vivalis 45%vol - 1,5L","p":25.35,"u":"16,90 €/L","img":"https://fd9-photos.leclercdrive.fr/image.ashx?id=2820418&use=l&cat=p&typeid=i","cat":284548},{"id":14984,"n":"Guignolet Auguste Mugniot Kirsch - 15%vol. - 1L","p":7.12,"u":"7,12 €/L","img":"https://fd9-photos.leclercdrive.fr/image.ashx?id=745118&use=l&cat=p&typeid=i","cat":286032},{"id":14985,"n":"Liqueur de gentiane Boliane 15%vol. 1L","p":4.42,"u":"4,42 €/L","img":"https://fd9-photos.leclercdrive.fr/image.ashx?id=2081669&use=l&cat=p&typeid=i","cat":284913},{"id":14987,"n":"Scotch Whisky Baird's 40%vol - 1,5L","p":22.93,"u":"15,29 €/L","img":"https://fd9-photos.leclercdrive.fr/image.ashx?id=2913660&use=l&cat=p&typeid=i","cat":284547},{"id":14989,"n":"Bière blonde Amsterdam  Navigator 8%vol. - 50cl","p":1.37,"u":"2,74 €/L","img":"https://fd9-photos.leclercdrive.fr/image.ashx?id=2191104&use=l&cat=p&typeid=i","cat":334853},{"id":14996,"n":"Bière blonde Desquiles 5.9%vol. - 3x33cl","p":3.29,"u":"3,32 €/L","img":"https://fd9-photos.leclercdrive.fr/image.ashx?id=2637874&use=l&cat=p&typeid=i","cat":334878},{"id":14997,"n":"Bière blonde du Nord NRT - 7° - 6x25cl","p":3.72,"u":"2,48 €/L","img":"https://fd9-photos.leclercdrive.fr/image.ashx?id=1928911&use=l&cat=p&typeid=i","cat":334852},{"id":14998,"n":"Cidre Loïc Raison traditionnel 1.5L","p":2.45,"u":"1,63 €/L","img":"https://fd9-photos.leclercdrive.fr/image.ashx?id=1740536&use=l&cat=p&typeid=i","cat":334880},{"id":15010,"n":"Serviette incontinence Chorys Extra - x10","p":1.99,"u":"0,20 €/P","img":"https://fd9-photos.leclercdrive.fr/image.ashx?id=2393851&use=l&cat=p&typeid=i","cat":284628},{"id":15011,"n":"Vin pétillant de l'UE arômatisé Pêche  - 75 cl","p":2.85,"u":"3,80 €/L","img":"https://fd9-photos.leclercdrive.fr/image.ashx?id=2720160&use=l&cat=p&typeid=i","cat":284544},{"id":15013,"n":"Vin pétillant de l'UE  arômatisé Framboise - 75 cl","p":2.86,"u":"3,81 €/L","img":"https://fd9-photos.leclercdrive.fr/image.ashx?id=2720163&use=l&cat=p&typeid=i","cat":284544},{"id":15014,"n":"Pétillant Festalie sans alcool Pêche - 75cl","p":2.85,"u":"3,80 €/L","img":"https://fd9-photos.leclercdrive.fr/image.ashx?id=2017256&use=l&cat=p&typeid=i","cat":289460},{"id":15015,"n":"Pétillant Festalie sans alcool Raisin - 75cl","p":2.94,"u":"3,92 €/L","img":"https://fd9-photos.leclercdrive.fr/image.ashx?id=2017259&use=l&cat=p&typeid=i","cat":289460},{"id":15016,"n":"AOP Crémant d'Alsace Wolfberger Brut - 75cl","p":7.32,"u":"9,76 €/L","img":"https://fd9-photos.leclercdrive.fr/image.ashx?id=2323502&use=l&cat=p&typeid=i","cat":284544},{"id":15022,"n":"Jus de pamplemousse rose Bio Bio Village - 1L","p":3.82,"u":"3,82 €/L","img":"https://fd9-photos.leclercdrive.fr/image.ashx?id=2901524&use=l&cat=p&typeid=i","cat":284914},{"id":15025,"n":"Nectar Jafaden Pomme kiwi - 1L","p":2.35,"u":"2,35 €/L","img":"https://fd9-photos.leclercdrive.fr/image.ashx?id=2895771&use=l&cat=p&typeid=i","cat":284915},{"id":15034,"n":"Déodorant bille Bio Naïa 50ml","p":1.35,"u":"27,00 €/L","img":"https://fd9-photos.leclercdrive.fr/image.ashx?id=2481210&use=l&cat=p&typeid=i","cat":284595},{"id":15036,"n":"Huile sèche corps bio Bio Naïa Spray - 100ml","p":4.59,"u":"45,90 €/L","img":"https://fd9-photos.leclercdrive.fr/image.ashx?id=2610196&use=l&cat=p&typeid=i","cat":325349},{"id":15039,"n":"Crème visage bio Bio Naïa Hydratante 50ml","p":1.99,"u":"39,80 €/L","img":"https://fd9-photos.leclercdrive.fr/image.ashx?id=2436651&use=l&cat=p&typeid=i","cat":325345},{"id":15048,"n":"Pain précuit Bio Village Demi-baguette x2 - 250g","p":2.29,"u":"9,16 €/KG","img":"https://fd9-photos.leclercdrive.fr/image.ashx?id=2375458&use=l&cat=p&typeid=i","cat":325069},{"id":15053,"n":"Déodorant Manava Grenade - 200ml","p":1.39,"u":"6,95 €/L","img":"https://fd9-photos.leclercdrive.fr/image.ashx?id=2699276&use=l&cat=p&typeid=i","cat":284595},{"id":15058,"n":"Biscuits tablettes Bio Village Bio Chocolat au lait 150g","p":2.38,"u":"15,87 €/KG","img":"https://fd9-photos.leclercdrive.fr/image.ashx?id=2650819&use=l&cat=p&typeid=i","cat":284488},{"id":15059,"n":"Gaufrettes P'tit Déli Praliné chocolat au lait - 175g","p":1.85,"u":"10,57 €/KG","img":"https://fd9-photos.leclercdrive.fr/image.ashx?id=2817157&use=l&cat=p&typeid=i","cat":284488},{"id":15060,"n":"Biscuits tablettes Bio Village Bio Chocolat noir 150g","p":2.39,"u":"15,93 €/KG","img":"https://fd9-photos.leclercdrive.fr/image.ashx?id=2708943&use=l&cat=p&typeid=i","cat":284488},{"id":15066,"n":"Savon douceur Manava Bouquet fleurs blanches 4x100g","p":1.45,"u":"3,63 €/KG","img":"https://fd9-photos.leclercdrive.fr/image.ashx?id=2358342&use=l&cat=p&typeid=i","cat":284597},{"id":15076,"n":"Recharges plaquettes Insectivor Anti-moustiques - x30","p":3.24,"u":"0,11 €/P","img":"https://fd9-photos.leclercdrive.fr/image.ashx?id=2741604&use=l&cat=p&typeid=i","cat":298368},{"id":15095,"n":"Boisson végétale Noisette Bio  Bjorg- 1L","p":2.58,"u":"2,58 €/L","img":"https://fd9-photos.leclercdrive.fr/image.ashx?id=2972970&use=l&cat=p&typeid=i","cat":316067},{"id":15125,"n":"Marrons glacés Equador 10 marrons entiers - 200g","p":8.19,"u":"40,95 €/KG","img":"https://fd9-photos.leclercdrive.fr/image.ashx?id=2228004&use=l&cat=p&typeid=i","cat":327603},{"id":15130,"n":"Gâteaux fourrés P'tit Déli Abricot x7 - 196g","p":2.69,"u":"13,72 €/KG","img":"https://fd9-photos.leclercdrive.fr/image.ashx?id=2046047&use=l&cat=p&typeid=i","cat":284495},{"id":15131,"n":"Nectar multifruits Jafaden 2L","p":2.49,"u":"1,25 €/L","img":"https://fd9-photos.leclercdrive.fr/image.ashx?id=2956032&use=l&cat=p&typeid=i","cat":284917},{"id":15140,"n":"Biscuits Croustine P'tit Déli Meringue noisette 100g","p":2.29,"u":"22,90 €/KG","img":"https://fd9-photos.leclercdrive.fr/image.ashx?id=2545574&use=l&cat=p&typeid=i","cat":284487},{"id":15142,"n":"Biscuits P'tit Déli Florentin Amande chocolat 100g","p":1.92,"u":"19,20 €/KG","img":"https://fd9-photos.leclercdrive.fr/image.ashx?id=2562701&use=l&cat=p&typeid=i","cat":284490},{"id":15145,"n":"Champignons Tables du Monde Noirs déshydratés 25g","p":2.49,"u":"99,60 €/KG","img":"https://fd9-photos.leclercdrive.fr/image.ashx?id=2920166&use=l&cat=p&typeid=i","cat":288992},{"id":15146,"n":"Génoises fourrées P'tit Déli Citron - 150g","p":1.98,"u":"13,20 €/KG","img":"https://fd9-photos.leclercdrive.fr/image.ashx?id=2482499&use=l&cat=p&typeid=i","cat":284489},{"id":15149,"n":"Petit Beurre P'tit Déli Pépites chocolat x24 200g","p":1.87,"u":"9,35 €/KG","img":"https://fd9-photos.leclercdrive.fr/image.ashx?id=2694100&use=l&cat=p&typeid=i","cat":284487},{"id":15150,"n":"Biscuits P'tit Déli Déli'Coco 100g","p":1.89,"u":"18,90 €/KG","img":"https://fd9-photos.leclercdrive.fr/image.ashx?id=2562704&use=l&cat=p&typeid=i","cat":284490},{"id":15152,"n":"Biscuits P'tit Déli Fleur de caramel 100g","p":2.25,"u":"22,50 €/KG","img":"https://fd9-photos.leclercdrive.fr/image.ashx?id=2935220&use=l&cat=p&typeid=i","cat":284490},{"id":15162,"n":"Rillettes pur porc Côté Table 3x78g","p":2.75,"u":"11,75 €/KG","img":"https://fd9-photos.leclercdrive.fr/image.ashx?id=2518514&use=l&cat=p&typeid=i","cat":305149},{"id":15163,"n":"Sablés fourrés P'tit Déli Noisette 125g","p":1.92,"u":"15,36 €/KG","img":"https://fd9-photos.leclercdrive.fr/image.ashx?id=2791266&use=l&cat=p&typeid=i","cat":284487},{"id":15181,"n":"Boisson aux fruits Oasis Saveur Fraise Framboise - 2L","p":2.33,"u":"1,17 €/L","img":"https://fd9-photos.leclercdrive.fr/image.ashx?id=2677819&use=l&cat=p&typeid=i","cat":295018},{"id":15194,"n":"Pineau des Charentes J. Gautret Blanc 17%vol. 75cl","p":9.25,"u":"12,33 €/L","img":"https://fd9-photos.leclercdrive.fr/image.ashx?id=1654314&use=l&cat=p&typeid=i","cat":284913},{"id":15305,"n":"Eau minérale Saint Antonin 6x1L","p":2.73,"u":"0,46 €/L","img":"https://fd9-photos.leclercdrive.fr/image.ashx?id=2653891&use=l&cat=p&typeid=i","cat":284535},{"id":15342,"n":"Chocolat Eco+ Noir - 5x100g","p":3.78,"u":"7,56 €/KG","img":"https://fd9-photos.leclercdrive.fr/image.ashx?id=2775460&use=l&cat=p&typeid=i","cat":284956},{"id":15403,"n":"Quatre-quarts P'tit Déli De Bretagne 250g","p":1.83,"u":"7,32 €/KG","img":"https://fd9-photos.leclercdrive.fr/image.ashx?id=2891884&use=l&cat=p&typeid=i","cat":294776},{"id":15451,"n":"Escalope de dinde Maître Coq Fine x2 - 240g","p":3.84,"u":"16,00 €/KG","img":"https://fd9-photos.leclercdrive.fr/image.ashx?id=2770088&use=l&cat=p&typeid=i","cat":284337},{"id":15452,"n":"Escalope dinde Maître Coq 600g","p":7.66,"u":"12,77 €/KG","img":"https://fd9-photos.leclercdrive.fr/image.ashx?id=2773421&use=l&cat=p&typeid=i","cat":284337},{"id":15476,"n":"Eau nettoyante Mots d'Enfants Hydratante - 250ml","p":1.93,"u":"7,72 €/L","img":"https://fd9-photos.leclercdrive.fr/image.ashx?id=3015048&use=l&cat=p&typeid=i","cat":284741},{"id":15499,"n":"Ruban adhésif Crystal Scotch Dévidoir 25mx19mm x1","p":1.95,"img":"https://fd9-photos.leclercdrive.fr/image.ashx?id=2753587&use=l&cat=p&typeid=i","cat":334133},{"id":15500,"n":"Ruban adhésif Magic Scotch Dévidoir 25mx19mm x1","p":1.95,"img":"https://fd9-photos.leclercdrive.fr/image.ashx?id=2753590&use=l&cat=p&typeid=i","cat":334133},{"id":15525,"n":"Mini gâches briochettes NRT Chocolat noir x8 - 360g","p":2.79,"u":"7,75 €/KG","img":"https://fd9-photos.leclercdrive.fr/image.ashx?id=2670440&use=l&cat=p&typeid=i","cat":284478},{"id":15542,"n":"Prépartion mirabelles NRT De Lorraine  - 315g","p":2.64,"u":"8,38 €/KG","img":"https://fd9-photos.leclercdrive.fr/image.ashx?id=2699795&use=l&cat=p&typeid=i","cat":284480},{"id":15544,"n":"Crackers Tokapi  Fromage et graines - 65g","p":1.34,"u":"20,62 €/KG","img":"https://fd9-photos.leclercdrive.fr/image.ashx?id=2075247&use=l&cat=p&typeid=i","cat":297000},{"id":15564,"n":"Chips paysannes Pom'lisse Nature - 150g","p":0.99,"u":"6,60 €/KG","img":"https://fd9-photos.leclercdrive.fr/image.ashx?id=2927854&use=l&cat=p&typeid=i","cat":284447},{"id":15590,"n":"pain complet 3 céréales bio  bjorg 500g","p":2.35,"u":"4,70 €/KG","img":"https://fd9-photos.leclercdrive.fr/image.ashx?id=2752951&use=l&cat=p&typeid=i","cat":325069},{"id":15592,"n":"Fromage enfant Ficello Nature à effilocher x8 - 168g","p":3.25,"u":"19,35 €/KG","img":"https://fd9-photos.leclercdrive.fr/image.ashx?id=2375376&use=l&cat=p&typeid=i","cat":314030},{"id":15615,"n":"Multifruits Jafaden 100% Pur jus - 1,5L","p":1.99,"u":"1,33 €/L","img":"https://fd9-photos.leclercdrive.fr/image.ashx?id=2890000&use=l&cat=p&typeid=i","cat":284917},{"id":15629,"n":"Salade maxi Florette Mâche - 200g","p":2.3,"u":"11,50 €/KG","img":"https://fd9-photos.leclercdrive.fr/image.ashx?id=2228849&use=l&cat=p&typeid=i","cat":284353},{"id":15643,"n":"Plateau crudités Florette 600g","p":5.95,"u":"9,92 €/KG","img":"https://fd9-photos.leclercdrive.fr/image.ashx?id=2962773&use=l&cat=p&typeid=i","cat":284352},{"id":15646,"n":"Saumon Atlantique Connétable 112g","p":4.69,"u":"41,88 €/KG","img":"https://fd9-photos.leclercdrive.fr/image.ashx?id=2960162&use=l&cat=p&typeid=i","cat":305147},{"id":15647,"n":"Soupe Paysanne Légumes Knorr Déshydratée - Au lard - 97g","p":1.19,"u":"12,27 €/KG","img":"https://fd9-photos.leclercdrive.fr/image.ashx?id=2768870&use=l&cat=p&typeid=i","cat":284463},{"id":15741,"n":"Tampons Doulys Compact Super - x20","p":2.35,"u":"0,12 €/P","img":"https://fd9-photos.leclercdrive.fr/image.ashx?id=2965470&use=l&cat=p&typeid=i","cat":284626},{"id":15746,"n":"Soupe Liquide Liebig  Bisque de Homard - 300g","p":2.37,"u":"7,90 €/KG","img":"https://fd9-photos.leclercdrive.fr/image.ashx?id=2651390&use=l&cat=p&typeid=i","cat":287366},{"id":15801,"n":"IGP Pays d'Oc rosé Cinsault Syrah Ormes de Cambras 12% 75cl","p":2.83,"u":"3,77 €/L","img":"https://fd9-photos.leclercdrive.fr/image.ashx?id=2105158&use=l&cat=p&typeid=i","cat":289558},{"id":15805,"n":"Boisson énergisante Red Bull sans sucres, 4x250ml","p":4.12,"u":"4,12 €/L","img":"https://fd9-photos.leclercdrive.fr/image.ashx?id=3009371&use=l&cat=p&typeid=i","cat":284533},{"id":15807,"n":"Boisson aux fruits Oasis Goût Pomme Cassis Framboise 2L","p":2.47,"u":"1,24 €/L","img":"https://fd9-photos.leclercdrive.fr/image.ashx?id=3014452&use=l&cat=p&typeid=i","cat":295018},{"id":15808,"n":"AOC Côtes du Rhône rosé Prestige Cellier Dauphins 75cl","p":3.33,"u":"4,44 €/L","img":"https://fd9-photos.leclercdrive.fr/image.ashx?id=2829988&use=l&cat=p&typeid=i","cat":289558},{"id":15875,"n":"Eau de Cologne Bien Etre Naturelle - 250ml","p":4.36,"u":"17,44 €/L","img":"https://fd9-photos.leclercdrive.fr/image.ashx?id=2353665&use=l&cat=p&typeid=i","cat":291525},{"id":15889,"n":"Huile sèche Petit Marseillais Sublimante - 150ml","p":4.87,"u":"32,47 €/L","img":"https://fd9-photos.leclercdrive.fr/image.ashx?id=2830138&use=l&cat=p&typeid=i","cat":325349},{"id":15895,"n":"Soin cheveux nutrition Garnier Cheveu bouclé à frisé - 200ml","p":2.36,"u":"11,80 €/L","img":"https://fd9-photos.leclercdrive.fr/image.ashx?id=2985354&use=l&cat=p&typeid=i","cat":284608},{"id":15919,"n":"Soin hydratant L'Oréal Paris Men Expert Anti-fatigue - 50ml","p":5.81,"u":"116,20 €/L","img":"https://fd9-photos.leclercdrive.fr/image.ashx?id=2811278&use=l&cat=p&typeid=i","cat":284622},{"id":15937,"n":"Serviette Hygienique Vania  Maxi confort normal plus - x16","p":1.8,"u":"0,11 €/P","img":"https://fd9-photos.leclercdrive.fr/image.ashx?id=2908027&use=l&cat=p&typeid=i","cat":284624},{"id":15969,"n":"Gel nettoyant canalisations  Destop Javel Agrumes - 750ml","p":2.57,"u":"3,43 €/L","img":"https://fd9-photos.leclercdrive.fr/image.ashx?id=2885956&use=l&cat=p&typeid=i","cat":284908},{"id":16020,"n":"Gambas ASC Pêche Océan Géantes tigrées 8/12pièces 400g","p":10.8,"u":"27,00 €/KG","img":"https://fd9-photos.leclercdrive.fr/image.ashx?id=2202754&use=l&cat=p&typeid=i","cat":319787},{"id":16025,"n":"Yaourts Lait entier Bio Village Bio Fraise morceaux - 4x125g","p":1.5,"u":"3,00 €/KG","img":"https://fd9-photos.leclercdrive.fr/image.ashx?id=2841968&use=l&cat=p&typeid=i","cat":284410},{"id":16026,"n":"Yaourts brassé Bio Village Bio Pêche - 4x125g","p":1.5,"u":"3,00 €/KG","img":"https://fd9-photos.leclercdrive.fr/image.ashx?id=2841965&use=l&cat=p&typeid=i","cat":284410},{"id":16029,"n":"Carottes Bio Bio Village En rondelles - 600g","p":1.79,"u":"2,98 €/KG","img":"https://fd9-photos.leclercdrive.fr/image.ashx?id=2891809&use=l&cat=p&typeid=i","cat":319805},{"id":16031,"n":"Epinards en branches Bio Bio Village - 600g","p":1.65,"u":"2,75 €/KG","img":"https://fd9-photos.leclercdrive.fr/image.ashx?id=2891800&use=l&cat=p&typeid=i","cat":319805},{"id":16033,"n":"Choux-fleurs Bio Bio Village En fleurettes - 600g","p":1.99,"u":"3,32 €/KG","img":"https://fd9-photos.leclercdrive.fr/image.ashx?id=2891797&use=l&cat=p&typeid=i","cat":319805},{"id":16042,"n":"Bâtonnets Trium Café x4 - 280g","p":3.11,"u":"11,11 €/KG","img":"https://fd9-photos.leclercdrive.fr/image.ashx?id=2920767&use=l&cat=p&typeid=i","cat":284265},{"id":16043,"n":"Crevettes cuites Pêche Océan Décortiquées - MSC - 200g","p":3.49,"u":"17,45 €/KG","img":"https://fd9-photos.leclercdrive.fr/image.ashx?id=2478766&use=l&cat=p&typeid=i","cat":319787},{"id":16046,"n":"Fromage de chèvre Les Croisés Frais rond - 200g","p":1.89,"u":"9,45 €/KG","img":"https://fd9-photos.leclercdrive.fr/image.ashx?id=2983796&use=l&cat=p&typeid=i","cat":314031},{"id":16062,"n":"Sauce Pesto Genovese Barilla Au basilic frais - 190g","p":1.98,"u":"10,42 €/KG","img":"https://fd9-photos.leclercdrive.fr/image.ashx?id=2737585&use=l&cat=p&typeid=i","cat":287599},{"id":16076,"n":"Sauce Italienne Zapetti 3x95g","p":2.12,"u":"7,44 €/KG","img":"https://fd9-photos.leclercdrive.fr/image.ashx?id=2579978&use=l&cat=p&typeid=i","cat":288384},{"id":16142,"n":"Eau de source de Montagne 6x1L","p":1.55,"u":"0,26 €/L","img":"https://fd9-photos.leclercdrive.fr/image.ashx?id=2597621&use=l&cat=p&typeid=i","cat":284535},{"id":16153,"n":"Biscuits petit déj Bio Village Bio Chocolat / Noisettes - 200g","p":2.08,"u":"10,40 €/KG","img":"https://fd9-photos.leclercdrive.fr/image.ashx?id=2371560&use=l&cat=p&typeid=i","cat":284491},{"id":16154,"n":"Tartelettes Bio Village Framboises Bio - x9 - 125g","p":2.34,"u":"18,72 €/KG","img":"https://fd9-photos.leclercdrive.fr/image.ashx?id=2869525&use=l&cat=p&typeid=i","cat":284489},{"id":16159,"n":"Brume d'eau pure Inell 400ml","p":1.65,"u":"4,13 €/L","img":"https://fd9-photos.leclercdrive.fr/image.ashx?id=806289&use=l&cat=p&typeid=i","cat":290295},{"id":16172,"n":"Mini Barres chocolatées Lion x18 barres - 350g","p":3.93,"u":"11,23 €/KG","img":"https://fd9-photos.leclercdrive.fr/image.ashx?id=2925553&use=l&cat=p&typeid=i","cat":284498},{"id":16229,"n":"Liqueur Guignolet A. Mugniot 15%vol. - 1L","p":6.44,"u":"6,44 €/L","img":"https://fd9-photos.leclercdrive.fr/image.ashx?id=2520014&use=l&cat=p&typeid=i","cat":286032},{"id":16231,"n":"Porto Tawny Dorrao 20%vol - 75cl","p":11.65,"u":"15,53 €/L","img":"https://fd9-photos.leclercdrive.fr/image.ashx?id=2869853&use=l&cat=p&typeid=i","cat":284913},{"id":16254,"n":"Câpres surfines Rustica Au vinaigre - 60g","p":1.23,"u":"20,50 €/KG","img":"https://fd9-photos.leclercdrive.fr/image.ashx?id=1677666&use=l&cat=p&typeid=i","cat":284458},{"id":16271,"n":"Maïs Géant Vert extra croquant sans résidu pesticides - 285g","p":1.17,"u":"4,11 €/KG","img":"https://fd9-photos.leclercdrive.fr/image.ashx?id=2754267&use=l&cat=p&typeid=i","cat":312611},{"id":16272,"n":"Maïs Géant Vert extra tendre sans résidu pesticides - 285g","p":1.14,"u":"4,00 €/KG","img":"https://fd9-photos.leclercdrive.fr/image.ashx?id=2462448&use=l&cat=p&typeid=i","cat":312611},{"id":16303,"n":"Petits oignons Rustica Vinaigre doux - 190g","p":0.79,"u":"4,16 €/KG","img":"https://fd9-photos.leclercdrive.fr/image.ashx?id=2916683&use=l&cat=p&typeid=i","cat":284458},{"id":16322,"n":"AOP Pouilly Fumé blanc Les Chamilles - 75 Cl","p":12.95,"u":"17,27 €/L","img":"https://fd9-photos.leclercdrive.fr/image.ashx?id=2641479&use=l&cat=p&typeid=i","cat":289557},{"id":16430,"n":"Lait de coco bio Jardin Bio Bio - 400ml","p":2.59,"u":"6,48 €/L","img":"https://fd9-photos.leclercdrive.fr/image.ashx?id=2790132&use=l&cat=p&typeid=i","cat":288992},{"id":16431,"n":"Raviolis bio boeuf Jardin Bio 72cl","p":4.66,"u":"6,47 €/L","img":"https://fd9-photos.leclercdrive.fr/image.ashx?id=2972469&use=l&cat=p&typeid=i","cat":284442},{"id":16432,"n":"Pâte brisée Bio  Bio village - 230g","p":1.99,"u":"8,65 €/KG","img":"https://fd9-photos.leclercdrive.fr/image.ashx?id=2274177&use=l&cat=p&typeid=i","cat":333681},{"id":16433,"n":"Pâte feuilletée Bio Bio village - 230g","p":1.65,"u":"7,17 €/KG","img":"https://fd9-photos.leclercdrive.fr/image.ashx?id=2969006&use=l&cat=p&typeid=i","cat":333681},{"id":16434,"n":"Raviolis aux 3 fromages Bio Bio village - 250g","p":2.9,"u":"11,60 €/KG","img":"https://fd9-photos.leclercdrive.fr/image.ashx?id=2843608&use=l&cat=p&typeid=i","cat":333682},{"id":16435,"n":"Tagliatelles fraîches Bio Bio village - 250g","p":1.39,"u":"5,56 €/KG","img":"https://fd9-photos.leclercdrive.fr/image.ashx?id=2875735&use=l&cat=p&typeid=i","cat":333682},{"id":16436,"n":"Pâtes torsades Bio Village Bio -  500g","p":0.85,"u":"1,70 €/KG","img":"https://fd9-photos.leclercdrive.fr/image.ashx?id=2625367&use=l&cat=p&typeid=i","cat":284427},{"id":16439,"n":"Riz Basmati Bio Village Bio - 500g","p":1.5,"u":"3,00 €/KG","img":"https://fd9-photos.leclercdrive.fr/image.ashx?id=2441507&use=l&cat=p&typeid=i","cat":284428},{"id":16490,"n":"Yaourt nature 0% MG Bio Bio village - 4x125g","p":1.34,"u":"2,68 €/KG","img":"https://fd9-photos.leclercdrive.fr/image.ashx?id=2077427&use=l&cat=p&typeid=i","cat":315000},{"id":16491,"n":"Yaourts Lait brebis Bio Village Bio Vanille - 2x125g","p":1.89,"u":"7,56 €/KG","img":"https://fd9-photos.leclercdrive.fr/image.ashx?id=2646994&use=l&cat=p&typeid=i","cat":314998},{"id":16492,"n":"Légumes pour couscous bio Jardin Bio - 660g","p":2.64,"u":"3,67 €/L","img":"https://fd9-photos.leclercdrive.fr/image.ashx?id=2534887&use=l&cat=p&typeid=i","cat":312612},{"id":16493,"n":"Pâte à tartiner bio Jardin Bio Cacao noisettes - 350g","p":3.75,"u":"10,71 €/KG","img":"https://fd9-photos.leclercdrive.fr/image.ashx?id=2918844&use=l&cat=p&typeid=i","cat":284481},{"id":16520,"n":"Mayonnaise Eco+ Bocal - 470g","p":1.17,"u":"2,49 €/KG","img":"https://fd9-photos.leclercdrive.fr/image.ashx?id=2954322&use=l&cat=p&typeid=i","cat":298295},{"id":16521,"n":"Lait demi-écrémé Eco+ Brique UHT -  6x1L","p":5.52,"u":"0,92 €/L","img":"https://fd9-photos.leclercdrive.fr/image.ashx?id=2987133&use=l&cat=p&typeid=i","cat":284377},{"id":16522,"n":"Soufflés cacahuète Eco+ 100g","p":0.34,"u":"3,40 €/KG","img":"https://fd9-photos.leclercdrive.fr/image.ashx?id=2678785&use=l&cat=p&typeid=i","cat":284449},{"id":16524,"n":"Pâtes Eco+ Spaghetti - 1kg","p":1.02,"u":"1,02 €/KG","img":"https://fd9-photos.leclercdrive.fr/image.ashx?id=2757494&use=l&cat=p&typeid=i","cat":284427},{"id":16525,"n":"Purée de pommes de terre Eco+ Déshydratée 4x125g","p":1.39,"u":"2,78 €/KG","img":"https://fd9-photos.leclercdrive.fr/image.ashx?id=2961656&use=l&cat=p&typeid=i","cat":284431},{"id":16526,"n":"Assortiment biscuits salés Eco+ 350g","p":1.06,"u":"3,03 €/KG","img":"https://fd9-photos.leclercdrive.fr/image.ashx?id=2613255&use=l&cat=p&typeid=i","cat":297000},{"id":16527,"n":"Bouillon déshydraté Eco+ Volaille - 12x10g","p":0.67,"u":"5,58 €/KG","img":"https://fd9-photos.leclercdrive.fr/image.ashx?id=1735897&use=l&cat=p&typeid=i","cat":288379},{"id":16528,"n":"Bouillon déshydraté Eco+ Boeuf - 12x10g","p":0.69,"u":"5,75 €/KG","img":"https://fd9-photos.leclercdrive.fr/image.ashx?id=1735894&use=l&cat=p&typeid=i","cat":288379},{"id":16547,"n":"Barquette chiens Eco+ A la Volaille - 300g","p":0.52,"u":"1,73 €/KG","img":"https://fd9-photos.leclercdrive.fr/image.ashx?id=2052727&use=l&cat=p&typeid=i","cat":284673},{"id":16548,"n":"Barquette pour chats Eco+ Riche en volaille - 100g","p":0.24,"u":"2,40 €/KG","img":"https://fd9-photos.leclercdrive.fr/image.ashx?id=2052736&use=l&cat=p&typeid=i","cat":285286},{"id":16550,"n":"Limonade Eco+ 1,5L","p":0.38,"u":"0,25 €/L","img":"https://fd9-photos.leclercdrive.fr/image.ashx?id=2762937&use=l&cat=p&typeid=i","cat":284531},{"id":16552,"n":"Jus de pomme abc Eco+ 1L","p":0.85,"u":"0,85 €/L","img":"https://fd9-photos.leclercdrive.fr/image.ashx?id=2802269&use=l&cat=p&typeid=i","cat":284522},{"id":16553,"n":"Soda cola Eco+ 1,5L","p":0.49,"u":"0,33 €/L","img":"https://fd9-photos.leclercdrive.fr/image.ashx?id=2807270&use=l&cat=p&typeid=i","cat":284530},{"id":16554,"n":"Soda cola light 1,5l","p":0.4,"u":"0,27 €/L","img":"https://fd9-photos.leclercdrive.fr/image.ashx?id=2821792&use=l&cat=p&typeid=i","cat":284530},{"id":16555,"n":"Boisson aromatisée Eco+ Exotique 2L","p":0.97,"u":"0,49 €/L","img":"https://fd9-photos.leclercdrive.fr/image.ashx?id=2755049&use=l&cat=p&typeid=i","cat":295018},{"id":16558,"n":"Thé glacé pêche Eco  2L","p":1.25,"u":"0,63 €/L","img":"https://fd9-photos.leclercdrive.fr/image.ashx?id=2764955&use=l&cat=p&typeid=i","cat":295019},{"id":16561,"n":"Eau de javel Eco+ Bidon - 5L","p":1.09,"u":"0,22 €/L","img":"https://fd9-photos.leclercdrive.fr/image.ashx?id=2883913&use=l&cat=p&typeid=i","cat":284661},{"id":16569,"n":"Mini pâté en croute Eco+ 450g","p":1.97,"u":"4,38 €/KG","img":"https://fd9-photos.leclercdrive.fr/image.ashx?id=2919583&use=l&cat=p&typeid=i","cat":316003},{"id":16570,"n":"Saucisse sèche droite Eco+ 250g","p":1.78,"u":"7,12 €/KG","img":"https://fd9-photos.leclercdrive.fr/image.ashx?id=2114409&use=l&cat=p&typeid=i","cat":316006},{"id":16571,"n":"Tagliatelles fraiches Eco+ 500g","p":1.4,"u":"2,80 €/KG","img":"https://fd9-photos.leclercdrive.fr/image.ashx?id=2751850&use=l&cat=p&typeid=i","cat":333682},{"id":16576,"n":"Riz au lait Eco+ Saveur vanille 200g","p":0.57,"u":"2,85 €/KG","img":"https://fd9-photos.leclercdrive.fr/image.ashx?id=2779169&use=l&cat=p&typeid=i","cat":284418},{"id":16577,"n":"Crème sous pression Eco+ Crème légère et sucrée - 250g","p":1.69,"u":"6,76 €/KG","img":"https://fd9-photos.leclercdrive.fr/image.ashx?id=2856242&use=l&cat=p&typeid=i","cat":284382},{"id":16582,"n":"Pommes frites Eco+ 2,5kg","p":2.81,"u":"1,12 €/KG","img":"https://fd9-photos.leclercdrive.fr/image.ashx?id=2660523&use=l&cat=p&typeid=i","cat":319791},{"id":16642,"n":"Génoises fourrées P'tit Déli Agrumes - 150g","p":1.09,"u":"7,27 €/KG","img":"https://fd9-photos.leclercdrive.fr/image.ashx?id=2482502&use=l&cat=p&typeid=i","cat":284489},{"id":16741,"n":"Viande hachée 5% MG Férial 350g","p":5.71,"u":"16,31 €/KG","img":"https://fd9-photos.leclercdrive.fr/image.ashx?id=2904010&use=l&cat=p&typeid=i","cat":284332},{"id":16742,"n":"Steak haché Férial 15%mg - 800g","p":11.15,"u":"13,94 €/KG","img":"https://fd9-photos.leclercdrive.fr/image.ashx?id=2904004&use=l&cat=p&typeid=i","cat":284332},{"id":16765,"n":"Steak haché Férial pur boeuf 5%mg - 250g","p":4.74,"u":"18,96 €/KG","img":"https://fd9-photos.leclercdrive.fr/image.ashx?id=2903998&use=l&cat=p&typeid=i","cat":284332},{"id":16766,"n":"Viande hachée 20% MG Férial 700g","p":9.45,"u":"13,50 €/KG","img":"https://fd9-photos.leclercdrive.fr/image.ashx?id=2904016&use=l&cat=p&typeid=i","cat":284332},{"id":16767,"n":"Steak haché Férial  5%mg - 400g","p":7.59,"u":"18,98 €/KG","img":"https://fd9-photos.leclercdrive.fr/image.ashx?id=2598722&use=l&cat=p&typeid=i","cat":284332},{"id":16782,"n":"Steak haché Férial 15%mg 250g","p":3.99,"u":"15,96 €/KG","img":"https://fd9-photos.leclercdrive.fr/image.ashx?id=2904001&use=l&cat=p&typeid=i","cat":284332},{"id":16783,"n":"AOP Saumur brut Les Caractères - 75cl","p":4.49,"u":"5,99 €/L","img":"https://fd9-photos.leclercdrive.fr/image.ashx?id=2895774&use=l&cat=p&typeid=i","cat":284544},{"id":16800,"n":"Eau minérale naturelle Contrex 6x1L","p":2.54,"u":"0,42 €/L","img":"https://fd9-photos.leclercdrive.fr/image.ashx?id=2731720&use=l&cat=p&typeid=i","cat":284535},{"id":16803,"n":"AOC Champagne Président Germain Brut - 75cl","p":24.9,"u":"33,20 €/L","img":"https://fd9-photos.leclercdrive.fr/image.ashx?id=1567645&use=l&cat=p&typeid=i","cat":284542},{"id":16805,"n":"Viande bovine Férial steak ** à griller - 280g","p":5.79,"u":"20,68 €/KG","img":"https://fd9-photos.leclercdrive.fr/image.ashx?id=2483557&use=l&cat=p&typeid=i","cat":284328},{"id":16824,"n":"Bavette Viande bovine Férial  Aloyau ***à griller x2 - 280g","p":8.05,"u":"28,75 €/KG","img":"https://fd9-photos.leclercdrive.fr/image.ashx?id=2483560&use=l&cat=p&typeid=i","cat":284328},{"id":16841,"n":"Génoises fourrées P'tit Déli Framboise cassis - 150g","p":1.06,"u":"7,07 €/KG","img":"https://fd9-photos.leclercdrive.fr/image.ashx?id=2473981&use=l&cat=p&typeid=i","cat":284489},{"id":16842,"n":"Spéculoos P'tit Déli 2x250g","p":1.47,"u":"2,94 €/KG","img":"https://fd9-photos.leclercdrive.fr/image.ashx?id=2046364&use=l&cat=p&typeid=i","cat":284487},{"id":16847,"n":"Chewing-gum Freedent white Menthe douce 70g","p":2.1,"u":"30,00 €/KG","img":"https://fd9-photos.leclercdrive.fr/image.ashx?id=2237289&use=l&cat=p&typeid=i","cat":304251},{"id":16848,"n":"Chewing gum Freedent white Menthe verte 70g","p":2.06,"u":"29,43 €/KG","img":"https://fd9-photos.leclercdrive.fr/image.ashx?id=2355899&use=l&cat=p&typeid=i","cat":304251},{"id":16849,"n":"Chewing-gum Freedent white Menthe forte 70g","p":2.06,"u":"29,43 €/KG","img":"https://fd9-photos.leclercdrive.fr/image.ashx?id=2237292&use=l&cat=p&typeid=i","cat":304251},{"id":16916,"n":"Croquette Tous Mes Amis Vitalité - viande de boeuf 10kg","p":12.99,"u":"1,30 €/KG","img":"https://fd9-photos.leclercdrive.fr/image.ashx?id=2078635&use=l&cat=p&typeid=i","cat":284672},{"id":16920,"n":"Coeurs d'artichaut Notre Jardin 240g","p":2.49,"u":"10,38 €/KG","img":"https://fd9-photos.leclercdrive.fr/image.ashx?id=2501994&use=l&cat=p&typeid=i","cat":312611},{"id":16934,"n":"Viande bovine  Férial 1x  Faux filet *** à griller - 160g","p":4.51,"u":"28,19 €/KG","img":"https://fd9-photos.leclercdrive.fr/image.ashx?id=2591554&use=l&cat=p&typeid=i","cat":284328},{"id":16996,"n":"Liquide de rinçage Visior Lave-vaisselle - 750ml","p":0.89,"u":"1,19 €/L","img":"https://fd9-photos.leclercdrive.fr/image.ashx?id=2874377&use=l&cat=p&typeid=i","cat":284657},{"id":17014,"n":"Fromage apéritif Apéricube Sélection festive 48 cubes","p":4.17,"u":"16,68 €/KG","img":"https://fd9-photos.leclercdrive.fr/image.ashx?id=2882665&use=l&cat=p&typeid=i","cat":314027},{"id":17036,"n":"Mouchoirs blancs 3 plis Caresse Boîte mouchoirs papier x90","p":1.04,"u":"0,01 €/P","img":"https://fd9-photos.leclercdrive.fr/image.ashx?id=1286020&use=l&cat=p&typeid=i","cat":284638},{"id":17037,"n":"Rasoir Carré Homme 5 lames - x1","p":4.69,"img":"https://fd9-photos.leclercdrive.fr/image.ashx?id=2704657&use=l&cat=p&typeid=i","cat":284616},{"id":17104,"n":"Tuiles Tokapi  Nature - 170g","p":1.35,"u":"7,94 €/KG","img":"https://fd9-photos.leclercdrive.fr/image.ashx?id=2632849&use=l&cat=p&typeid=i","cat":287899},{"id":17105,"n":"Chips Tuiles Tokapi Crème oignon - 170g","p":1.35,"u":"7,94 €/KG","img":"https://fd9-photos.leclercdrive.fr/image.ashx?id=2643375&use=l&cat=p&typeid=i","cat":287899},{"id":17108,"n":"Brume d'eau pure Inell 150ml","p":1.25,"u":"8,33 €/L","img":"https://fd9-photos.leclercdrive.fr/image.ashx?id=2712980&use=l&cat=p&typeid=i","cat":290295},{"id":17112,"n":"Limonade Bio village Bio - 1L","p":0.96,"u":"0,96 €/L","img":"https://fd9-photos.leclercdrive.fr/image.ashx?id=2632900&use=l&cat=p&typeid=i","cat":284531},{"id":17113,"n":"Cidre bouché Bio village Bio 4% vol - 75cl","p":2.29,"u":"3,05 €/L","img":"https://fd9-photos.leclercdrive.fr/image.ashx?id=2907255&use=l&cat=p&typeid=i","cat":334880},{"id":17142,"n":"Pains au chocolat au beurre AOP  4x1p","p":3.95,"u":"0,99 €/P","img":"https://fd9-photos.leclercdrive.fr/image.ashx?id=2070977&use=l&cat=p&typeid=i","cat":284984},{"id":17189,"n":"Biscuit petit dej P'tit Déli Miel/pépites chocolat - 400g","p":2.15,"u":"5,38 €/KG","img":"https://fd9-photos.leclercdrive.fr/image.ashx?id=2999502&use=l&cat=p&typeid=i","cat":284491},{"id":17220,"n":"Nettoyant spray Clair Anti-calcaire 750ml","p":0.94,"u":"1,25 €/L","img":"https://fd9-photos.leclercdrive.fr/image.ashx?id=2882316&use=l&cat=p&typeid=i","cat":325362},{"id":17222,"n":"Lange coton Mots D'enfants 60x60cm x6","p":8.75,"img":"https://fd9-photos.leclercdrive.fr/image.ashx?id=597575&use=l&cat=p&typeid=i","cat":289435},{"id":17223,"n":"Mouchoirs blancs 3 plis Caresse Boîte déco décor aléatoire x70","p":1.52,"u":"0,02 €/P","img":"https://fd9-photos.leclercdrive.fr/image.ashx?id=2812548&use=l&cat=p&typeid=i","cat":284638},{"id":17290,"n":"Pâtes Alpina Avoine - 500g","p":1.45,"u":"2,90 €/KG","img":"https://fd9-photos.leclercdrive.fr/image.ashx?id=2789856&use=l&cat=p&typeid=i","cat":284427},{"id":17292,"n":"Polenta Alpina Semoule de maïs - 500g","p":1.22,"u":"2,44 €/KG","img":"https://fd9-photos.leclercdrive.fr/image.ashx?id=2834485&use=l&cat=p&typeid=i","cat":284431},{"id":17293,"n":"Génoise mix milk Balconi Pâtissier x10 280g","p":1.86,"u":"10,33 €/KG","img":"https://fd9-photos.leclercdrive.fr/image.ashx?id=2878411&use=l&cat=p&typeid=i","cat":284495},{"id":17294,"n":"Pâtes crozets nature Alpina 400g","p":2.6,"u":"6,50 €/KG","img":"https://fd9-photos.leclercdrive.fr/image.ashx?id=2795072&use=l&cat=p&typeid=i","cat":284427},{"id":17295,"n":"Pâtes crozets Alpina Savoie Au sarrasin - 400g","p":2.67,"u":"6,68 €/KG","img":"https://fd9-photos.leclercdrive.fr/image.ashx?id=2795075&use=l&cat=p&typeid=i","cat":284427},{"id":17338,"n":"Feutres de coloriage Esquisse Lavable - Pointe moyenne x24","p":2.3,"img":"https://fd9-photos.leclercdrive.fr/image.ashx?id=2727659&use=l&cat=p&typeid=i","cat":284696},{"id":17340,"n":"Pizza Cuite sur pierre Turini  Poulet rôti poivrons - 400g","p":2.23,"u":"5,58 €/KG","img":"https://fd9-photos.leclercdrive.fr/image.ashx?id=2815235&use=l&cat=p&typeid=i","cat":284256},{"id":17362,"n":"Moules ASC Pêche Océan Décortiquées - 500g","p":3.38,"u":"6,76 €/KG","img":"https://fd9-photos.leclercdrive.fr/image.ashx?id=2860070&use=l&cat=p&typeid=i","cat":319787},{"id":17389,"n":"Biscuits dorés extra P'tit Déli 2x150g","p":1.19,"u":"3,97 €/KG","img":"https://fd9-photos.leclercdrive.fr/image.ashx?id=2488359&use=l&cat=p&typeid=i","cat":284487},{"id":17390,"n":"Tampon à récurer Mamison x3","p":0.68,"u":"0,23 €/P","img":"https://fd9-photos.leclercdrive.fr/image.ashx?id=2216957&use=l&cat=p&typeid=i","cat":284667},{"id":17392,"n":"Mouchoirs blanc 4 plis Univert Etuis x15 - Ecolabel","p":1.95,"u":"0,13 €/P","img":"https://fd9-photos.leclercdrive.fr/image.ashx?id=2549951&use=l&cat=p&typeid=i","cat":284638},{"id":17409,"n":"Lotion capillaire Carré Homme Cheveux blancs et gris 400ml","p":1.99,"u":"4,98 €/L","img":"https://fd9-photos.leclercdrive.fr/image.ashx?id=1961961&use=l&cat=p&typeid=i","cat":284621},{"id":17410,"n":"Gel anticalcaire Texil 750ml","p":2.59,"u":"3,45 €/L","img":"https://fd9-photos.leclercdrive.fr/image.ashx?id=2988939&use=l&cat=p&typeid=i","cat":284653},{"id":17413,"n":"Sacs congélation zip Elembal Petit modèle x25","p":1.45,"u":"0,06 €/P","img":"https://fd9-photos.leclercdrive.fr/image.ashx?id=2751883&use=l&cat=p&typeid=i","cat":334134},{"id":17414,"n":"Activateur de lavage Textil Spécial blanc 10 tablettes","p":2.1,"u":"9,33 €/KG","img":"https://fd9-photos.leclercdrive.fr/image.ashx?id=2964565&use=l&cat=p&typeid=i","cat":284651},{"id":17417,"n":"AOC Rosé d'Anjou vin rosé Les Caractères - BIB 3L","p":11.89,"u":"3,96 €/L","img":"https://fd9-photos.leclercdrive.fr/image.ashx?id=2921405&use=l&cat=p&typeid=i","cat":289560},{"id":17422,"n":"IGP Pays d'Oc Syrah vin rouge Vieux Carion -75 cl","p":2.25,"u":"3,00 €/L","img":"https://fd9-photos.leclercdrive.fr/image.ashx?id=2747749&use=l&cat=p&typeid=i","cat":289556},{"id":17423,"n":"IGP Côtes de Gascogne vin blanc Terrasses d'Autan - 75cl","p":2.99,"u":"3,99 €/L","img":"https://fd9-photos.leclercdrive.fr/image.ashx?id=2625361&use=l&cat=p&typeid=i","cat":289557},{"id":17425,"n":"Fromage blanc Délisse Vanille 2,5%MG - 8x100g","p":2.82,"u":"3,53 €/KG","img":"https://fd9-photos.leclercdrive.fr/image.ashx?id=3012827&use=l&cat=p&typeid=i","cat":284409},{"id":17445,"n":"AOP Saumur demi-sec Les Caractères - 75cl","p":4.49,"u":"5,99 €/L","img":"https://fd9-photos.leclercdrive.fr/image.ashx?id=2895777&use=l&cat=p&typeid=i","cat":284544},{"id":17469,"n":"Biscuits P'tit Déli Bâtonnets Chocolat blanc 150g","p":1.7,"u":"11,33 €/KG","img":"https://fd9-photos.leclercdrive.fr/image.ashx?id=2470195&use=l&cat=p&typeid=i","cat":284488},{"id":17571,"n":"Crème entière fluide UHT Délisse - Brique 30%mg - 1L","p":4.25,"u":"4,25 €/L","img":"https://fd9-photos.leclercdrive.fr/image.ashx?id=2509980&use=l&cat=p&typeid=i","cat":284381},{"id":17645,"n":"Whisky Jameson 40%vol - 1L","p":28.6,"u":"28,60 €/L","img":"https://fd9-photos.leclercdrive.fr/image.ashx?id=2880922&use=l&cat=p&typeid=i","cat":284547},{"id":17653,"n":"Fromage apéritif Apéricube Best of des saveurs 48 cubes","p":4.17,"u":"16,68 €/KG","img":"https://fd9-photos.leclercdrive.fr/image.ashx?id=2882662&use=l&cat=p&typeid=i","cat":314027},{"id":17694,"n":"Couches bébé Mots d'Enfants T4+ Ultra confort - 9/20kg - x144","p":20.5,"u":"0,14 €/P","img":"https://fd9-photos.leclercdrive.fr/image.ashx?id=2689426&use=l&cat=p&typeid=i","cat":284737},{"id":17717,"n":"Blanc de poulet Tradilège x4 160g","p":1.36,"u":"8,50 €/KG","img":"https://fd9-photos.leclercdrive.fr/image.ashx?id=2925738&use=l&cat=p&typeid=i","cat":316010},{"id":17718,"n":"Blanc de dinde Tradilège 4 tranches 160g","p":1.65,"u":"10,31 €/KG","img":"https://fd9-photos.leclercdrive.fr/image.ashx?id=2989787&use=l&cat=p&typeid=i","cat":316010},{"id":17767,"n":"Gambas entières Pêche Océan ASC - 400g","p":8.99,"u":"22,48 €/KG","img":"https://fd9-photos.leclercdrive.fr/image.ashx?id=2147091&use=l&cat=p&typeid=i","cat":319787},{"id":17768,"n":"Boudins blancs au porto Tradilège x3 - 375g","p":3.9,"u":"10,40 €/KG","img":"https://fd9-photos.leclercdrive.fr/image.ashx?id=2252040&use=l&cat=p&typeid=i","cat":316012},{"id":17813,"n":"Détachant Texil avant lavage 500ml","p":1.75,"u":"3,50 €/L","img":"https://fd9-photos.leclercdrive.fr/image.ashx?id=2958708&use=l&cat=p&typeid=i","cat":284651},{"id":17845,"n":"Saumon crème fraîche Marie Fondue poireaux 400g","p":5.07,"u":"12,68 €/KG","img":"https://fd9-photos.leclercdrive.fr/image.ashx?id=2996785&use=l&cat=p&typeid=i","cat":319786},{"id":17901,"n":"Macaroni d'Alsace NRT 250g","p":1.39,"u":"5,56 €/KG","img":"https://fd9-photos.leclercdrive.fr/image.ashx?id=2839989&use=l&cat=p&typeid=i","cat":284427},{"id":17931,"n":"Soupe Crème de potiron Knorr Déshydratée - 1L","p":1.19,"u":"1,19 €/L","img":"https://fd9-photos.leclercdrive.fr/image.ashx?id=2790813&use=l&cat=p&typeid=i","cat":284463},{"id":17937,"n":"IGP Pruneaux d'agen Bio Village Bio - 250g","p":2.96,"u":"11,84 €/KG","img":"https://fd9-photos.leclercdrive.fr/image.ashx?id=2049211&use=l&cat=p&typeid=i","cat":284357},{"id":17938,"n":"Flan nappé caramel Bio Bio Village - 4x125g","p":1.99,"u":"3,98 €/KG","img":"https://fd9-photos.leclercdrive.fr/image.ashx?id=1079077&use=l&cat=p&typeid=i","cat":284420},{"id":17969,"n":"Purée de fruit NATURNES Pomme pêche 4M+ - 4x130g","p":2.2,"u":"4,23 €/KG","img":"https://fd9-photos.leclercdrive.fr/image.ashx?id=2629644&use=l&cat=p&typeid=i","cat":312387},{"id":18000,"n":"Lait céréales Blédidej 12 mois Chocolat biscuité - 4x250ml","p":3.38,"u":"3,38 €/L","img":"https://fd9-photos.leclercdrive.fr/image.ashx?id=2921028&use=l&cat=p&typeid=i","cat":312226},{"id":18001,"n":"Lait céréales Blédidej 6 mois Briochée - 4x250ml","p":3.58,"u":"3,58 €/L","img":"https://fd9-photos.leclercdrive.fr/image.ashx?id=2921049&use=l&cat=p&typeid=i","cat":312226},{"id":18002,"n":"Lait céréales Blédidej 12 mois Biscuité vanille - 4x250ml","p":3.28,"u":"3,28 €/L","img":"https://fd9-photos.leclercdrive.fr/image.ashx?id=2921034&use=l&cat=p&typeid=i","cat":312226},{"id":18066,"n":"Nouilles chinoises Suzi Wan En nid - 250g","p":1.66,"u":"6,64 €/KG","img":"https://fd9-photos.leclercdrive.fr/image.ashx?id=2886253&use=l&cat=p&typeid=i","cat":288992},{"id":18070,"n":"Fromage frais bio Bio Village Fruits panachés - 12x50g","p":2.76,"u":"4,60 €/KG","img":"https://fd9-photos.leclercdrive.fr/image.ashx?id=2992630&use=l&cat=p&typeid=i","cat":284409},{"id":18100,"n":"Lait céréales bébé Blédiner 12m Légumes soir - 2x250ml","p":1.77,"u":"3,54 €/L","img":"https://fd9-photos.leclercdrive.fr/image.ashx?id=2960144&use=l&cat=p&typeid=i","cat":312239},{"id":18102,"n":"Lait céréales bébé Blédiner 6m Légume soir - 4x250ml","p":3.62,"u":"3,62 €/L","img":"https://fd9-photos.leclercdrive.fr/image.ashx?id=2730061&use=l&cat=p&typeid=i","cat":312239},{"id":18123,"n":"Barres Copains Copines x16 - 200g","p":2.25,"u":"11,25 €/KG","img":"https://fd9-photos.leclercdrive.fr/image.ashx?id=2872442&use=l&cat=p&typeid=i","cat":284498},{"id":18124,"n":"Pêche poire cerise  Douceur du Verger - 4x70g","p":2.79,"u":"9,96 €/KG","img":"https://fd9-photos.leclercdrive.fr/image.ashx?id=2149378&use=l&cat=p&typeid=i","cat":284507},{"id":18190,"n":"Pomme de terre de consommation Frite et purée - 5kg","p":5.69,"u":"1,14 €/KG","img":"https://fd9-photos.leclercdrive.fr/image.ashx?id=1633106&use=l&cat=p&typeid=i","cat":284352},{"id":18207,"n":"Lingettes démaquillantes Inell x25","p":1.34,"u":"0,05 €/P","img":"https://fd9-photos.leclercdrive.fr/image.ashx?id=2769579&use=l&cat=p&typeid=i","cat":284603},{"id":18208,"n":"Lingettes démaquillantes Inell x25","p":1.34,"u":"0,05 €/P","img":"https://fd9-photos.leclercdrive.fr/image.ashx?id=2752622&use=l&cat=p&typeid=i","cat":284603},{"id":18218,"n":"Chipolatas Férial x6 - 330g","p":3.49,"u":"10,58 €/KG","img":"https://fd9-photos.leclercdrive.fr/image.ashx?id=2837096&use=l&cat=p&typeid=i","cat":284334},{"id":18219,"n":"Merguez Férial x6 - 330g","p":4.19,"u":"12,70 €/KG","img":"https://fd9-photos.leclercdrive.fr/image.ashx?id=2840019&use=l&cat=p&typeid=i","cat":284334},{"id":18221,"n":"Lardons supérieurs Tradilège Nature - 2x100g","p":1.85,"u":"9,25 €/KG","img":"https://fd9-photos.leclercdrive.fr/image.ashx?id=2933340&use=l&cat=p&typeid=i","cat":316011},{"id":18223,"n":"Lardons supérieurs Tradilège Fumés - 2x100g","p":1.85,"u":"9,25 €/KG","img":"https://fd9-photos.leclercdrive.fr/image.ashx?id=2933343&use=l&cat=p&typeid=i","cat":316011},{"id":18224,"n":"Allumettes Tradilège Nature - 2x100g","p":1.75,"u":"8,75 €/KG","img":"https://fd9-photos.leclercdrive.fr/image.ashx?id=2933349&use=l&cat=p&typeid=i","cat":316011},{"id":18225,"n":"Allumettes Tradilège Fumées - 2x100g","p":1.75,"u":"8,75 €/KG","img":"https://fd9-photos.leclercdrive.fr/image.ashx?id=2933346&use=l&cat=p&typeid=i","cat":316011},{"id":18227,"n":"Lardons supérieurs Tradilège Nature - 160g","p":1.5,"u":"9,38 €/KG","img":"https://fd9-photos.leclercdrive.fr/image.ashx?id=2751949&use=l&cat=p&typeid=i","cat":316011},{"id":18230,"n":"Lardons supérieurs Tradilège Fumés - 160g","p":1.5,"u":"9,38 €/KG","img":"https://fd9-photos.leclercdrive.fr/image.ashx?id=2816636&use=l&cat=p&typeid=i","cat":316011},{"id":18233,"n":"Poitrine Fumée Tradilège Tranches fines - 2x7T - 200g","p":2.48,"u":"12,40 €/KG","img":"https://fd9-photos.leclercdrive.fr/image.ashx?id=2852267&use=l&cat=p&typeid=i","cat":316011},{"id":18234,"n":"Jambon blanc Tradilège A l'italienne 4 tranches 120g","p":2.19,"u":"18,25 €/KG","img":"https://fd9-photos.leclercdrive.fr/image.ashx?id=2984182&use=l&cat=p&typeid=i","cat":316009},{"id":18235,"n":"Mousse de foie Tradilège Supérieure 180g","p":1.24,"u":"6,89 €/KG","img":"https://fd9-photos.leclercdrive.fr/image.ashx?id=2693147&use=l&cat=p&typeid=i","cat":316008},{"id":18236,"n":"Mousse de foie Tradilège 2x50g","p":0.99,"u":"9,90 €/KG","img":"https://fd9-photos.leclercdrive.fr/image.ashx?id=2999625&use=l&cat=p&typeid=i","cat":316008},{"id":18238,"n":"Mousse de canard Tradilège 180g","p":1.16,"u":"6,44 €/KG","img":"https://fd9-photos.leclercdrive.fr/image.ashx?id=2994360&use=l&cat=p&typeid=i","cat":316008},{"id":18241,"n":"Pâté de campagne Tradilège Supérieur 180g","p":1.25,"u":"6,94 €/KG","img":"https://fd9-photos.leclercdrive.fr/image.ashx?id=2844848&use=l&cat=p&typeid=i","cat":316008},{"id":18245,"n":"Rillettes du Mans Tradilège 220g","p":1.45,"u":"6,59 €/KG","img":"https://fd9-photos.leclercdrive.fr/image.ashx?id=2548124&use=l&cat=p&typeid=i","cat":316008},{"id":18246,"n":"Rillettes du Mans Tradilège 400g","p":2.32,"u":"5,80 €/KG","img":"https://fd9-photos.leclercdrive.fr/image.ashx?id=2580385&use=l&cat=p&typeid=i","cat":316008},{"id":18250,"n":"Saucisses Francfort Tradilège x4 240g","p":2.07,"u":"8,63 €/KG","img":"https://fd9-photos.leclercdrive.fr/image.ashx?id=2905955&use=l&cat=p&typeid=i","cat":316012},{"id":18251,"n":"Knacks Tradilège Fumées au bois - x4 - 140g","p":1.05,"u":"7,50 €/KG","img":"https://fd9-photos.leclercdrive.fr/image.ashx?id=2930739&use=l&cat=p&typeid=i","cat":316012},{"id":18252,"n":"Knacks Tradilège Fumées au bois - x6 - 210g","p":1.38,"u":"6,57 €/KG","img":"https://fd9-photos.leclercdrive.fr/image.ashx?id=2448318&use=l&cat=p&typeid=i","cat":316012},{"id":18257,"n":"Saucisses Cocktail Tradilège 400g","p":2.82,"u":"7,05 €/KG","img":"https://fd9-photos.leclercdrive.fr/image.ashx?id=2659082&use=l&cat=p&typeid=i","cat":316012},{"id":18258,"n":"Saucisse Tradilège Mini Knacks Pot micro ondable 200g","p":2.59,"u":"12,95 €/KG","img":"https://fd9-photos.leclercdrive.fr/image.ashx?id=2930921&use=l&cat=p&typeid=i","cat":316012},{"id":18259,"n":"Saucisson à l'ail Tradilège Fumé - 300g","p":2.08,"u":"6,93 €/KG","img":"https://fd9-photos.leclercdrive.fr/image.ashx?id=2930742&use=l&cat=p&typeid=i","cat":316006},{"id":18262,"n":"Cervelas supérieur Tradilège 300g","p":2.1,"u":"7,00 €/KG","img":"https://fd9-photos.leclercdrive.fr/image.ashx?id=2421636&use=l&cat=p&typeid=i","cat":316012},{"id":18263,"n":"Andouillettes Tradilège Nature x3 420g","p":4.09,"u":"9,74 €/KG","img":"https://fd9-photos.leclercdrive.fr/image.ashx?id=2728282&use=l&cat=p&typeid=i","cat":316012},{"id":18266,"n":"Dés de jambon Tradilège 2x75g","p":1.49,"u":"9,93 €/KG","img":"https://fd9-photos.leclercdrive.fr/image.ashx?id=2925732&use=l&cat=p&typeid=i","cat":316011},{"id":18267,"n":"Allumettes de jambon Tradilège 2x75g","p":1.05,"u":"7,00 €/KG","img":"https://fd9-photos.leclercdrive.fr/image.ashx?id=2925716&use=l&cat=p&typeid=i","cat":316011},{"id":18268,"n":"Rôti de porc Tradilège 4 tranches 160g","p":2.14,"u":"13,38 €/KG","img":"https://fd9-photos.leclercdrive.fr/image.ashx?id=2984173&use=l&cat=p&typeid=i","cat":316009},{"id":18275,"n":"Blanc de poulet Tradilège x2 tranches - 80g","p":0.99,"u":"12,38 €/KG","img":"https://fd9-photos.leclercdrive.fr/image.ashx?id=2930751&use=l&cat=p&typeid=i","cat":316010},{"id":18279,"n":"Dés de poulet Tradilège 2x75g","p":2.82,"u":"18,80 €/KG","img":"https://fd9-photos.leclercdrive.fr/image.ashx?id=2984185&use=l&cat=p&typeid=i","cat":316011},{"id":18280,"n":"Beignets pomme  4 p","p":2.95,"u":"0,74 €/P","img":"https://fd9-photos.leclercdrive.fr/image.ashx?id=661111&use=l&cat=p&typeid=i","cat":284984},{"id":18281,"n":"Beignets Chocolat Noisette  4 p","p":2.95,"u":"0,74 €/P","img":"https://fd9-photos.leclercdrive.fr/image.ashx?id=2070992&use=l&cat=p&typeid=i","cat":284984},{"id":18282,"n":"Saucisse de volaille Tradilège x6 210g","p":1.38,"u":"6,57 €/KG","img":"https://fd9-photos.leclercdrive.fr/image.ashx?id=2616069&use=l&cat=p&typeid=i","cat":316012},{"id":18283,"n":"Beignets framboise   300g","p":2.95,"u":"9,83 €/KG","img":"https://fd9-photos.leclercdrive.fr/image.ashx?id=661103&use=l&cat=p&typeid=i","cat":284984},{"id":18287,"n":"Céréales Extra Kellogg's Chocolat au lait - 500g","p":3.17,"u":"6,34 €/KG","img":"https://fd9-photos.leclercdrive.fr/image.ashx?id=2692707&use=l&cat=p&typeid=i","cat":309512},{"id":18347,"n":"Porc : Paupiette Férial x6 780g","p":7.78,"u":"9,97 €/KG","img":"https://fd9-photos.leclercdrive.fr/image.ashx?id=2852291&use=l&cat=p&typeid=i","cat":284331},{"id":18351,"n":"Fromage à tartiner Les Croisés Nature - 25%mg - 150g","p":1.24,"u":"8,27 €/KG","img":"https://fd9-photos.leclercdrive.fr/image.ashx?id=1671226&use=l&cat=p&typeid=i","cat":314029},{"id":18352,"n":"Chouquettes x20  180g","p":4.95,"u":"27,50 €/KG","img":"https://fd9-photos.leclercdrive.fr/image.ashx?id=2070995&use=l&cat=p&typeid=i","cat":284984},{"id":18362,"n":"Biscuit bébé Blédina 10 mois Boudoir - 120g","p":1.85,"u":"15,42 €/KG","img":"https://fd9-photos.leclercdrive.fr/image.ashx?id=2801114&use=l&cat=p&typeid=i","cat":312227},{"id":18363,"n":"Pots bébé bio Babybio Maïs poulet - 8 mois - 2x200g","p":2.85,"u":"7,13 €/KG","img":"https://fd9-photos.leclercdrive.fr/image.ashx?id=2827461&use=l&cat=p&typeid=i","cat":312236},{"id":18364,"n":"Haricots rouges D'aucy  250g","p":1.16,"u":"4,64 €/KG","img":"https://fd9-photos.leclercdrive.fr/image.ashx?id=2538434&use=l&cat=p&typeid=i","cat":312606},{"id":18375,"n":"Petits pois carottes d''Aucy Extra fins - 265g","p":1.08,"u":"4,08 €/KG","img":"https://fd9-photos.leclercdrive.fr/image.ashx?id=2475324&use=l&cat=p&typeid=i","cat":312607},{"id":18387,"n":"Herbes de Provence Ducros Barbecue - 100g","p":1.28,"u":"12,80 €/KG","img":"https://fd9-photos.leclercdrive.fr/image.ashx?id=2414717&use=l&cat=p&typeid=i","cat":298297},{"id":18399,"n":"Poivre gris moulu Ducros 2x18g","p":2.23,"u":"61,94 €/KG","img":"https://fd9-photos.leclercdrive.fr/image.ashx?id=2759454&use=l&cat=p&typeid=i","cat":298297},{"id":18404,"n":"Safran moulu Ducros 4 doses - 0.4g","p":4.63,"img":"https://fd9-photos.leclercdrive.fr/image.ashx?id=2580490&use=l&cat=p&typeid=i","cat":298297},{"id":18408,"n":"Thon entier Pêche Océan Naturel - 140g","p":1.9,"u":"13,57 €/KG","img":"https://fd9-photos.leclercdrive.fr/image.ashx?id=2941426&use=l&cat=p&typeid=i","cat":303867},{"id":18409,"n":"Thon entier Pêche Océan Naturel - 93g","p":1.39,"u":"14,95 €/KG","img":"https://fd9-photos.leclercdrive.fr/image.ashx?id=2942184&use=l&cat=p&typeid=i","cat":303867},{"id":18437,"n":"Allumettes Bacon Tradilège Fumées - 2x100g","p":1.74,"u":"8,70 €/KG","img":"https://fd9-photos.leclercdrive.fr/image.ashx?id=2905952&use=l&cat=p&typeid=i","cat":316011},{"id":18441,"n":"Pur jus de fruits Jafaden Mandarine - 1L","p":2.39,"u":"2,39 €/L","img":"https://fd9-photos.leclercdrive.fr/image.ashx?id=2956044&use=l&cat=p&typeid=i","cat":284915},{"id":18515,"n":"Sapin coupé Nordmann Taille entre 150 et 200cm","p":34.99,"img":"https://fd9-photos.leclercdrive.fr/image.ashx?id=599475&use=l&cat=p&typeid=i","cat":335921},{"id":18521,"n":"Papier toilette Mimosa Blanc double épaisseur - x12","p":2.85,"u":"0,24 €/P","img":"https://fd9-photos.leclercdrive.fr/image.ashx?id=2434230&use=l&cat=p&typeid=i","cat":284634},{"id":18556,"n":"Feutres pour ardoise Velleda 1721 Fin bleu - Odeur neutre x2","p":1.28,"u":"0,64 €/P","img":"https://fd9-photos.leclercdrive.fr/image.ashx?id=2318465&use=l&cat=p&typeid=i","cat":334133},{"id":18562,"n":"Feuille papier calque Esquisse x12 21x29,7cm","p":1.19,"img":"https://fd9-photos.leclercdrive.fr/image.ashx?id=2943172&use=l&cat=p&typeid=i","cat":284697},{"id":18564,"n":"Papier millimétré Esquisse 21x29,7cm - x12","p":1.19,"img":"https://fd9-photos.leclercdrive.fr/image.ashx?id=2943175&use=l&cat=p&typeid=i","cat":284697},{"id":18577,"n":"Papier toilette Mimosa Blanc - Ultra doux - x24","p":4.33,"u":"0,18 €/P","img":"https://fd9-photos.leclercdrive.fr/image.ashx?id=2796488&use=l&cat=p&typeid=i","cat":284634},{"id":18595,"n":"Saucisse Strasbourg Bio Village bio x4 - 180g","p":2.98,"u":"16,56 €/KG","img":"https://fd9-photos.leclercdrive.fr/image.ashx?id=2362294&use=l&cat=p&typeid=i","cat":316012},{"id":18598,"n":"Yaourts à la Grecque Délisse Mûre Framboise - 4x150g","p":1.99,"u":"3,32 €/KG","img":"https://fd9-photos.leclercdrive.fr/image.ashx?id=2699441&use=l&cat=p&typeid=i","cat":314999},{"id":18652,"n":"Crépes Nature P'tit Déli x10 300g","p":1.69,"u":"5,63 €/KG","img":"https://fd9-photos.leclercdrive.fr/image.ashx?id=2896021&use=l&cat=p&typeid=i","cat":284494},{"id":18669,"n":"Snacks Tokapi 4 saveurs - 100g","p":0.87,"u":"8,70 €/KG","img":"https://fd9-photos.leclercdrive.fr/image.ashx?id=2884234&use=l&cat=p&typeid=i","cat":284449},{"id":18670,"n":"Tuiles Tokapi Bacon - 170g","p":1.39,"u":"8,18 €/KG","img":"https://fd9-photos.leclercdrive.fr/image.ashx?id=2657205&use=l&cat=p&typeid=i","cat":287899},{"id":18671,"n":"Tuiles Tokapi Paprika - 170g","p":1.35,"u":"7,94 €/KG","img":"https://fd9-photos.leclercdrive.fr/image.ashx?id=2632852&use=l&cat=p&typeid=i","cat":287899},{"id":18676,"n":"Allume-feu Silex cubes 18 sachets individuels","p":3.23,"img":"https://fd9-photos.leclercdrive.fr/image.ashx?id=2643584&use=l&cat=p&typeid=i","cat":300578},{"id":18723,"n":"Boulettes provençale Férial x12 - 300g","p":4.09,"u":"13,63 €/KG","img":"https://fd9-photos.leclercdrive.fr/image.ashx?id=2816627&use=l&cat=p&typeid=i","cat":284332},{"id":18747,"n":"Pavés de boeuf marinés 3 poivre Férial x2 - 240g","p":4.75,"u":"19,79 €/KG","img":"https://fd9-photos.leclercdrive.fr/image.ashx?id=2854276&use=l&cat=p&typeid=i","cat":284328},{"id":18748,"n":"Pavés de boeuf marinés nature F x2 - 240g","p":4.99,"u":"20,79 €/KG","img":"https://fd9-photos.leclercdrive.fr/image.ashx?id=2854270&use=l&cat=p&typeid=i","cat":284328},{"id":18853,"n":"Soin de jour Diadermine Lift+ Elastine Anti-rides - 50ml","p":7.12,"u":"142,40 €/L","img":"https://fd9-photos.leclercdrive.fr/image.ashx?id=2464024&use=l&cat=p&typeid=i","cat":325345},{"id":18953,"n":"Thon entier Pêche Océan Naturel - 186g","p":2.5,"u":"13,44 €/KG","img":"https://fd9-photos.leclercdrive.fr/image.ashx?id=2942190&use=l&cat=p&typeid=i","cat":303867},{"id":18968,"n":"Gâteaux mini marbrés P'tit Déli Chocolat x7 - 189g","p":1.59,"u":"8,41 €/KG","img":"https://fd9-photos.leclercdrive.fr/image.ashx?id=1947360&use=l&cat=p&typeid=i","cat":284495},{"id":18985,"n":"Salade pates Jambon Emmental  250g - Côté Snack","p":2.27,"u":"9,08 €/KG","img":"https://fd9-photos.leclercdrive.fr/image.ashx?id=2900635&use=l&cat=p&typeid=i","cat":333657},{"id":18996,"n":"Confiture Bonne Maman 4 fruits rouges - 370g","p":2.4,"u":"6,49 €/KG","img":"https://fd9-photos.leclercdrive.fr/image.ashx?id=2547474&use=l&cat=p&typeid=i","cat":284480},{"id":19023,"n":"Sirop Frucci Citron - 1L","p":2.04,"u":"2,04 €/L","img":"https://fd9-photos.leclercdrive.fr/image.ashx?id=2955656&use=l&cat=p&typeid=i","cat":295020},{"id":19066,"n":"Vodka Poliakov 37,5%vol - 1L","p":15.94,"u":"15,94 €/L","img":"https://fd9-photos.leclercdrive.fr/image.ashx?id=2576916&use=l&cat=p&typeid=i","cat":284550},{"id":19098,"n":"Cookies gros éclats Granola Chocolat - 184g","p":1.8,"u":"9,78 €/KG","img":"https://fd9-photos.leclercdrive.fr/image.ashx?id=2996413&use=l&cat=p&typeid=i","cat":325066},{"id":19102,"n":"Croquettes chat Purina One Stérilisé-Saumon/Céréales-1,5kg","p":6.77,"u":"4,51 €/KG","img":"https://fd9-photos.leclercdrive.fr/image.ashx?id=2541268&use=l&cat=p&typeid=i","cat":284680},{"id":19110,"n":"Boeuf Bourguignon Côté Table 300g","p":2.04,"u":"6,80 €/KG","img":"https://fd9-photos.leclercdrive.fr/image.ashx?id=2517679&use=l&cat=p&typeid=i","cat":284953},{"id":19116,"n":"Céréales croustillants Bio bjorg  chocolat noir - 500g","p":3.32,"u":"6,64 €/KG","img":"https://fd9-photos.leclercdrive.fr/image.ashx?id=2972967&use=l&cat=p&typeid=i","cat":309512},{"id":19119,"n":"Pains au lait La Boulangère Bio x8 - 280g","p":2.05,"u":"7,32 €/KG","img":"https://fd9-photos.leclercdrive.fr/image.ashx?id=2972460&use=l&cat=p&typeid=i","cat":293505},{"id":19138,"n":"Semoule Couscous Bio Village Semi complet Bio - 500g","p":1.95,"u":"3,90 €/KG","img":"https://fd9-photos.leclercdrive.fr/image.ashx?id=2814217&use=l&cat=p&typeid=i","cat":284429},{"id":19146,"n":"Cappelletti bio Céréal Bio tofu et Chèvre express-220g","p":2.1,"u":"9,55 €/KG","img":"https://fd9-photos.leclercdrive.fr/image.ashx?id=2642372&use=l&cat=p&typeid=i","cat":287600},{"id":19202,"n":"Galettes bio Bio Village 4 céréales x17 - 130g","p":0.99,"u":"7,62 €/KG","img":"https://fd9-photos.leclercdrive.fr/image.ashx?id=2816154&use=l&cat=p&typeid=i","cat":318651},{"id":19204,"n":"Son d'avoine Bio Bjorg 500g","p":2.96,"u":"5,92 €/KG","img":"https://fd9-photos.leclercdrive.fr/image.ashx?id=2786045&use=l&cat=p&typeid=i","cat":309512},{"id":19208,"n":"Biscuits nappés Bio Village Chocolat noir Bio 200g","p":2.62,"u":"13,10 €/KG","img":"https://fd9-photos.leclercdrive.fr/image.ashx?id=1937510&use=l&cat=p&typeid=i","cat":284488},{"id":19231,"n":"Petit Pois Cassegrain Tendres et Fondants 140g","p":1.3,"u":"9,29 €/KG","img":"https://fd9-photos.leclercdrive.fr/image.ashx?id=2912974&use=l&cat=p&typeid=i","cat":312607},{"id":19255,"n":"Croquettes chat Purina One Light Adulte -Poulet/Blé -1,5kg","p":7.02,"u":"4,68 €/KG","img":"https://fd9-photos.leclercdrive.fr/image.ashx?id=2432010&use=l&cat=p&typeid=i","cat":284680},{"id":19256,"n":"Croquettes chat Purina One Adulte d'intérieur-Dinde -1,5kg","p":7.04,"u":"4,69 €/KG","img":"https://fd9-photos.leclercdrive.fr/image.ashx?id=2902271&use=l&cat=p&typeid=i","cat":284680},{"id":19257,"n":"Croquettes chat Purina One Sensible Adulte-Dinde/Riz-450g","p":2.56,"u":"5,69 €/KG","img":"https://fd9-photos.leclercdrive.fr/image.ashx?id=2459658&use=l&cat=p&typeid=i","cat":284680},{"id":19263,"n":"Filets de maquereaux Saupiquet A la moutarde - 169g","p":2.04,"u":"12,07 €/KG","img":"https://fd9-photos.leclercdrive.fr/image.ashx?id=2829961&use=l&cat=p&typeid=i","cat":303868},{"id":19275,"n":"Fructose Vivis Boîte 500g","p":2.74,"u":"5,48 €/KG","img":"https://fd9-photos.leclercdrive.fr/image.ashx?id=2061840&use=l&cat=p&typeid=i","cat":324846},{"id":19279,"n":"Sucre de canne Daddy En morceaux - 1kg","p":2.23,"u":"2,23 €/KG","img":"https://fd9-photos.leclercdrive.fr/image.ashx?id=2908576&use=l&cat=p&typeid=i","cat":284502},{"id":19285,"n":"Sauce crudités Rustica Fines herbes - 50cl","p":0.88,"u":"1,76 €/L","img":"https://fd9-photos.leclercdrive.fr/image.ashx?id=1972916&use=l&cat=p&typeid=i","cat":284456},{"id":19293,"n":"Lait céréales bébé Blédiner 12m Carotte pois soir - 2x250ml","p":1.79,"u":"3,58 €/L","img":"https://fd9-photos.leclercdrive.fr/image.ashx?id=2949856&use=l&cat=p&typeid=i","cat":312239},{"id":19296,"n":"Gressins Tokapi Sésame - 125g","p":1.17,"u":"9,36 €/KG","img":"https://fd9-photos.leclercdrive.fr/image.ashx?id=1993574&use=l&cat=p&typeid=i","cat":297000},{"id":19297,"n":"Lait céréales bébé Blédiner 6m Potiron soir - 2x250ml","p":1.8,"u":"3,60 €/L","img":"https://fd9-photos.leclercdrive.fr/image.ashx?id=2960141&use=l&cat=p&typeid=i","cat":312239},{"id":19298,"n":"Gressins Tokapi  Huile d'olive romarin - 125g","p":1.41,"u":"11,28 €/KG","img":"https://fd9-photos.leclercdrive.fr/image.ashx?id=1993577&use=l&cat=p&typeid=i","cat":297000},{"id":19303,"n":"Mini penne Turini 500g","p":0.98,"u":"1,96 €/KG","img":"https://fd9-photos.leclercdrive.fr/image.ashx?id=3015063&use=l&cat=p&typeid=i","cat":284427},{"id":19304,"n":"Mini farfalle Turini 500g","p":1.26,"u":"2,52 €/KG","img":"https://fd9-photos.leclercdrive.fr/image.ashx?id=2607494&use=l&cat=p&typeid=i","cat":284427},{"id":19305,"n":"Pâtes Spaghetti Panzani 3 Minutes - 500G","p":1.2,"u":"2,40 €/KG","img":"https://fd9-photos.leclercdrive.fr/image.ashx?id=3008035&use=l&cat=p&typeid=i","cat":284427},{"id":19308,"n":"Epices pour guacamole Old el paso - 20g","p":1.1,"u":"55,00 €/KG","img":"https://fd9-photos.leclercdrive.fr/image.ashx?id=2858168&use=l&cat=p&typeid=i","cat":288993},{"id":19319,"n":"Cookies Eco+ Pépites de chocolat - 200g","p":0.92,"u":"4,60 €/KG","img":"https://fd9-photos.leclercdrive.fr/image.ashx?id=2821875&use=l&cat=p&typeid=i","cat":325066},{"id":19353,"n":"Mao Croqui Haribo Sachet bonbons - 250g","p":1.33,"u":"5,32 €/KG","img":"https://fd9-photos.leclercdrive.fr/image.ashx?id=2805192&use=l&cat=p&typeid=i","cat":304250},{"id":19356,"n":"Infusion bio Jardin Bio Thym Menthe - x20 sachets - 30g","p":1.79,"u":"59,67 €/KG","img":"https://fd9-photos.leclercdrive.fr/image.ashx?id=2792654&use=l&cat=p&typeid=i","cat":293234},{"id":19366,"n":"Barres céréales Grany Chocolat - 125g","p":1.8,"u":"14,40 €/KG","img":"https://fd9-photos.leclercdrive.fr/image.ashx?id=2773613&use=l&cat=p&typeid=i","cat":285869},{"id":19367,"n":"Chocolat au lait Alter Eco  fondant Bio - 100g","p":2.84,"u":"28,40 €/KG","img":"https://fd9-photos.leclercdrive.fr/image.ashx?id=2912353&use=l&cat=p&typeid=i","cat":284497},{"id":19386,"n":"Méli mélo céréales lég Tipiak 330g","p":2.24,"u":"6,79 €/KG","img":"https://fd9-photos.leclercdrive.fr/image.ashx?id=2563715&use=l&cat=p&typeid=i","cat":284429},{"id":19392,"n":"Café moulu Eco+ Robusta - 4x250g","p":8.89,"u":"8,89 €/KG","img":"https://fd9-photos.leclercdrive.fr/image.ashx?id=2700954&use=l&cat=p&typeid=i","cat":284750},{"id":19402,"n":"Chocolat Côte d'Or Noir pâte d'amandes 150g","p":2.98,"u":"19,87 €/KG","img":"https://fd9-photos.leclercdrive.fr/image.ashx?id=2985585&use=l&cat=p&typeid=i","cat":284956},{"id":19408,"n":"Soupe Velouté Bio Village Bio Légumes verts - 1L","p":2.42,"u":"2,42 €/L","img":"https://fd9-photos.leclercdrive.fr/image.ashx?id=2352237&use=l&cat=p&typeid=i","cat":284462},{"id":19411,"n":"Compote Allégée en sucres Eco+ Coupelle pomme - 4x100g","p":0.55,"u":"1,38 €/KG","img":"https://fd9-photos.leclercdrive.fr/image.ashx?id=1961398&use=l&cat=p&typeid=i","cat":284508},{"id":19416,"n":"Dessert fruitier Andros Pomme allégé 730g","p":1.28,"u":"1,75 €/KG","img":"https://fd9-photos.leclercdrive.fr/image.ashx?id=2369930&use=l&cat=p&typeid=i","cat":284508},{"id":19418,"n":"Pâtes serpentini Turini 500g","p":0.84,"u":"1,68 €/KG","img":"https://fd9-photos.leclercdrive.fr/image.ashx?id=2744231&use=l&cat=p&typeid=i","cat":284427},{"id":19420,"n":"Pâtes Torsades Turini Nature tomate épinard - 500g","p":1.1,"u":"2,20 €/KG","img":"https://fd9-photos.leclercdrive.fr/image.ashx?id=2607485&use=l&cat=p&typeid=i","cat":284427},{"id":19424,"n":"Spaghetti Turini Au blé complet - 500g","p":0.95,"u":"1,90 €/KG","img":"https://fd9-photos.leclercdrive.fr/image.ashx?id=2607497&use=l&cat=p&typeid=i","cat":284427},{"id":19426,"n":"Gâteaux L'Ourson Lulu LU Chocolat - 150g","p":1.3,"u":"8,67 €/KG","img":"https://fd9-photos.leclercdrive.fr/image.ashx?id=3014425&use=l&cat=p&typeid=i","cat":284495},{"id":19427,"n":"Pâtes penne Turini Blé complet - 500g","p":1.0,"u":"2,00 €/KG","img":"https://fd9-photos.leclercdrive.fr/image.ashx?id=2607500&use=l&cat=p&typeid=i","cat":284427},{"id":19432,"n":"Pains au chocolat Eco+ x10 - 450g","p":1.55,"u":"3,44 €/KG","img":"https://fd9-photos.leclercdrive.fr/image.ashx?id=2927833&use=l&cat=p&typeid=i","cat":296366},{"id":19433,"n":"Pain au lait Eco+ x10 - 400g","p":0.99,"u":"2,48 €/KG","img":"https://fd9-photos.leclercdrive.fr/image.ashx?id=2643578&use=l&cat=p&typeid=i","cat":293505},{"id":19440,"n":"Flageolets d'aucy  Extra-fins - 530g","p":1.89,"u":"3,57 €/KG","img":"https://fd9-photos.leclercdrive.fr/image.ashx?id=2486152&use=l&cat=p&typeid=i","cat":312606},{"id":19443,"n":"Thé vert Bio Ethiquable Tonique Ceylan x20 - 36g","p":2.15,"u":"59,72 €/KG","img":"https://fd9-photos.leclercdrive.fr/image.ashx?id=2971676&use=l&cat=p&typeid=i","cat":293233},{"id":19455,"n":"Confiture bio Jardin Bio Allégée framboises - 320g","p":2.94,"u":"9,19 €/KG","img":"https://fd9-photos.leclercdrive.fr/image.ashx?id=2537580&use=l&cat=p&typeid=i","cat":284480},{"id":19463,"n":"Sticks dentaires Lydog Moyen chien - x7 - 180g","p":1.39,"u":"7,72 €/KG","img":"https://fd9-photos.leclercdrive.fr/image.ashx?id=1878598&use=l&cat=p&typeid=i","cat":294527},{"id":19473,"n":"Assiettes rondes Homeside Biodégradables 23cm x25","p":2.99,"img":"https://fd9-photos.leclercdrive.fr/image.ashx?id=1659687&use=l&cat=p&typeid=i","cat":334134},{"id":19474,"n":"Assiettes Ardence Dessert carrées 15.5cm x25","p":2.3,"img":"https://fd9-photos.leclercdrive.fr/image.ashx?id=951295&use=l&cat=p&typeid=i","cat":334134},{"id":19487,"n":"Cassoulet Toulousain   Raynal Et Roquelaure - 840g","p":4.34,"u":"5,17 €/KG","img":"https://fd9-photos.leclercdrive.fr/image.ashx?id=2928387&use=l&cat=p&typeid=i","cat":284440},{"id":19491,"n":"Couscous tunisien Côté Table Kefta merguez - 300g","p":2.19,"u":"7,30 €/KG","img":"https://fd9-photos.leclercdrive.fr/image.ashx?id=2900097&use=l&cat=p&typeid=i","cat":284953},{"id":19493,"n":"Colin d'alaska Côté Table Barquette micro-ondable 300g","p":1.99,"u":"6,63 €/KG","img":"https://fd9-photos.leclercdrive.fr/image.ashx?id=2770311&use=l&cat=p&typeid=i","cat":284953},{"id":19535,"n":"Stick lèvres Inell Nourrissant - 2 pièces","p":1.99,"u":"1,00 €/P","img":"https://fd9-photos.leclercdrive.fr/image.ashx?id=2841622&use=l&cat=p&typeid=i","cat":285485},{"id":19601,"n":"Gâteaux marbrés P'tit Déli x14 378g","p":2.97,"u":"7,86 €/KG","img":"https://fd9-photos.leclercdrive.fr/image.ashx?id=1947363&use=l&cat=p&typeid=i","cat":284495},{"id":19604,"n":"Gâteaux P'tit Déli A base de yaourt x7 - 189g","p":1.88,"u":"9,95 €/KG","img":"https://fd9-photos.leclercdrive.fr/image.ashx?id=2059086&use=l&cat=p&typeid=i","cat":294776},{"id":19609,"n":"Tuiles Tokapi Fromage - 170g","p":1.39,"u":"8,18 €/KG","img":"https://fd9-photos.leclercdrive.fr/image.ashx?id=2647426&use=l&cat=p&typeid=i","cat":287899},{"id":19611,"n":"Soupe Velouté Régal Soupe Tomates - 2x30cl","p":1.49,"u":"2,48 €/L","img":"https://fd9-photos.leclercdrive.fr/image.ashx?id=2819271&use=l&cat=p&typeid=i","cat":284462},{"id":19617,"n":"Soupe Boeuf tomates Régal Soupe Vermicelles - 54g","p":0.99,"u":"18,33 €/KG","img":"https://fd9-photos.leclercdrive.fr/image.ashx?id=2663278&use=l&cat=p&typeid=i","cat":284463},{"id":19622,"n":"Soupe Minestrone Régal Soupe Déshydratée - 104g","p":0.68,"u":"6,54 €/KG","img":"https://fd9-photos.leclercdrive.fr/image.ashx?id=2663275&use=l&cat=p&typeid=i","cat":284463},{"id":19625,"n":"Mini goûters P'tit Déli Fraise 168g","p":1.13,"u":"6,73 €/KG","img":"https://fd9-photos.leclercdrive.fr/image.ashx?id=2310498&use=l&cat=p&typeid=i","cat":284489},{"id":19644,"n":"Assiettes rondes Homeside Dessert Biodégradables 18cm x25","p":2.23,"img":"https://fd9-photos.leclercdrive.fr/image.ashx?id=1659684&use=l&cat=p&typeid=i","cat":334134},{"id":19645,"n":"Mini-crêpes fourrées Tokapi Cheddar - 65g","p":1.99,"u":"30,62 €/KG","img":"https://fd9-photos.leclercdrive.fr/image.ashx?id=2853889&use=l&cat=p&typeid=i","cat":297000},{"id":19660,"n":"Cordons bleus Pic'Express Au poulet 4x100g","p":3.63,"u":"9,08 €/KG","img":"https://fd9-photos.leclercdrive.fr/image.ashx?id=2852949&use=l&cat=p&typeid=i","cat":319780},{"id":19669,"n":"Sac à litière P'tit Ami Petit modèle - x10","p":3.15,"img":"https://fd9-photos.leclercdrive.fr/image.ashx?id=1048997&use=l&cat=p&typeid=i","cat":284683},{"id":19671,"n":"Sac à litière P'tit Ami Grand modèle x 8","p":3.39,"img":"https://fd9-photos.leclercdrive.fr/image.ashx?id=813703&use=l&cat=p&typeid=i","cat":284683},{"id":19699,"n":"Sucre pure canne blond Beghin Say - 1kg","p":2.86,"u":"2,86 €/KG","img":"https://fd9-photos.leclercdrive.fr/image.ashx?id=2977321&use=l&cat=p&typeid=i","cat":284502},{"id":19700,"n":"Sucre spécial confiture Daddy 1kg","p":2.38,"u":"2,38 €/KG","img":"https://fd9-photos.leclercdrive.fr/image.ashx?id=2975858&use=l&cat=p&typeid=i","cat":284502},{"id":19702,"n":"Sucre en poudre Béghin Say 750g","p":1.75,"u":"2,33 €/KG","img":"https://fd9-photos.leclercdrive.fr/image.ashx?id=2866352&use=l&cat=p&typeid=i","cat":284502},{"id":19719,"n":"Yaourts Lait entier Bio Village Bio Vanille - 4x125g","p":1.27,"u":"2,54 €/KG","img":"https://fd9-photos.leclercdrive.fr/image.ashx?id=2702336&use=l&cat=p&typeid=i","cat":286006},{"id":19723,"n":"Sacs congélation zip Elembal Grand x15","p":1.8,"u":"0,12 €/P","img":"https://fd9-photos.leclercdrive.fr/image.ashx?id=2751889&use=l&cat=p&typeid=i","cat":334134},{"id":19729,"n":"Biscuit P'tit Déli Palmiers Chocolat au lait 110g","p":1.25,"u":"11,36 €/KG","img":"https://fd9-photos.leclercdrive.fr/image.ashx?id=2573403&use=l&cat=p&typeid=i","cat":284488},{"id":19732,"n":"Les p'tites spirales P'tit Déli Chocolat  x6 - 150g","p":1.35,"u":"9,00 €/KG","img":"https://fd9-photos.leclercdrive.fr/image.ashx?id=2660422&use=l&cat=p&typeid=i","cat":284495},{"id":19743,"n":"Déodorant atomiseur Carré Homme Musc 200ml","p":1.35,"u":"6,75 €/L","img":"https://fd9-photos.leclercdrive.fr/image.ashx?id=2375998&use=l&cat=p&typeid=i","cat":284618},{"id":19744,"n":"Déodorant atomiseur Carré Homme Marine 200ml","p":1.35,"u":"6,75 €/L","img":"https://fd9-photos.leclercdrive.fr/image.ashx?id=2390707&use=l&cat=p&typeid=i","cat":284618},{"id":19750,"n":"Cotons Duo Démaquillants Inell Duo carré - Disques x50","p":1.24,"u":"0,02 €/P","img":"https://fd9-photos.leclercdrive.fr/image.ashx?id=1709937&use=l&cat=p&typeid=i","cat":285593},{"id":19788,"n":"Stick lèvres Inell Hydratant - 2 pièces","p":1.5,"u":"0,75 €/P","img":"https://fd9-photos.leclercdrive.fr/image.ashx?id=2776042&use=l&cat=p&typeid=i","cat":285485},{"id":19796,"n":"Papier aluminium Elembal 30m","p":2.76,"img":"https://fd9-photos.leclercdrive.fr/image.ashx?id=2854231&use=l&cat=p&typeid=i","cat":334134},{"id":19798,"n":"Dissolvant doux Inell Sans acétone - 150ml","p":1.42,"u":"9,47 €/L","img":"https://fd9-photos.leclercdrive.fr/image.ashx?id=2691640&use=l&cat=p&typeid=i","cat":325347},{"id":19815,"n":"Piles alcalines Foxter AAA/LR3 1,5V - x8","p":1.69,"img":"https://fd9-photos.leclercdrive.fr/image.ashx?id=2162153&use=l&cat=p&typeid=i","cat":300572},{"id":19856,"n":"Pâtes Barilla Coquillettes - 1kg","p":1.83,"u":"1,83 €/KG","img":"https://fd9-photos.leclercdrive.fr/image.ashx?id=2392230&use=l&cat=p&typeid=i","cat":284427},{"id":19868,"n":"Gâteau de riz Délisse 500g","p":1.79,"u":"3,58 €/KG","img":"https://fd9-photos.leclercdrive.fr/image.ashx?id=2938415&use=l&cat=p&typeid=i","cat":284418},{"id":19877,"n":"Mozzarella Spécial Cuisine Les Croisés - 400g","p":2.94,"u":"7,35 €/KG","img":"https://fd9-photos.leclercdrive.fr/image.ashx?id=2992531&use=l&cat=p&typeid=i","cat":314026},{"id":19879,"n":"Liégois Délisse Framboise - 4x100g","p":1.69,"u":"4,23 €/KG","img":"https://fd9-photos.leclercdrive.fr/image.ashx?id=2694280&use=l&cat=p&typeid=i","cat":285042},{"id":19880,"n":"Gâteau Autour du Dessert Moelleux au Chocolat - 450g","p":5.35,"u":"11,89 €/KG","img":"https://fd9-photos.leclercdrive.fr/image.ashx?id=2856278&use=l&cat=p&typeid=i","cat":284267},{"id":19881,"n":"Dés Salakis herbes de Provence Fromage brebis - 300g","p":3.29,"u":"10,97 €/KG","img":"https://fd9-photos.leclercdrive.fr/image.ashx?id=2729686&use=l&cat=p&typeid=i","cat":314026},{"id":19906,"n":"Yaourts brassés aux fruits Bio Bio village - 12x125g","p":4.49,"u":"2,99 €/KG","img":"https://fd9-photos.leclercdrive.fr/image.ashx?id=2841971&use=l&cat=p&typeid=i","cat":284410},{"id":19909,"n":"Yaourts Lait entier Bio Village Bio Vanille - 12x125g","p":3.27,"u":"2,18 €/KG","img":"https://fd9-photos.leclercdrive.fr/image.ashx?id=2032376&use=l&cat=p&typeid=i","cat":286006},{"id":19920,"n":"Dessert aux fruits Sojasun Morceaux de cerises - 4x100g","p":1.68,"u":"4,20 €/P","img":"https://fd9-photos.leclercdrive.fr/image.ashx?id=2355677&use=l&cat=p&typeid=i","cat":316071},{"id":19924,"n":"Dessert fruitier pomme Bio Bio village - 4x100g","p":1.73,"u":"4,33 €/KG","img":"https://fd9-photos.leclercdrive.fr/image.ashx?id=2462427&use=l&cat=p&typeid=i","cat":284416},{"id":19933,"n":"Pizza Crousti-moelleuse Marie Royale - 3x400g","p":6.94,"u":"5,78 €/KG","img":"https://fd9-photos.leclercdrive.fr/image.ashx?id=2996800&use=l&cat=p&typeid=i","cat":284256},{"id":19941,"n":"Pur jus d'orange Jafaden Avec pulpe - 1L","p":2.45,"u":"2,45 €/L","img":"https://fd9-photos.leclercdrive.fr/image.ashx?id=2395258&use=l&cat=p&typeid=i","cat":285435},{"id":19960,"n":"Purée carottes Notre Jardin Nature 750g","p":2.43,"u":"3,24 €/KG","img":"https://fd9-photos.leclercdrive.fr/image.ashx?id=2856166&use=l&cat=p&typeid=i","cat":319805},{"id":19991,"n":"Fromage frais Délisse Fruits panachés - 6x100g","p":2.56,"u":"4,27 €/KG","img":"https://fd9-photos.leclercdrive.fr/image.ashx?id=2913669&use=l&cat=p&typeid=i","cat":284414},{"id":19993,"n":"Crème dessert Délisse Vanille sur lit chocolat 4x125g","p":1.42,"u":"2,84 €/KG","img":"https://fd9-photos.leclercdrive.fr/image.ashx?id=2841950&use=l&cat=p&typeid=i","cat":285041},{"id":20008,"n":"Compote Andros Pomme nature - 12x100g","p":3.15,"u":"2,63 €/KG","img":"https://fd9-photos.leclercdrive.fr/image.ashx?id=2989114&use=l&cat=p&typeid=i","cat":284416},{"id":20010,"n":"Yaourts lait entier nature Bio  Bio village - 12x125g","p":2.46,"u":"1,64 €/KG","img":"https://fd9-photos.leclercdrive.fr/image.ashx?id=2841962&use=l&cat=p&typeid=i","cat":284409},{"id":20013,"n":"Compote Charles & Alice Pommes Abricots - 4x100g","p":1.46,"u":"3,65 €/KG","img":"https://fd9-photos.leclercdrive.fr/image.ashx?id=2757350&use=l&cat=p&typeid=i","cat":284416},{"id":20032,"n":"Whisky Jack Daniel's Old N°7 1L","p":28.5,"pp":25.65,"u":"25,65 €/L","img":"https://fd9-photos.leclercdrive.fr/image.ashx?id=2805189&use=l&cat=p&typeid=i","cat":284547},{"id":20038,"n":"Crème aux œufs La Laitière lit de caramel - 4x100g","p":1.85,"u":"4,63 €/KG","img":"https://fd9-photos.leclercdrive.fr/image.ashx?id=2744593&use=l&cat=p&typeid=i","cat":284419},{"id":20044,"n":"Bière Leffe Ruby 5% - 75cl","p":2.98,"u":"3,97 €/L","img":"https://fd9-photos.leclercdrive.fr/image.ashx?id=1589629&use=l&cat=p&typeid=i","cat":334878},{"id":20060,"n":"Biscuits Gouda Delacre Canasta  Fourrés fromage - 75g","p":1.71,"u":"22,80 €/KG","img":"https://fd9-photos.leclercdrive.fr/image.ashx?id=2661841&use=l&cat=p&typeid=i","cat":297000},{"id":20075,"n":"Corned beef Hereford 340g","p":3.46,"u":"10,18 €/KG","img":"https://fd9-photos.leclercdrive.fr/image.ashx?id=2896946&use=l&cat=p&typeid=i","cat":305149},{"id":20085,"n":"Bière bleue Chimay Brune - 9%vol. - 33cl","p":1.89,"u":"5,73 €/L","img":"https://fd9-photos.leclercdrive.fr/image.ashx?id=1758849&use=l&cat=p&typeid=i","cat":334872},{"id":20099,"n":"Boules Démanquillantes Inell x100","p":1.4,"u":"0,01 €/P","img":"https://fd9-photos.leclercdrive.fr/image.ashx?id=2558802&use=l&cat=p&typeid=i","cat":285593},{"id":20109,"n":"Whisky Bourbon John Davon's 40%vol. - 70cl","p":13.15,"u":"18,79 €/L","img":"https://fd9-photos.leclercdrive.fr/image.ashx?id=2907177&use=l&cat=p&typeid=i","cat":284547},{"id":20110,"n":"Jus d'orange Jafaden A base de concentré  - 6x1L","p":10.56,"u":"1,76 €/L","img":"https://fd9-photos.leclercdrive.fr/image.ashx?id=2751895&use=l&cat=p&typeid=i","cat":284521},{"id":20138,"n":"Chips Pom'Lisse Nature - 200g","p":1.19,"u":"5,95 €/KG","img":"https://fd9-photos.leclercdrive.fr/image.ashx?id=2710783&use=l&cat=p&typeid=i","cat":284447},{"id":20146,"n":"Brique de brebis Les Croisés 150g","p":2.45,"u":"16,33 €/KG","img":"https://fd9-photos.leclercdrive.fr/image.ashx?id=2645903&use=l&cat=p&typeid=i","cat":314031},{"id":20172,"n":"Petits pots bébé P'TIT SOUPER Aubergine pâtes 8M+ - 2x200g","p":1.96,"u":"4,90 €/KG","img":"https://fd9-photos.leclercdrive.fr/image.ashx?id=2526511&use=l&cat=p&typeid=i","cat":312239},{"id":20175,"n":"Petits pots bébé P'TIT SOUPER  7 légumes 8M+ - 2x200g","p":1.68,"u":"4,20 €/KG","img":"https://fd9-photos.leclercdrive.fr/image.ashx?id=2526508&use=l&cat=p&typeid=i","cat":312239},{"id":20180,"n":"Crème Fraîche Elle&Vire Epaisse Légère - 12% MG - 33cl","p":1.6,"u":"4,85 €/L","img":"https://fd9-photos.leclercdrive.fr/image.ashx?id=2871949&use=l&cat=p&typeid=i","cat":284381},{"id":20183,"n":"Emmental français Entremont 45%mg - 250g","p":2.82,"u":"11,28 €/KG","img":"https://fd9-photos.leclercdrive.fr/image.ashx?id=2983138&use=l&cat=p&typeid=i","cat":314034},{"id":20195,"n":"Camembert Isigny Ste Mère Au lait cru - 250g","p":3.45,"u":"13,80 €/KG","img":"https://fd9-photos.leclercdrive.fr/image.ashx?id=2284415&use=l&cat=p&typeid=i","cat":314033},{"id":20213,"n":"Camembert Cœur de Lion  8 portions - 240g","p":2.85,"u":"11,88 €/KG","img":"https://fd9-photos.leclercdrive.fr/image.ashx?id=2767962&use=l&cat=p&typeid=i","cat":314033},{"id":20214,"n":"Mousse Délisse Caramel beurre salé - 4x60g","p":1.44,"u":"6,00 €/KG","img":"https://fd9-photos.leclercdrive.fr/image.ashx?id=3009511&use=l&cat=p&typeid=i","cat":284417},{"id":20218,"n":"Mozzarella vache Casa Azzurra Boule - 125g","p":1.01,"u":"8,08 €/KG","img":"https://fd9-photos.leclercdrive.fr/image.ashx?id=2904302&use=l&cat=p&typeid=i","cat":314026},{"id":20223,"n":"Riz au lait Délisse  Nature - 4x115g","p":1.42,"u":"3,09 €/KG","img":"https://fd9-photos.leclercdrive.fr/image.ashx?id=2595104&use=l&cat=p&typeid=i","cat":284418},{"id":20228,"n":"Crème aux oeufs Délisse Lit caramel - 4x100g","p":1.59,"u":"3,98 €/KG","img":"https://fd9-photos.leclercdrive.fr/image.ashx?id=2970616&use=l&cat=p&typeid=i","cat":284419},{"id":20239,"n":"Gâteaux fourrés P'tit Déli Chocolat x7 - 189g","p":2.18,"u":"11,53 €/KG","img":"https://fd9-photos.leclercdrive.fr/image.ashx?id=2554517&use=l&cat=p&typeid=i","cat":284495},{"id":20267,"n":"Compote bio Bio Village Coupelle pomme poire - 4x100g","p":2.29,"u":"5,73 €/KG","img":"https://fd9-photos.leclercdrive.fr/image.ashx?id=2442710&use=l&cat=p&typeid=i","cat":284508},{"id":20288,"n":"Soufflés Snack's Tokapi Cacahuète - 55g","p":0.39,"u":"7,09 €/KG","img":"https://fd9-photos.leclercdrive.fr/image.ashx?id=2844517&use=l&cat=p&typeid=i","cat":284449},{"id":20291,"n":"Déodorant bille Manava Vanille 50ml","p":1.29,"u":"25,80 €/L","img":"https://fd9-photos.leclercdrive.fr/image.ashx?id=2481213&use=l&cat=p&typeid=i","cat":284595},{"id":20292,"n":"Déodorant bille Manava Anti traces 50ml","p":0.69,"u":"13,80 €/L","img":"https://fd9-photos.leclercdrive.fr/image.ashx?id=2481216&use=l&cat=p&typeid=i","cat":284595},{"id":20299,"n":"AOC Saint Mont rouge  Marquis de Seillan - 75cl","p":4.99,"pp":3.29,"u":"4,39 €/L","img":"https://fd9-photos.leclercdrive.fr/image.ashx?id=2753982&use=l&cat=p&typeid=i","cat":289556},{"id":20306,"n":"Rillettes crabe Ronde des Mers 150g","p":1.99,"u":"13,27 €/KG","img":"https://fd9-photos.leclercdrive.fr/image.ashx?id=2981876&use=l&cat=p&typeid=i","cat":285191},{"id":20309,"n":"Jambon supérieur Tradilège -25% de sel - Découenné x4-160g","p":1.95,"u":"12,19 €/KG","img":"https://fd9-photos.leclercdrive.fr/image.ashx?id=2991518&use=l&cat=p&typeid=i","cat":316009},{"id":20329,"n":"Le Breizh Surimi  Compagnie des pêche x30 - 500g","p":3.85,"u":"7,70 €/KG","img":"https://fd9-photos.leclercdrive.fr/image.ashx?id=2973129&use=l&cat=p&typeid=i","cat":285189},{"id":20375,"n":"Saucisson Justin Bridou Bâton de Berger Noisette - 250g","p":4.5,"u":"18,00 €/KG","img":"https://fd9-photos.leclercdrive.fr/image.ashx?id=2948054&use=l&cat=p&typeid=i","cat":316006},{"id":20380,"n":"Jambon cru 6 tranches Aoste sans conservateur - 165g","p":4.68,"u":"28,36 €/KG","img":"https://fd9-photos.leclercdrive.fr/image.ashx?id=2950285&use=l&cat=p&typeid=i","cat":316007},{"id":20385,"n":"Poêlée de riz Côté Table Saint jacques, crevettes - 600g","p":6.49,"u":"10,82 €/KG","img":"https://fd9-photos.leclercdrive.fr/image.ashx?id=2483614&use=l&cat=p&typeid=i","cat":284254},{"id":20397,"n":"Tagliatelles Weight Watchers Poulet champignons 300g","p":3.31,"u":"11,03 €/KG","img":"https://fd9-photos.leclercdrive.fr/image.ashx?id=2960759&use=l&cat=p&typeid=i","cat":333665},{"id":20413,"n":"Petites gambas fettucine Marie Au pesto tomates confites 280g","p":3.23,"u":"11,54 €/KG","img":"https://fd9-photos.leclercdrive.fr/image.ashx?id=2921537&use=l&cat=p&typeid=i","cat":333665},{"id":20452,"n":"Paëlla Valenciana Fleury Michon 400g","p":3.54,"u":"8,85 €/KG","img":"https://fd9-photos.leclercdrive.fr/image.ashx?id=2656739&use=l&cat=p&typeid=i","cat":333665},{"id":20484,"n":"AOP Cabernet d'Anjou rosé Plessis-Duval - 75cl","p":4.6,"u":"6,13 €/L","img":"https://fd9-photos.leclercdrive.fr/image.ashx?id=2941035&use=l&cat=p&typeid=i","cat":289558},{"id":20501,"n":"Yaourts aux fruits Délisse Fruits Jaunes - 8x125g","p":2.29,"u":"2,29 €/KG","img":"https://fd9-photos.leclercdrive.fr/image.ashx?id=2533319&use=l&cat=p&typeid=i","cat":284410},{"id":20554,"n":"Sardines Pêche Océan Huile de tournesol - 3x135g","p":2.83,"u":"6,99 €/KG","img":"https://fd9-photos.leclercdrive.fr/image.ashx?id=2692955&use=l&cat=p&typeid=i","cat":305146},{"id":20612,"n":"Thon Pêche Océan A la catalane - 2x135g","p":1.87,"u":"6,93 €/KG","img":"https://fd9-photos.leclercdrive.fr/image.ashx?id=2941432&use=l&cat=p&typeid=i","cat":303867},{"id":20628,"n":"Merguez Férial x12 - 660g","p":8.29,"u":"12,56 €/KG","img":"https://fd9-photos.leclercdrive.fr/image.ashx?id=2852285&use=l&cat=p&typeid=i","cat":284334},{"id":20634,"n":"Lait céréales Blédidej 6 mois Vanille - 4x250ml","p":3.44,"u":"3,44 €/L","img":"https://fd9-photos.leclercdrive.fr/image.ashx?id=2921046&use=l&cat=p&typeid=i","cat":312226},{"id":20642,"n":"Gants de ménage Mamison Taille L - x1 paire","p":1.01,"img":"https://fd9-photos.leclercdrive.fr/image.ashx?id=2635682&use=l&cat=p&typeid=i","cat":284668},{"id":20646,"n":"Filtre à thé Britley x30","p":1.64,"u":"0,05 €/P","img":"https://fd9-photos.leclercdrive.fr/image.ashx?id=2755058&use=l&cat=p&typeid=i","cat":293233},{"id":20648,"n":"Maquereaux Pêche Océan Moutarde à l'ancienne - 169g","p":1.66,"u":"9,82 €/KG","img":"https://fd9-photos.leclercdrive.fr/image.ashx?id=2515676&use=l&cat=p&typeid=i","cat":303868},{"id":20653,"n":"Lait démaquillant Inell Peaux normales et mixtes 250ml","p":1.89,"u":"7,56 €/L","img":"https://fd9-photos.leclercdrive.fr/image.ashx?id=2691619&use=l&cat=p&typeid=i","cat":284603},{"id":20665,"n":"Saucisson sec Bio Village bio 200g","p":4.55,"u":"22,75 €/KG","img":"https://fd9-photos.leclercdrive.fr/image.ashx?id=2330511&use=l&cat=p&typeid=i","cat":316006},{"id":20683,"n":"Pommes duchesse Pom'lisse 750g","p":1.29,"u":"1,72 €/KG","img":"https://fd9-photos.leclercdrive.fr/image.ashx?id=2851577&use=l&cat=p&typeid=i","cat":319792},{"id":20684,"n":"Cordon bleu de poulet Eco+ 800g","p":3.9,"u":"4,88 €/KG","img":"https://fd9-photos.leclercdrive.fr/image.ashx?id=2779871&use=l&cat=p&typeid=i","cat":319780},{"id":20685,"n":"Purée 4 légumes Notre Jardin 750g","p":2.24,"u":"2,99 €/KG","img":"https://fd9-photos.leclercdrive.fr/image.ashx?id=2856160&use=l&cat=p&typeid=i","cat":319805},{"id":20686,"n":"Haricots plats Notre Jardin 1kg","p":1.79,"u":"1,79 €/KG","img":"https://fd9-photos.leclercdrive.fr/image.ashx?id=2431122&use=l&cat=p&typeid=i","cat":319805},{"id":20688,"n":"Tagliatelles carbonara Marie 330g","p":3.14,"u":"9,52 €/KG","img":"https://fd9-photos.leclercdrive.fr/image.ashx?id=2980920&use=l&cat=p&typeid=i","cat":333665},{"id":20692,"n":"Filet de saumon Fleury Michon purée de brocolis - 300g","p":3.81,"u":"12,70 €/KG","img":"https://fd9-photos.leclercdrive.fr/image.ashx?id=3003278&use=l&cat=p&typeid=i","cat":333665},{"id":20700,"n":"Macaroni sauce tomate Marie Boulettes de viande 280g","p":2.84,"u":"10,14 €/KG","img":"https://fd9-photos.leclercdrive.fr/image.ashx?id=2980968&use=l&cat=p&typeid=i","cat":333665},{"id":20715,"n":"Betterave rouge Bio  Bio Village - 500g","p":1.25,"u":"2,50 €/KG","img":"https://fd9-photos.leclercdrive.fr/image.ashx?id=2888434&use=l&cat=p&typeid=i","cat":284352},{"id":20717,"n":"Sirop Frucci Cassis - 1L","p":3.11,"u":"3,11 €/L","img":"https://fd9-photos.leclercdrive.fr/image.ashx?id=2954079&use=l&cat=p&typeid=i","cat":295020},{"id":20718,"n":"Sirop Frucci Orgeat - 1L","p":4.18,"u":"4,18 €/L","img":"https://fd9-photos.leclercdrive.fr/image.ashx?id=2954085&use=l&cat=p&typeid=i","cat":295020},{"id":20724,"n":"Cheeseburger Charal 6x140g - 840g","p":9.12,"u":"10,86 €/KG","img":"https://fd9-photos.leclercdrive.fr/image.ashx?id=2741952&use=l&cat=p&typeid=i","cat":319822},{"id":20753,"n":"Mouchoirs The Original Kleenex® Etuis mini x24","p":2.9,"u":"0,12 €/P","img":"https://fd9-photos.leclercdrive.fr/image.ashx?id=2840301&use=l&cat=p&typeid=i","cat":284638},{"id":20758,"n":"Riz cantonais Tables du Monde 900g","p":3.99,"u":"4,43 €/KG","img":"https://fd9-photos.leclercdrive.fr/image.ashx?id=2903953&use=l&cat=p&typeid=i","cat":284254},{"id":20759,"n":"Purée de céleris Notre Jardin Nature 750g","p":1.88,"u":"2,51 €/KG","img":"https://fd9-photos.leclercdrive.fr/image.ashx?id=2856169&use=l&cat=p&typeid=i","cat":319805},{"id":20760,"n":"Légumes vapeurs Notre Jardin 2x200g","p":2.47,"u":"6,18 €/KG","img":"https://fd9-photos.leclercdrive.fr/image.ashx?id=2900106&use=l&cat=p&typeid=i","cat":319805},{"id":20762,"n":"Légumes vapeurs Notre Jardin Méditerranéens 2x200g","p":1.8,"u":"4,50 €/KG","img":"https://fd9-photos.leclercdrive.fr/image.ashx?id=2916689&use=l&cat=p&typeid=i","cat":319805},{"id":20772,"n":"Salade pâtes Poulet Roti 250g - Côté Snack","p":2.25,"u":"9,00 €/KG","img":"https://fd9-photos.leclercdrive.fr/image.ashx?id=2900644&use=l&cat=p&typeid=i","cat":333657},{"id":20773,"n":"Anneaux d'encornets Pêche Océan 500g","p":6.55,"u":"13,10 €/KG","img":"https://fd9-photos.leclercdrive.fr/image.ashx?id=3012391&use=l&cat=p&typeid=i","cat":319787},{"id":20775,"n":"Carottes râpées Menu Fraîcheur  1kg","p":1.98,"u":"1,98 €/KG","img":"https://fd9-photos.leclercdrive.fr/image.ashx?id=2645918&use=l&cat=p&typeid=i","cat":333657},{"id":20776,"n":"Taboulé Menu Fraîcheur A l'orientale - 1kg","p":2.77,"u":"2,77 €/KG","img":"https://fd9-photos.leclercdrive.fr/image.ashx?id=2846559&use=l&cat=p&typeid=i","cat":333657},{"id":20777,"n":"Piémontaise Menu Fraîcheur  Au jambon - 1kg","p":4.27,"u":"4,27 €/KG","img":"https://fd9-photos.leclercdrive.fr/image.ashx?id=2965488&use=l&cat=p&typeid=i","cat":333657},{"id":20789,"n":"Déodorant Carré Homme Anti-transpirant 200ml","p":1.35,"u":"6,75 €/L","img":"https://fd9-photos.leclercdrive.fr/image.ashx?id=2610693&use=l&cat=p&typeid=i","cat":284618},{"id":20792,"n":"Cire Institut Siliss Professionnelle - 400g","p":5.6,"u":"14,00 €/KG","img":"https://fd9-photos.leclercdrive.fr/image.ashx?id=2699684&use=l&cat=p&typeid=i","cat":325351},{"id":20858,"n":"Saucisses de Toulouse Férial x4 - 500g","p":4.16,"u":"8,32 €/KG","img":"https://fd9-photos.leclercdrive.fr/image.ashx?id=2590538&use=l&cat=p&typeid=i","cat":284334},{"id":20862,"n":"Sauce Provençale Turini 190g","p":0.59,"u":"3,11 €/KG","img":"https://fd9-photos.leclercdrive.fr/image.ashx?id=2386152&use=l&cat=p&typeid=i","cat":287599},{"id":20863,"n":"Allumettes de bacon Herta Fumées 200g","p":2.2,"u":"11,00 €/KG","img":"https://fd9-photos.leclercdrive.fr/image.ashx?id=2876242&use=l&cat=p&typeid=i","cat":316011},{"id":20882,"n":"Colin pané Alaska Cité Marine MSC - 200g","p":2.35,"u":"11,75 €/KG","img":"https://fd9-photos.leclercdrive.fr/image.ashx?id=2844142&use=l&cat=p&typeid=i","cat":284344},{"id":20986,"n":"Sauce Napolitaine Turini 190g","p":0.85,"u":"4,47 €/KG","img":"https://fd9-photos.leclercdrive.fr/image.ashx?id=2552430&use=l&cat=p&typeid=i","cat":287599},{"id":21017,"n":"Poisson Pané Findus  Colin d'Alaska - x10 - 510g","p":4.2,"u":"8,24 €/KG","img":"https://fd9-photos.leclercdrive.fr/image.ashx?id=2735332&use=l&cat=p&typeid=i","cat":319788},{"id":21040,"n":"Whisky Monkey Shoulder 40%vol - 70cl","p":24.55,"u":"35,07 €/L","img":"https://fd9-photos.leclercdrive.fr/image.ashx?id=2917528&use=l&cat=p&typeid=i","cat":284547},{"id":21077,"n":"Bière blonde La Goudale 7.2%vol. - 6x25cl","p":4.1,"u":"2,73 €/L","img":"https://fd9-photos.leclercdrive.fr/image.ashx?id=2789865&use=l&cat=p&typeid=i","cat":334852},{"id":21081,"n":"Bière blonde Rince Cochon 50cl","p":1.86,"u":"3,72 €/L","img":"https://fd9-photos.leclercdrive.fr/image.ashx?id=2021232&use=l&cat=p&typeid=i","cat":334853},{"id":21115,"n":"Lambrusco Rosato Vilaveroni 75cl","p":4.19,"u":"5,59 €/L","img":"https://fd9-photos.leclercdrive.fr/image.ashx?id=2333030&use=l&cat=p&typeid=i","cat":289558},{"id":21222,"n":"Déodorant Bille Homme Nivea Men Dry Impact 72H - 50ml","p":1.87,"u":"37,40 €/L","img":"https://fd9-photos.leclercdrive.fr/image.ashx?id=2865995&use=l&cat=p&typeid=i","cat":284618},{"id":21232,"n":"Rasoir jetable Wilkinson Xtrème 3 Sensitive - x12","p":12.04,"u":"1,00 €/P","img":"https://fd9-photos.leclercdrive.fr/image.ashx?id=2466694&use=l&cat=p&typeid=i","cat":284616},{"id":21241,"n":"Spirales Insectivor Anti-moustiques - x10","p":1.73,"u":"0,17 €/P","img":"https://fd9-photos.leclercdrive.fr/image.ashx?id=2675682&use=l&cat=p&typeid=i","cat":298368},{"id":21244,"n":"Pièges anti-fourmis Insectivor x2","p":3.34,"u":"1,67 €/P","img":"https://fd9-photos.leclercdrive.fr/image.ashx?id=2302725&use=l&cat=p&typeid=i","cat":298368},{"id":21246,"n":"Pièges Insectivor Anti-mites alimentaires - x2","p":2.76,"u":"1,38 €/P","img":"https://fd9-photos.leclercdrive.fr/image.ashx?id=1962780&use=l&cat=p&typeid=i","cat":298368},{"id":21271,"n":"Crème de jour Diadermine Expert rides 3D - 50ml","p":8.3,"pp":5.48,"u":"109,60 €/L","img":"https://fd9-photos.leclercdrive.fr/image.ashx?id=2500488&use=l&cat=p&typeid=i","cat":325345},{"id":21326,"n":"Tapenade olives noires NRT 90g","p":1.84,"u":"20,44 €/KG","img":"https://fd9-photos.leclercdrive.fr/image.ashx?id=2873204&use=l&cat=p&typeid=i","cat":284451},{"id":21370,"n":"Emincés pour chat Tous mes amis Viande 4x390g","p":4.21,"u":"2,70 €/KG","img":"https://fd9-photos.leclercdrive.fr/image.ashx?id=776789&use=l&cat=p&typeid=i","cat":285601},{"id":21480,"n":"Moules farcies Ronde des Mers MSC - x24 - 250g","p":7.85,"u":"31,40 €/KG","img":"https://fd9-photos.leclercdrive.fr/image.ashx?id=2627637&use=l&cat=p&typeid=i","cat":319787},{"id":21492,"n":"AOC Côtes du Rhône rouge Cellier des Dauphins - 6x75cl","p":21.9,"u":"4,87 €/L","img":"https://fd9-photos.leclercdrive.fr/image.ashx?id=2179803&use=l&cat=p&typeid=i","cat":289556},{"id":21573,"n":"Bonbons LUTTI Arlequin Original 250g","p":1.42,"u":"5,68 €/KG","img":"https://fd9-photos.leclercdrive.fr/image.ashx?id=2817422&use=l&cat=p&typeid=i","cat":304252},{"id":21580,"n":"Steak haché Isla Délice 100% boeuf Halal x10 800g","p":11.07,"u":"13,84 €/KG","img":"https://fd9-photos.leclercdrive.fr/image.ashx?id=2349233&use=l&cat=p&typeid=i","cat":319778},{"id":21588,"n":"Semoule Floraline 500g","p":1.93,"u":"3,86 €/KG","img":"https://fd9-photos.leclercdrive.fr/image.ashx?id=2968187&use=l&cat=p&typeid=i","cat":284429},{"id":21592,"n":"Filets de cabillaud Findus MSC - x10 - 510g","p":7.51,"u":"14,73 €/KG","img":"https://fd9-photos.leclercdrive.fr/image.ashx?id=2735329&use=l&cat=p&typeid=i","cat":319788},{"id":21606,"n":"Cornichons Maille extra fins 380g","p":3.16,"u":"8,32 €/KG","img":"https://fd9-photos.leclercdrive.fr/image.ashx?id=2945826&use=l&cat=p&typeid=i","cat":284458},{"id":21609,"n":"Cornichons Extra-Fins MAILLE 220g","p":2.2,"u":"10,00 €/KG","img":"https://fd9-photos.leclercdrive.fr/image.ashx?id=2945823&use=l&cat=p&typeid=i","cat":284458},{"id":21610,"n":"Lotion fraîcheur Inell Tonique - 250ml","p":1.53,"u":"6,12 €/L","img":"https://fd9-photos.leclercdrive.fr/image.ashx?id=2694172&use=l&cat=p&typeid=i","cat":284603},{"id":21611,"n":"Lotion douceur Inell Tonique - 250ml","p":1.52,"u":"6,08 €/L","img":"https://fd9-photos.leclercdrive.fr/image.ashx?id=2707561&use=l&cat=p&typeid=i","cat":284603},{"id":21652,"n":"Biscuits P'tit Déli Galettes Suédoise chocolat 150g","p":2.38,"u":"15,87 €/KG","img":"https://fd9-photos.leclercdrive.fr/image.ashx?id=1951046&use=l&cat=p&typeid=i","cat":284490},{"id":21655,"n":"Boîtes chiens Lydog Mitonnées Agneau poulet veau - 3x410g","p":3.9,"u":"3,17 €/KG","img":"https://fd9-photos.leclercdrive.fr/image.ashx?id=2710488&use=l&cat=p&typeid=i","cat":288578},{"id":21656,"n":"Boîte chiens Lydog Bouchées Boeuf carottes - 1,25kg","p":2.65,"u":"2,12 €/KG","img":"https://fd9-photos.leclercdrive.fr/image.ashx?id=2710491&use=l&cat=p&typeid=i","cat":288578},{"id":21658,"n":"Boîte chiens Lydog Terrines Cabillaud saumon - 1.2kg","p":2.42,"u":"1,95 €/KG","img":"https://fd9-photos.leclercdrive.fr/image.ashx?id=2493667&use=l&cat=p&typeid=i","cat":288578},{"id":21662,"n":"Boîte chiens Lydog Bouchées Poulet légumes - 1,2kg","p":1.98,"u":"1,65 €/KG","img":"https://fd9-photos.leclercdrive.fr/image.ashx?id=2548100&use=l&cat=p&typeid=i","cat":288578},{"id":21663,"n":"Bouchées au poulet foie et  aux carottes Lydog - 1.23kg","p":2.39,"u":"1,94 €/KG","img":"https://fd9-photos.leclercdrive.fr/image.ashx?id=2691225&use=l&cat=p&typeid=i","cat":288578},{"id":21676,"n":"Bûche de chèvre Ste Maure Sélection Soignon - 200g","p":2.75,"u":"13,75 €/KG","img":"https://fd9-photos.leclercdrive.fr/image.ashx?id=2799925&use=l&cat=p&typeid=i","cat":314031},{"id":21685,"n":"Nuggets de poulet Côté Croc x20 - 400g","p":3.0,"u":"7,50 €/KG","img":"https://fd9-photos.leclercdrive.fr/image.ashx?id=2837045&use=l&cat=p&typeid=i","cat":333684},{"id":21686,"n":"Saucisson sec Saint Azay Spécialité 200g","p":2.99,"u":"14,95 €/KG","img":"https://fd9-photos.leclercdrive.fr/image.ashx?id=2472053&use=l&cat=p&typeid=i","cat":316006},{"id":21687,"n":"Fromage Cheddar Burger Les Croisés 10 Tranches - 200g","p":1.25,"u":"6,25 €/KG","img":"https://fd9-photos.leclercdrive.fr/image.ashx?id=2946835&use=l&cat=p&typeid=i","cat":314028},{"id":21688,"n":"Fromage Emmental Croque Les Croisés 10 Tranches - 200g","p":1.19,"u":"5,95 €/KG","img":"https://fd9-photos.leclercdrive.fr/image.ashx?id=2893316&use=l&cat=p&typeid=i","cat":314028},{"id":21697,"n":"Fromage Raclette Savoie NRT  IGP - 400g","p":6.05,"u":"15,13 €/KG","img":"https://fd9-photos.leclercdrive.fr/image.ashx?id=1937939&use=l&cat=p&typeid=i","cat":314037},{"id":21699,"n":"Crème fraîche Eco  Epaisse - 30% MG - 50cl","p":1.89,"u":"3,78 €/L","img":"https://fd9-photos.leclercdrive.fr/image.ashx?id=738045&use=l&cat=p&typeid=i","cat":284381},{"id":21701,"n":"Glace Eco+ Vanille - 500g","p":1.25,"u":"2,50 €/KG","img":"https://fd9-photos.leclercdrive.fr/image.ashx?id=2711580&use=l&cat=p&typeid=i","cat":284263},{"id":21711,"n":"Brandade de morue Pêcheries Basques parmentière - 900g","p":6.72,"u":"7,47 €/KG","img":"https://fd9-photos.leclercdrive.fr/image.ashx?id=2608259&use=l&cat=p&typeid=i","cat":285094},{"id":21772,"n":"Calissons d'Aix le Roy René 500g","p":15.18,"u":"30,36 €/KG","img":"https://fd9-photos.leclercdrive.fr/image.ashx?id=2395372&use=l&cat=p&typeid=i","cat":327606},{"id":21877,"n":"Purée surgelée Pom'lisse Pommes de terre 750g","p":2.04,"u":"2,72 €/KG","img":"https://fd9-photos.leclercdrive.fr/image.ashx?id=2759777&use=l&cat=p&typeid=i","cat":319793},{"id":22033,"n":"Gin Brighton's London Dry 37.5%vol - 70cl","p":9.99,"u":"14,27 €/L","img":"https://fd9-photos.leclercdrive.fr/image.ashx?id=2907183&use=l&cat=p&typeid=i","cat":284550},{"id":22037,"n":"Bière blonde Abbaye Alveringem 6.2%vol. - 75cl","p":2.49,"u":"3,32 €/L","img":"https://fd9-photos.leclercdrive.fr/image.ashx?id=2637901&use=l&cat=p&typeid=i","cat":334852},{"id":22040,"n":"Mini bûches glacées Eskiss Assortiment chocolat x6 - 310g","p":2.29,"u":"7,39 €/KG","img":"https://fd9-photos.leclercdrive.fr/image.ashx?id=2221944&use=l&cat=p&typeid=i","cat":284266},{"id":22087,"n":"Sucettes Chupa Chups Mini Assortiment x30 180g","p":1.9,"u":"10,56 €/KG","img":"https://fd9-photos.leclercdrive.fr/image.ashx?id=2647606&use=l&cat=p&typeid=i","cat":304250},{"id":22114,"n":"Thon Pêche Océan Mayonnaise - 2x135g","p":1.78,"u":"6,59 €/KG","img":"https://fd9-photos.leclercdrive.fr/image.ashx?id=2943650&use=l&cat=p&typeid=i","cat":303867},{"id":22115,"n":"Cidre brut Les Goelleries Bretagne 4.5%vol. - 1,5L","p":1.95,"u":"1,30 €/L","img":"https://fd9-photos.leclercdrive.fr/image.ashx?id=2842277&use=l&cat=p&typeid=i","cat":334880},{"id":22116,"n":"Pain de mie complet Epi d'Or Grandes tranches - 550g","p":1.22,"u":"2,22 €/KG","img":"https://fd9-photos.leclercdrive.fr/image.ashx?id=2861292&use=l&cat=p&typeid=i","cat":284477},{"id":22117,"n":"Pain de mie complet Epi d'Or Grandes tranches - 825g","p":1.78,"u":"2,16 €/KG","img":"https://fd9-photos.leclercdrive.fr/image.ashx?id=2860736&use=l&cat=p&typeid=i","cat":284477},{"id":22141,"n":"Riz Basmati Comptoir du grain Sélection Riz long - 5x90g","p":1.81,"u":"4,02 €/KG","img":"https://fd9-photos.leclercdrive.fr/image.ashx?id=2076685&use=l&cat=p&typeid=i","cat":284428},{"id":22142,"n":"Terrines chats Tous mes amis Spécial chaton - 4x400g","p":4.86,"u":"3,04 €/KG","img":"https://fd9-photos.leclercdrive.fr/image.ashx?id=2865194&use=l&cat=p&typeid=i","cat":285601},{"id":22143,"n":"Emincés Tous Mes Amis En sauce - 4x400g","p":4.39,"u":"2,74 €/KG","img":"https://fd9-photos.leclercdrive.fr/image.ashx?id=776773&use=l&cat=p&typeid=i","cat":285601},{"id":22207,"n":"Blanc de Poulet Tradilège -25% de sel - 4 Tranches - 160g","p":1.92,"u":"12,00 €/KG","img":"https://fd9-photos.leclercdrive.fr/image.ashx?id=2974969&use=l&cat=p&typeid=i","cat":316010},{"id":22212,"n":"Vin de l'Union Européenne rouge Vieux Papes - BIB 5L","p":10.53,"u":"2,11 €/L","img":"https://fd9-photos.leclercdrive.fr/image.ashx?id=2136139&use=l&cat=p&typeid=i","cat":289556},{"id":22229,"n":"Terrines chats Tous mes ami Foie volaille - 800g","p":2.01,"u":"2,51 €/KG","img":"https://fd9-photos.leclercdrive.fr/image.ashx?id=2520032&use=l&cat=p&typeid=i","cat":285601},{"id":22366,"n":"Terreau horticole Beaux Jours 40L","p":5.69,"u":"0,14 €/L","img":"https://fd9-photos.leclercdrive.fr/image.ashx?id=2162312&use=l&cat=p&typeid=i","cat":335919},{"id":22373,"n":"Carré pour la vaisselle Mamison x5","p":1.35,"img":"https://fd9-photos.leclercdrive.fr/image.ashx?id=2622010&use=l&cat=p&typeid=i","cat":284667},{"id":22374,"n":"Chiffons secs Clair Dépouissiérants x20","p":1.97,"img":"https://fd9-photos.leclercdrive.fr/image.ashx?id=2819926&use=l&cat=p&typeid=i","cat":325364},{"id":22377,"n":"AOC Rosé de Loire vin rosé Les Caractères - BIB 3L","p":11.89,"u":"3,96 €/L","img":"https://fd9-photos.leclercdrive.fr/image.ashx?id=2905898&use=l&cat=p&typeid=i","cat":289560},{"id":22388,"n":"IGP Ile de Beauté vin rosé Terres Ocrées 11.5%vol - BIB 3L","p":12.99,"u":"4,33 €/L","img":"https://fd9-photos.leclercdrive.fr/image.ashx?id=2863036&use=l&cat=p&typeid=i","cat":289560},{"id":22390,"n":"AOC Côtes du Rhône vin rouge Grégoire XI - BIB 10L","p":29.99,"u":"3,00 €/L","img":"https://fd9-photos.leclercdrive.fr/image.ashx?id=2920181&use=l&cat=p&typeid=i","cat":289560},{"id":22477,"n":"Pignons de pin Couleurs Vives 125g","p":5.99,"u":"47,92 €/KG","img":"https://fd9-photos.leclercdrive.fr/image.ashx?id=2617201&use=l&cat=p&typeid=i","cat":284357},{"id":22487,"n":"IGP Pays d'Oc rosé Roche Mazet Grenache Cinsault - BIB 3L","p":10.23,"u":"3,41 €/L","img":"https://fd9-photos.leclercdrive.fr/image.ashx?id=2597118&use=l&cat=p&typeid=i","cat":289560},{"id":22488,"n":"IGP Pays d'Oc rouge Roche Mazet Cabernet Sauvignon 12.5% BIB 3L","p":10.27,"u":"3,42 €/L","img":"https://fd9-photos.leclercdrive.fr/image.ashx?id=2597121&use=l&cat=p&typeid=i","cat":289560},{"id":22506,"n":"Yaourts aromatisés Délisse 4 saveurs - 8x125g","p":2.79,"u":"2,79 €/KG","img":"https://fd9-photos.leclercdrive.fr/image.ashx?id=2758713&use=l&cat=p&typeid=i","cat":286006},{"id":22530,"n":"AOC Médoc vin rouge Chantet Blanet - BIB 3L","p":14.99,"u":"5,00 €/L","img":"https://fd9-photos.leclercdrive.fr/image.ashx?id=2717352&use=l&cat=p&typeid=i","cat":289560},{"id":22556,"n":"AOC Bergerac vin rouge Terrasses d'Autan - BIB 3L","p":9.49,"u":"3,16 €/L","img":"https://fd9-photos.leclercdrive.fr/image.ashx?id=2713646&use=l&cat=p&typeid=i","cat":289560},{"id":22584,"n":"AOC Bergerac vin rosé Terrasses d'Autan - BIB 3L","p":9.89,"u":"3,30 €/L","img":"https://fd9-photos.leclercdrive.fr/image.ashx?id=2878591&use=l&cat=p&typeid=i","cat":289560},{"id":22587,"n":"IGP Côtés de Gascogne vin blanc Terrasses d'Autan 11.5% BIB 3L","p":8.49,"u":"2,83 €/L","img":"https://fd9-photos.leclercdrive.fr/image.ashx?id=2872700&use=l&cat=p&typeid=i","cat":289560},{"id":22588,"n":"IGP Pays d'Oc Chardonnay Blanc Vieux Carion 12% vol BIB 3L","p":8.99,"u":"3,00 €/L","img":"https://fd9-photos.leclercdrive.fr/image.ashx?id=2591397&use=l&cat=p&typeid=i","cat":289560},{"id":22589,"n":"Fromage Petit Munster AOP  Nos Régions ont du Talent 200g","p":3.55,"u":"17,75 €/KG","img":"https://fd9-photos.leclercdrive.fr/image.ashx?id=2546098&use=l&cat=p&typeid=i","cat":329558},{"id":22621,"n":"AOC Côtes du Rhône vin rosé Grégoire XI - 75 cl","p":2.99,"u":"3,99 €/L","img":"https://fd9-photos.leclercdrive.fr/image.ashx?id=2588929&use=l&cat=p&typeid=i","cat":289558},{"id":22653,"n":"Crème entière fluide UHT Bio Bio Village 30% MG - 25cl","p":1.85,"u":"7,40 €/L","img":"https://fd9-photos.leclercdrive.fr/image.ashx?id=2801795&use=l&cat=p&typeid=i","cat":284381},{"id":22654,"n":"Fromage St Nectaire NRT AOP  600g","p":8.67,"u":"14,45 €/KG","img":"https://fd9-photos.leclercdrive.fr/image.ashx?id=2550854&use=l&cat=p&typeid=i","cat":329184},{"id":22658,"n":"Fromage râpé fondue NRT Savoyarde - 400g","p":6.94,"u":"17,35 €/KG","img":"https://fd9-photos.leclercdrive.fr/image.ashx?id=2771076&use=l&cat=p&typeid=i","cat":314037},{"id":22660,"n":"Cancoillotte à l'ail NRT IGP 250g","p":1.97,"u":"7,88 €/KG","img":"https://fd9-photos.leclercdrive.fr/image.ashx?id=2663848&use=l&cat=p&typeid=i","cat":314037},{"id":22663,"n":"Taboulé Bonduelle A la menthe - 500g","p":2.15,"u":"4,30 €/KG","img":"https://fd9-photos.leclercdrive.fr/image.ashx?id=2902657&use=l&cat=p&typeid=i","cat":333657},{"id":22689,"n":"Confiture extra bio Bio Village Fraises - 370g","p":1.79,"u":"4,84 €/KG","img":"https://fd9-photos.leclercdrive.fr/image.ashx?id=2965626&use=l&cat=p&typeid=i","cat":284480},{"id":22690,"n":"Confiture extra bio Bio Village Abricots - 370g","p":1.79,"u":"4,84 €/KG","img":"https://fd9-photos.leclercdrive.fr/image.ashx?id=2965629&use=l&cat=p&typeid=i","cat":284480},{"id":22703,"n":"Chocolat au lait Bio Ethiquable  Riz soufflé - 100g","p":2.71,"u":"27,10 €/KG","img":"https://fd9-photos.leclercdrive.fr/image.ashx?id=2870869&use=l&cat=p&typeid=i","cat":284497},{"id":22786,"n":"Desserts lactés Délisse Chocolat caramel - 6x60g","p":1.36,"u":"3,78 €/KG","img":"https://fd9-photos.leclercdrive.fr/image.ashx?id=2968622&use=l&cat=p&typeid=i","cat":285041},{"id":22787,"n":"Saumon Ronde des Mers Petites tranches - 100g","p":3.69,"u":"36,90 €/KG","img":"https://fd9-photos.leclercdrive.fr/image.ashx?id=2449999&use=l&cat=p&typeid=i","cat":285188},{"id":22803,"n":"Brioche tranchée Epi d'Or Nature - 700g","p":2.22,"u":"3,17 €/KG","img":"https://fd9-photos.leclercdrive.fr/image.ashx?id=2860733&use=l&cat=p&typeid=i","cat":284478},{"id":22804,"n":"Boisson végétale Bio Village Soja nature bio - 1l","p":0.88,"u":"0,88 €/L","img":"https://fd9-photos.leclercdrive.fr/image.ashx?id=2372350&use=l&cat=p&typeid=i","cat":316067},{"id":22805,"n":"Boisson végétale Bio Village Soja vanille bio - 1l","p":1.42,"u":"1,42 €/L","img":"https://fd9-photos.leclercdrive.fr/image.ashx?id=2357707&use=l&cat=p&typeid=i","cat":316067},{"id":22891,"n":"Eponges magiques Mamison x3","p":1.35,"u":"0,45 €/P","img":"https://fd9-photos.leclercdrive.fr/image.ashx?id=2978522&use=l&cat=p&typeid=i","cat":284667},{"id":22893,"n":"Cidre doux Les Goelleries 2%vol. - 1,5L","p":2.09,"u":"1,39 €/L","img":"https://fd9-photos.leclercdrive.fr/image.ashx?id=2843791&use=l&cat=p&typeid=i","cat":334880},{"id":22894,"n":"Nettoyant spray Clair Ultra dégraissant - 750ml","p":1.18,"u":"1,57 €/L","img":"https://fd9-photos.leclercdrive.fr/image.ashx?id=2840386&use=l&cat=p&typeid=i","cat":325357},{"id":22895,"n":"Nettoyant spray Clair javel Salle de bains 750ml","p":1.46,"u":"1,95 €/L","img":"https://fd9-photos.leclercdrive.fr/image.ashx?id=2840473&use=l&cat=p&typeid=i","cat":325357},{"id":22898,"n":"Nettoyant Silex vitres d'insert Barbecue ultra décapante 750ml","p":3.99,"u":"5,32 €/L","img":"https://fd9-photos.leclercdrive.fr/image.ashx?id=2657087&use=l&cat=p&typeid=i","cat":325363},{"id":22900,"n":"Eau de Cologne Belles Saisons Lavande 250ml","p":1.69,"u":"6,76 €/L","img":"https://fd9-photos.leclercdrive.fr/image.ashx?id=2851655&use=l&cat=p&typeid=i","cat":291525},{"id":22902,"n":"Savon de Marseille Epsil Textiles délicats 400g","p":1.72,"u":"4,30 €/KG","img":"https://fd9-photos.leclercdrive.fr/image.ashx?id=2034938&use=l&cat=p&typeid=i","cat":284651},{"id":22906,"n":"Gel à raser Carré Homme Sensitive - 75ml","p":1.16,"u":"15,47 €/L","img":"https://fd9-photos.leclercdrive.fr/image.ashx?id=2762952&use=l&cat=p&typeid=i","cat":284617},{"id":22907,"n":"Bière blonde Abbaye Alveringem Canette - 6.2%vol. - 50cl","p":1.39,"u":"2,78 €/L","img":"https://fd9-photos.leclercdrive.fr/image.ashx?id=2637898&use=l&cat=p&typeid=i","cat":334852},{"id":22911,"n":"Gants de ménage Mamison Taille S 1 paire","p":1.01,"img":"https://fd9-photos.leclercdrive.fr/image.ashx?id=2635676&use=l&cat=p&typeid=i","cat":284668},{"id":22912,"n":"Gants Mamison spécial vaisselle Taille S 1 paire","p":1.01,"u":"0,51 €/P","img":"https://fd9-photos.leclercdrive.fr/image.ashx?id=2946169&use=l&cat=p&typeid=i","cat":284668},{"id":22913,"n":"Gel désinfectant mains Primoplast - 75ml","p":0.96,"u":"12,80 €/L","img":"https://fd9-photos.leclercdrive.fr/image.ashx?id=2856489&use=l&cat=p&typeid=i","cat":284630},{"id":22960,"n":"Gants de ménage Mamison Taille M 1 paire","p":1.01,"img":"https://fd9-photos.leclercdrive.fr/image.ashx?id=2635679&use=l&cat=p&typeid=i","cat":284668},{"id":22961,"n":"Gants Mamison spécial vaisselle Taille M 1 paire","p":1.01,"u":"0,51 €/P","img":"https://fd9-photos.leclercdrive.fr/image.ashx?id=2595098&use=l&cat=p&typeid=i","cat":284668},{"id":22962,"n":"Gants Mamison spécial vaisselle Taille L 1 paire","p":1.01,"u":"50,50 €/L","img":"https://fd9-photos.leclercdrive.fr/image.ashx?id=2946172&use=l&cat=p&typeid=i","cat":284668},{"id":22963,"n":"Gants Mamison ultra résistant Taille M 1 paire","p":1.64,"img":"https://fd9-photos.leclercdrive.fr/image.ashx?id=676218&use=l&cat=p&typeid=i","cat":284668},{"id":22964,"n":"Gants Mamison ultra résistant Taille L 1 paire","p":1.64,"img":"https://fd9-photos.leclercdrive.fr/image.ashx?id=606116&use=l&cat=p&typeid=i","cat":284668},{"id":22965,"n":"Gants Mamison ultra résistant Taille S 1 paire","p":1.64,"img":"https://fd9-photos.leclercdrive.fr/image.ashx?id=676222&use=l&cat=p&typeid=i","cat":284668},{"id":22967,"n":"Tampon à récurer Mamison Surfaces fragiles xs","p":1.32,"u":"0,66 €/P","img":"https://fd9-photos.leclercdrive.fr/image.ashx?id=2669699&use=l&cat=p&typeid=i","cat":284667},{"id":22968,"n":"Eponges grattantes Mamison Surfaces délicates x2","p":1.49,"u":"0,75 €/P","img":"https://fd9-photos.leclercdrive.fr/image.ashx?id=2202392&use=l&cat=p&typeid=i","cat":284667},{"id":22969,"n":"Lavette Mamison multi-usages Microfibre plusieurs coloris x2","p":0.84,"u":"0,42 €/P","img":"https://fd9-photos.leclercdrive.fr/image.ashx?id=2595095&use=l&cat=p&typeid=i","cat":284667},{"id":22975,"n":"Crème visage hydrante  Inell Peau normale - 50ml","p":1.96,"u":"39,20 €/L","img":"https://fd9-photos.leclercdrive.fr/image.ashx?id=2691634&use=l&cat=p&typeid=i","cat":325345},{"id":22976,"n":"Crème visage nourrissante Inell Peau sèche - 50ml","p":1.96,"u":"39,20 €/L","img":"https://fd9-photos.leclercdrive.fr/image.ashx?id=2771124&use=l&cat=p&typeid=i","cat":325345},{"id":22979,"n":"Gel nettoyant Inell visage Purifiant px norm. mixtes 150ml","p":2.58,"u":"17,20 €/L","img":"https://fd9-photos.leclercdrive.fr/image.ashx?id=1961443&use=l&cat=p&typeid=i","cat":284603},{"id":22980,"n":"Eau de Cologne Belles Saisons Ambrée 250ml","p":1.69,"u":"6,76 €/L","img":"https://fd9-photos.leclercdrive.fr/image.ashx?id=2875693&use=l&cat=p&typeid=i","cat":291525},{"id":22981,"n":"Eau de Cologne Belles Saisons Fraîcheur 250ml","p":1.69,"u":"6,76 €/L","img":"https://fd9-photos.leclercdrive.fr/image.ashx?id=2949179&use=l&cat=p&typeid=i","cat":291525},{"id":22996,"n":"Nettoyant détachant Clair Tapis moquettes 600ml","p":2.16,"u":"3,60 €/L","img":"https://fd9-photos.leclercdrive.fr/image.ashx?id=2242721&use=l&cat=p&typeid=i","cat":284907},{"id":23040,"n":"Café moulu Méo L'original Bio - 500g","p":8.73,"u":"17,46 €/KG","img":"https://fd9-photos.leclercdrive.fr/image.ashx?id=2571287&use=l&cat=p&typeid=i","cat":284750},{"id":23131,"n":"Jambon sec Saint Azay 4 grandes tranches - 110g","p":3.25,"u":"29,55 €/KG","img":"https://fd9-photos.leclercdrive.fr/image.ashx?id=2921372&use=l&cat=p&typeid=i","cat":316007},{"id":23132,"n":"Pâte feuilletée Tablier Blanc Epaisse - 280g","p":1.55,"u":"5,54 €/KG","img":"https://fd9-photos.leclercdrive.fr/image.ashx?id=2635910&use=l&cat=p&typeid=i","cat":333681},{"id":23154,"n":"AOP Crémant Wolfberger Demi-sec d'Alsace - 75cl","p":7.15,"u":"9,53 €/L","img":"https://fd9-photos.leclercdrive.fr/image.ashx?id=2764197&use=l&cat=p&typeid=i","cat":284545},{"id":23157,"n":"AOP Champagne Brut Nicolas Feuillatte - 75cl","p":26.36,"u":"35,15 €/L","img":"https://fd9-photos.leclercdrive.fr/image.ashx?id=2962791&use=l&cat=p&typeid=i","cat":284542},{"id":23158,"n":"AOC Crémant de Bourgogne  Veuve Ambal Brut - 75cl","p":7.99,"pp":5.99,"u":"7,99 €/L","img":"https://fd9-photos.leclercdrive.fr/image.ashx?id=1737205&use=l&cat=p&typeid=i","cat":284545},{"id":23168,"n":"Beurre léger Les Croisés Doux - 40% MG - 250g","p":1.75,"u":"7,00 €/KG","img":"https://fd9-photos.leclercdrive.fr/image.ashx?id=2839909&use=l&cat=p&typeid=i","cat":284379},{"id":23169,"n":"Papier toilette Mimosa Blanc - Ultra Moelleux - x6","p":3.29,"u":"0,55 €/P","img":"https://fd9-photos.leclercdrive.fr/image.ashx?id=2780674&use=l&cat=p&typeid=i","cat":284634},{"id":23176,"n":"Pur jus de tomate Bio Village Bio - 1L","p":2.77,"u":"2,77 €/L","img":"https://fd9-photos.leclercdrive.fr/image.ashx?id=2954115&use=l&cat=p&typeid=i","cat":284523},{"id":23177,"n":"Pur jus Bio Village Bio Carotte - 1L","p":2.87,"u":"2,87 €/L","img":"https://fd9-photos.leclercdrive.fr/image.ashx?id=2901533&use=l&cat=p&typeid=i","cat":284523},{"id":23180,"n":"Rasoirs jetables Carré Homme 3 lames - x4","p":2.65,"img":"https://fd9-photos.leclercdrive.fr/image.ashx?id=2704666&use=l&cat=p&typeid=i","cat":284616},{"id":23181,"n":"Lames de rasoir Carré Homme 5 lames - x4","p":4.94,"img":"https://fd9-photos.leclercdrive.fr/image.ashx?id=2704660&use=l&cat=p&typeid=i","cat":284616},{"id":23182,"n":"Rasoirs jetables Siliss 3 lames - x4","p":1.99,"u":"0,50 €/P","img":"https://fd9-photos.leclercdrive.fr/image.ashx?id=2699438&use=l&cat=p&typeid=i","cat":325352},{"id":23188,"n":"Tomato Ketchup Heinz - 250g","p":1.12,"u":"4,48 €/KG","img":"https://fd9-photos.leclercdrive.fr/image.ashx?id=2943801&use=l&cat=p&typeid=i","cat":284455},{"id":23190,"n":"Mayonnaise AMORA Recette Fouettée - 398g","p":2.52,"u":"6,33 €/KG","img":"https://fd9-photos.leclercdrive.fr/image.ashx?id=2598684&use=l&cat=p&typeid=i","cat":298295},{"id":23212,"n":"Compote Douceur du Verger Coupelle pomme framboise-4x100g","p":1.63,"u":"4,08 €/KG","img":"https://fd9-photos.leclercdrive.fr/image.ashx?id=2663494&use=l&cat=p&typeid=i","cat":284508},{"id":23215,"n":"Biscuits Cookies P'tit Déli Chocolat raisin cranberrie 200g","p":1.44,"u":"7,20 €/KG","img":"https://fd9-photos.leclercdrive.fr/image.ashx?id=2529593&use=l&cat=p&typeid=i","cat":325066},{"id":23219,"n":"Sauce Pesto Turini Basilic - 185g","p":1.3,"u":"7,03 €/KG","img":"https://fd9-photos.leclercdrive.fr/image.ashx?id=2546248&use=l&cat=p&typeid=i","cat":287599},{"id":23220,"n":"Chips Pom'Lisse Légumes - 100g","p":1.99,"u":"19,90 €/KG","img":"https://fd9-photos.leclercdrive.fr/image.ashx?id=2919610&use=l&cat=p&typeid=i","cat":284447},{"id":23226,"n":"Madeleines bio Bio Village Coquilles - 250g","p":1.88,"u":"7,52 €/KG","img":"https://fd9-photos.leclercdrive.fr/image.ashx?id=2711619&use=l&cat=p&typeid=i","cat":284492},{"id":23227,"n":"Chips Bio Village Bio - Nature - 125g","p":1.99,"u":"15,92 €/KG","img":"https://fd9-photos.leclercdrive.fr/image.ashx?id=2743834&use=l&cat=p&typeid=i","cat":284447},{"id":23244,"n":"Désodorisant frigo Bien Air Sans parfum 40g","p":1.83,"u":"45,75 €/KG","img":"https://fd9-photos.leclercdrive.fr/image.ashx?id=2287737&use=l&cat=p&typeid=i","cat":311628},{"id":23248,"n":"Tampons Doulys Compact Mini - x20","p":2.86,"u":"0,14 €/P","img":"https://fd9-photos.leclercdrive.fr/image.ashx?id=2965494&use=l&cat=p&typeid=i","cat":284626},{"id":23249,"n":"Savon de Marseille Epsil Textiles délicats 4x200g","p":1.86,"u":"2,33 €/KG","img":"https://fd9-photos.leclercdrive.fr/image.ashx?id=2379591&use=l&cat=p&typeid=i","cat":284651},{"id":23251,"n":"Bâtonnets allume-feu Silex Sans odeur x24","p":2.05,"u":"0,09 €/P","img":"https://fd9-photos.leclercdrive.fr/image.ashx?id=2999721&use=l&cat=p&typeid=i","cat":300578},{"id":23252,"n":"Cubes allume-feu Silex Sans odeur 100% naturel x40","p":1.57,"u":"0,04 €/P","img":"https://fd9-photos.leclercdrive.fr/image.ashx?id=2669735&use=l&cat=p&typeid=i","cat":300578},{"id":23253,"n":"Nettoyant spray Clair Surpuissant - 750ml","p":1.86,"u":"2,48 €/L","img":"https://fd9-photos.leclercdrive.fr/image.ashx?id=2520831&use=l&cat=p&typeid=i","cat":325357},{"id":23254,"n":"Baume après-rasage Carré Homme Apaisant px sensibles 100ml","p":2.69,"u":"26,90 €/L","img":"https://fd9-photos.leclercdrive.fr/image.ashx?id=2854234&use=l&cat=p&typeid=i","cat":288147},{"id":23255,"n":"Déodorant Carré Homme Vétiver longue durée 200ml","p":1.35,"u":"6,75 €/L","img":"https://fd9-photos.leclercdrive.fr/image.ashx?id=2375992&use=l&cat=p&typeid=i","cat":284618},{"id":23256,"n":"Ramequins aluminium Elembal x12","p":2.05,"u":"0,17 €/P","img":"https://fd9-photos.leclercdrive.fr/image.ashx?id=1733354&use=l&cat=p&typeid=i","cat":334134},{"id":23304,"n":"Feuilletés paniers Côté Table Saumon - 4x100g","p":4.45,"u":"11,13 €/KG","img":"https://fd9-photos.leclercdrive.fr/image.ashx?id=2549400&use=l&cat=p&typeid=i","cat":319776},{"id":23336,"n":"Soufflés Grignot' Tokapi Bacon - 90g","p":0.89,"u":"9,89 €/KG","img":"https://fd9-photos.leclercdrive.fr/image.ashx?id=1034682&use=l&cat=p&typeid=i","cat":284449},{"id":23363,"n":"Lait bébé poudre Nidal Nestlé 1er âge - 0-6 mois - 800g","p":12.68,"u":"15,85 €/KG","img":"https://fd9-photos.leclercdrive.fr/image.ashx?id=2811638&use=l&cat=p&typeid=i","cat":284726},{"id":23371,"n":"Mozzarella Maxi Les Croisés - 250g","p":1.86,"u":"7,44 €/KG","img":"https://fd9-photos.leclercdrive.fr/image.ashx?id=2992534&use=l&cat=p&typeid=i","cat":314026},{"id":23372,"n":"Ricotta Les Croisés - 250g","p":1.29,"u":"5,16 €/KG","img":"https://fd9-photos.leclercdrive.fr/image.ashx?id=2133294&use=l&cat=p&typeid=i","cat":314026},{"id":23387,"n":"Gâteaux St Michel Savaroises Chocolat 8 sachets 220g","p":1.95,"u":"8,86 €/KG","img":"https://fd9-photos.leclercdrive.fr/image.ashx?id=2935693&use=l&cat=p&typeid=i","cat":284495},{"id":23411,"n":"Petits pains grillés Epi d'Or Froment - 400g","p":1.39,"u":"3,48 €/KG","img":"https://fd9-photos.leclercdrive.fr/image.ashx?id=2496413&use=l&cat=p&typeid=i","cat":284479},{"id":23412,"n":"Vermicelles Tables du Monde Haricot mungo - 100g","p":1.23,"u":"12,30 €/KG","img":"https://fd9-photos.leclercdrive.fr/image.ashx?id=2679723&use=l&cat=p&typeid=i","cat":288992},{"id":23416,"n":"Barquettes chats Tous mes amis Terrines 4 variétés - 4x85g","p":1.74,"u":"6,82 €/KG","img":"https://fd9-photos.leclercdrive.fr/image.ashx?id=2520026&use=l&cat=p&typeid=i","cat":285286},{"id":23419,"n":"Chocolat noir Equador Fourré mousse 160g","p":2.49,"u":"15,56 €/KG","img":"https://fd9-photos.leclercdrive.fr/image.ashx?id=2834299&use=l&cat=p&typeid=i","cat":284956},{"id":23429,"n":"Croquettes chat Tous mes amis Chatons - 2kg","p":4.07,"u":"2,04 €/KG","img":"https://fd9-photos.leclercdrive.fr/image.ashx?id=2047037&use=l&cat=p&typeid=i","cat":284680},{"id":23430,"n":"Croquettes chat Tous mes amis Lapin/volailles - 2kg","p":3.99,"u":"2,00 €/KG","img":"https://fd9-photos.leclercdrive.fr/image.ashx?id=2301605&use=l&cat=p&typeid=i","cat":284680},{"id":23432,"n":"Croquettes Lydog Petits chiens - Vollaile - 2kg","p":4.12,"u":"2,06 €/KG","img":"https://fd9-photos.leclercdrive.fr/image.ashx?id=2191126&use=l&cat=p&typeid=i","cat":294526},{"id":23433,"n":"Croquettes chiens Lydog Allégées - Volaille - 4kg","p":6.99,"u":"1,75 €/KG","img":"https://fd9-photos.leclercdrive.fr/image.ashx?id=1923562&use=l&cat=p&typeid=i","cat":284672},{"id":23434,"n":"Cacahuètes Tokapi Sans sel ajouté - 200g","p":0.76,"u":"3,80 €/KG","img":"https://fd9-photos.leclercdrive.fr/image.ashx?id=2858833&use=l&cat=p&typeid=i","cat":284448},{"id":23437,"n":"Maïs Notre Jardin Croquant - 285g","p":0.85,"u":"2,98 €/KG","img":"https://fd9-photos.leclercdrive.fr/image.ashx?id=2988048&use=l&cat=p&typeid=i","cat":312611},{"id":23438,"n":"Soufflés RingsTokapi Oignon - 60g","p":0.77,"u":"12,83 €/KG","img":"https://fd9-photos.leclercdrive.fr/image.ashx?id=2898838&use=l&cat=p&typeid=i","cat":284449},{"id":23439,"n":"Crème dessert Délisse Choco Billes bicompartiment 4x117g","p":1.99,"u":"4,25 €/KG","img":"https://fd9-photos.leclercdrive.fr/image.ashx?id=2965482&use=l&cat=p&typeid=i","cat":285041},{"id":23444,"n":"Quenelles Côté Table volaille Au naturel 255g","p":1.37,"u":"5,37 €/KG","img":"https://fd9-photos.leclercdrive.fr/image.ashx?id=2977870&use=l&cat=p&typeid=i","cat":284441},{"id":23449,"n":"Dessert fruitier pomme mangue Douceur du Verger s/sucre4x100g","p":1.27,"u":"3,18 €/KG","img":"https://fd9-photos.leclercdrive.fr/image.ashx?id=1957081&use=l&cat=p&typeid=i","cat":284416},{"id":23450,"n":"Yaourts aux fruits Délisse Fruits rouges - 8x125g","p":2.29,"u":"2,29 €/KG","img":"https://fd9-photos.leclercdrive.fr/image.ashx?id=2616736&use=l&cat=p&typeid=i","cat":284410},{"id":23452,"n":"Terrines chats Tous mes amis Viandes variées - 4x400g","p":3.74,"u":"2,34 €/KG","img":"https://fd9-photos.leclercdrive.fr/image.ashx?id=606862&use=l&cat=p&typeid=i","cat":285601},{"id":23492,"n":"Bonbons sans sucres Confiséo Goût caramel - 120g","p":2.61,"u":"21,75 €/KG","img":"https://fd9-photos.leclercdrive.fr/image.ashx?id=2934670&use=l&cat=p&typeid=i","cat":304252},{"id":23493,"n":"Bonbons sans sucres Confiséo Goût café - 120g","p":2.6,"u":"21,67 €/KG","img":"https://fd9-photos.leclercdrive.fr/image.ashx?id=2934673&use=l&cat=p&typeid=i","cat":304252},{"id":23497,"n":"Bonbons Confiséo Acacia menthe eucalyptus 300g","p":2.06,"u":"6,87 €/KG","img":"https://fd9-photos.leclercdrive.fr/image.ashx?id=2934676&use=l&cat=p&typeid=i","cat":304252},{"id":23499,"n":"Huile Bio Village mélange 4 huiles biologiques - 75 cl","p":3.99,"u":"5,32 €/L","img":"https://fd9-photos.leclercdrive.fr/image.ashx?id=2882349&use=l&cat=p&typeid=i","cat":284453},{"id":23500,"n":"Bouillon de légumes Bio Village Bio - 8x10g","p":1.69,"u":"21,13 €/KG","img":"https://fd9-photos.leclercdrive.fr/image.ashx?id=1943409&use=l&cat=p&typeid=i","cat":288379},{"id":23520,"n":"Bloc de fromage Leerdammer L'Original - 500g","p":5.41,"u":"10,82 €/KG","img":"https://fd9-photos.leclercdrive.fr/image.ashx?id=2699035&use=l&cat=p&typeid=i","cat":314034},{"id":23522,"n":"Bûche de chèvre Les Croisés Format famililal 25%mg 300g","p":2.95,"u":"9,83 €/KG","img":"https://fd9-photos.leclercdrive.fr/image.ashx?id=2071089&use=l&cat=p&typeid=i","cat":314031},{"id":23543,"n":"Bière blonde Leffe 6,6% - 12x33cl","p":12.97,"u":"3,28 €/L","img":"https://fd9-photos.leclercdrive.fr/image.ashx?id=2811578&use=l&cat=p&typeid=i","cat":334852},{"id":23545,"n":"Rösti McCain 800g","p":2.21,"u":"2,76 €/KG","img":"https://fd9-photos.leclercdrive.fr/image.ashx?id=2988728&use=l&cat=p&typeid=i","cat":319792},{"id":23546,"n":"Poêlée savoyarde Marie Aux lardons fumés - 900g","p":4.61,"u":"5,12 €/KG","img":"https://fd9-photos.leclercdrive.fr/image.ashx?id=2996782&use=l&cat=p&typeid=i","cat":319823},{"id":23552,"n":"Lait bébé poudre Nidal Nestlé 2e âge -6-12 mois - 800g","p":10.64,"u":"13,30 €/KG","img":"https://fd9-photos.leclercdrive.fr/image.ashx?id=2805597&use=l&cat=p&typeid=i","cat":284727},{"id":23554,"n":"Vin de l'Union Européenne rosé La Villageoise 12%vol. 1,5L","p":3.5,"u":"2,33 €/L","img":"https://fd9-photos.leclercdrive.fr/image.ashx?id=2104768&use=l&cat=p&typeid=i","cat":289558},{"id":23583,"n":"Crème Fraîche Elle&Vire Epaisse Entière - 30% MG - 33cl","p":1.84,"u":"5,58 €/L","img":"https://fd9-photos.leclercdrive.fr/image.ashx?id=3003333&use=l&cat=p&typeid=i","cat":284381},{"id":23594,"n":"Fromage raclette Les Croisés Saveur vin blanc - 26%mg - 250g","p":2.99,"u":"11,96 €/KG","img":"https://fd9-photos.leclercdrive.fr/image.ashx?id=2791791&use=l&cat=p&typeid=i","cat":314037},{"id":23598,"n":"Fromage raclette Les Croisés Sans croûte - 28%mg - 400g","p":3.95,"u":"9,88 €/KG","img":"https://fd9-photos.leclercdrive.fr/image.ashx?id=2969752&use=l&cat=p&typeid=i","cat":314037},{"id":23618,"n":"Couscous Weight Watchers Oriental 300g","p":3.25,"u":"10,83 €/KG","img":"https://fd9-photos.leclercdrive.fr/image.ashx?id=2610915&use=l&cat=p&typeid=i","cat":333665},{"id":23628,"n":"Fond de volaille Rustica 110g","p":2.21,"u":"20,09 €/KG","img":"https://fd9-photos.leclercdrive.fr/image.ashx?id=2140914&use=l&cat=p&typeid=i","cat":288379},{"id":23630,"n":"Mouliné de carottes Régal Soupe Poireaux pommes de terre 1L","p":2.16,"u":"2,16 €/L","img":"https://fd9-photos.leclercdrive.fr/image.ashx?id=2607506&use=l&cat=p&typeid=i","cat":284462},{"id":23631,"n":"Chocolat noir Equador Mini carrés 72% cacao 200g","p":4.35,"u":"21,75 €/KG","img":"https://fd9-photos.leclercdrive.fr/image.ashx?id=2856483&use=l&cat=p&typeid=i","cat":284956},{"id":23633,"n":"Crème dessert Délisse Vanille sur lit caramel 4x125g","p":1.47,"u":"2,94 €/KG","img":"https://fd9-photos.leclercdrive.fr/image.ashx?id=2441276&use=l&cat=p&typeid=i","cat":285041},{"id":23636,"n":"Bouillon de volaille Rustica Dégraissé - Tablettes 12x10g","p":0.79,"u":"6,58 €/KG","img":"https://fd9-photos.leclercdrive.fr/image.ashx?id=1880033&use=l&cat=p&typeid=i","cat":288379},{"id":23642,"n":"Huile spéciale fondue Rustica Aux aromates - 1L","p":3.45,"u":"3,45 €/L","img":"https://fd9-photos.leclercdrive.fr/image.ashx?id=2546245&use=l&cat=p&typeid=i","cat":284453},{"id":23712,"n":"Saumon fumé Eco+ Atlantique - 200g","p":4.67,"u":"23,35 €/KG","img":"https://fd9-photos.leclercdrive.fr/image.ashx?id=2815725&use=l&cat=p&typeid=i","cat":285188},{"id":23715,"n":"Samoussa Tables du Monde Au boeuf - x4 - 220g","p":3.29,"u":"14,95 €/KG","img":"https://fd9-photos.leclercdrive.fr/image.ashx?id=2807190&use=l&cat=p&typeid=i","cat":333673},{"id":23717,"n":"Nem au poulet Traditions d'Asie Sauce nuoc mam - x4 - 280g","p":2.77,"u":"9,89 €/KG","img":"https://fd9-photos.leclercdrive.fr/image.ashx?id=2985222&use=l&cat=p&typeid=i","cat":333673},{"id":23725,"n":"Liquide vaisselle Eco+ Pomme - 1L","p":0.74,"u":"0,74 €/L","img":"https://fd9-photos.leclercdrive.fr/image.ashx?id=2949161&use=l&cat=p&typeid=i","cat":284655},{"id":23726,"n":"Aluminium Eco+ 30m","p":1.89,"u":"0,06 €/MT","img":"https://fd9-photos.leclercdrive.fr/image.ashx?id=2880216&use=l&cat=p&typeid=i","cat":334134},{"id":23727,"n":"Sacs poubelle 100L Eco+ x10","p":0.76,"u":"0,08 €/P","img":"https://fd9-photos.leclercdrive.fr/image.ashx?id=1904753&use=l&cat=p&typeid=i","cat":285168},{"id":23753,"n":"Alcool modifié Primoplast 70° 250ml","p":2.2,"u":"8,80 €/L","img":"https://fd9-photos.leclercdrive.fr/image.ashx?id=2856498&use=l&cat=p&typeid=i","cat":284630},{"id":23754,"n":"Eau oxygénée Primoplast 250ml","p":1.86,"u":"7,44 €/L","img":"https://fd9-photos.leclercdrive.fr/image.ashx?id=2832936&use=l&cat=p&typeid=i","cat":284630},{"id":23759,"n":"Vin de l'Union Européenne La Villageoise  11% Vol. - 1.5L","p":3.64,"u":"2,43 €/L","img":"https://fd9-photos.leclercdrive.fr/image.ashx?id=2153492&use=l&cat=p&typeid=i","cat":289556},{"id":23779,"n":"Camembert 21% MG Bio Bio Village - 250g","p":2.57,"u":"10,28 €/KG","img":"https://fd9-photos.leclercdrive.fr/image.ashx?id=2201492&use=l&cat=p&typeid=i","cat":314033},{"id":23788,"n":"Pizza Bio Bio Village 3 fromages - 380g","p":3.24,"u":"8,53 €/KG","img":"https://fd9-photos.leclercdrive.fr/image.ashx?id=2946202&use=l&cat=p&typeid=i","cat":284256},{"id":23791,"n":"Tartines craquantes Epi d'Or Au blé complet - 250g","p":1.29,"u":"5,16 €/KG","img":"https://fd9-photos.leclercdrive.fr/image.ashx?id=2843788&use=l&cat=p&typeid=i","cat":284479},{"id":23794,"n":"Pain grillé Epi d'Or Blé complet x24 - 500g","p":1.72,"u":"3,44 €/KG","img":"https://fd9-photos.leclercdrive.fr/image.ashx?id=2680545&use=l&cat=p&typeid=i","cat":284479},{"id":23798,"n":"Riz Risotto Comptoir du Grain 500g","p":1.42,"u":"2,84 €/KG","img":"https://fd9-photos.leclercdrive.fr/image.ashx?id=2363283&use=l&cat=p&typeid=i","cat":284428},{"id":23799,"n":"Riz rond Comptoir du Grain Dessert - 1kg","p":1.94,"u":"1,94 €/KG","img":"https://fd9-photos.leclercdrive.fr/image.ashx?id=776471&use=l&cat=p&typeid=i","cat":284428},{"id":23827,"n":"Cordon Bleu poulet Père Dodu  Les Bons plans x10 - 1kg","p":7.88,"u":"7,88 €/KG","img":"https://fd9-photos.leclercdrive.fr/image.ashx?id=2971095&use=l&cat=p&typeid=i","cat":333683},{"id":23936,"n":"Fromage blanc jockey Stracciatella - 4x120g","p":2.04,"u":"4,25 €/KG","img":"https://fd9-photos.leclercdrive.fr/image.ashx?id=2280011&use=l&cat=p&typeid=i","cat":314999},{"id":23937,"n":"Boisson aux fruits Oasis Pomme framboise cassis 4x2L","p":10.46,"u":"1,31 €/L","img":"https://fd9-photos.leclercdrive.fr/image.ashx?id=2118734&use=l&cat=p&typeid=i","cat":295018},{"id":23963,"n":"Beurre Tendre Les Croisés Demi-sel Allegé - 40% MG - 250g","p":2.25,"u":"9,00 €/KG","img":"https://fd9-photos.leclercdrive.fr/image.ashx?id=2839912&use=l&cat=p&typeid=i","cat":284379},{"id":23967,"n":"Lait demi-écrémé Grandlait Candia Bouteille - 6x50cl","p":5.04,"u":"1,68 €/L","img":"https://fd9-photos.leclercdrive.fr/image.ashx?id=2916195&use=l&cat=p&typeid=i","cat":284377},{"id":23968,"n":"Roquefort AOP Les Croisés Tranché 150g","p":2.29,"u":"15,27 €/KG","img":"https://fd9-photos.leclercdrive.fr/image.ashx?id=2676537&use=l&cat=p&typeid=i","cat":314032},{"id":23971,"n":"Petits feuilletés Blini x40 - 248g","p":3.5,"u":"14,11 €/KG","img":"https://fd9-photos.leclercdrive.fr/image.ashx?id=2570502&use=l&cat=p&typeid=i","cat":319774},{"id":23972,"n":"Fusili Côté Snack Pâtes Bolognaise - 300g","p":1.89,"u":"6,30 €/KG","img":"https://fd9-photos.leclercdrive.fr/image.ashx?id=2650898&use=l&cat=p&typeid=i","cat":334983},{"id":23973,"n":"Fusili Côté Snack Pâtes Carbonara - 300g","p":1.89,"u":"6,30 €/KG","img":"https://fd9-photos.leclercdrive.fr/image.ashx?id=2517682&use=l&cat=p&typeid=i","cat":334983},{"id":24035,"n":"Echalotes semoule Rustica 36g","p":1.29,"u":"35,83 €/KG","img":"https://fd9-photos.leclercdrive.fr/image.ashx?id=2772951&use=l&cat=p&typeid=i","cat":298297},{"id":24043,"n":"Thé vert Britley Menthe x25 sachets - 40g","p":0.79,"u":"19,75 €/KG","img":"https://fd9-photos.leclercdrive.fr/image.ashx?id=2672930&use=l&cat=p&typeid=i","cat":293233},{"id":24047,"n":"Yaourts aromatisés Délisse Vanille - 4x125g","p":1.29,"u":"2,58 €/KG","img":"https://fd9-photos.leclercdrive.fr/image.ashx?id=2758710&use=l&cat=p&typeid=i","cat":286006},{"id":24049,"n":"Pâtée chats Tous mes amis Thon en sauce - 80g","p":0.99,"u":"12,38 €/KG","img":"https://fd9-photos.leclercdrive.fr/image.ashx?id=2450306&use=l&cat=p&typeid=i","cat":285601},{"id":24050,"n":"Pâtée chats Tous mes amis Poulet en sauce - 80g","p":0.99,"u":"12,38 €/KG","img":"https://fd9-photos.leclercdrive.fr/image.ashx?id=2450309&use=l&cat=p&typeid=i","cat":285601},{"id":24051,"n":"Pâtée pour chats Tous mes amis Thon aux crevettes - 80g","p":0.99,"u":"12,38 €/KG","img":"https://fd9-photos.leclercdrive.fr/image.ashx?id=1971897&use=l&cat=p&typeid=i","cat":285601},{"id":24056,"n":"Moutarde de Dijon Rustica Flacon souple - 265g","p":1.31,"u":"4,94 €/KG","img":"https://fd9-photos.leclercdrive.fr/image.ashx?id=2052016&use=l&cat=p&typeid=i","cat":288850},{"id":24081,"n":"Mayonnaise Fins Gourmets MAILLE Bocal - 320g","p":2.44,"u":"7,63 €/KG","img":"https://fd9-photos.leclercdrive.fr/image.ashx?id=2812750&use=l&cat=p&typeid=i","cat":298295},{"id":24083,"n":"Nuggets de Poulet  Père Dodu  x50 - 1kg - Les Bons plans","p":7.82,"u":"7,82 €/KG","img":"https://fd9-photos.leclercdrive.fr/image.ashx?id=2957086&use=l&cat=p&typeid=i","cat":333684},{"id":24085,"n":"Pizza la Moelleuse Turini Royale - 600g","p":3.36,"u":"5,60 €/KG","img":"https://fd9-photos.leclercdrive.fr/image.ashx?id=2815641&use=l&cat=p&typeid=i","cat":284256},{"id":24088,"n":"Pizza la Moelleuse Turini 6 Fromages - 600g","p":3.63,"u":"6,05 €/KG","img":"https://fd9-photos.leclercdrive.fr/image.ashx?id=2815638&use=l&cat=p&typeid=i","cat":284256},{"id":24094,"n":"Jus de pommes pressées Andros 1,5L","p":3.78,"u":"2,52 €/L","img":"https://fd9-photos.leclercdrive.fr/image.ashx?id=2902981&use=l&cat=p&typeid=i","cat":285435},{"id":24095,"n":"Jus de clémentines préssées Andros - 1,5L","p":4.2,"u":"2,80 €/L","img":"https://fd9-photos.leclercdrive.fr/image.ashx?id=2902984&use=l&cat=p&typeid=i","cat":285435},{"id":24162,"n":"Vinaigre balsamique Bio Village Bio 50cl","p":3.49,"u":"6,98 €/L","img":"https://fd9-photos.leclercdrive.fr/image.ashx?id=2865206&use=l&cat=p&typeid=i","cat":298543},{"id":24163,"n":"Infusion Tiséa Tilleul Citron 25 sachets 34g","p":1.69,"u":"48,29 €/KG","img":"https://fd9-photos.leclercdrive.fr/image.ashx?id=2854240&use=l&cat=p&typeid=i","cat":293234},{"id":24164,"n":"Thé vert Briley 32.5g","p":0.79,"u":"24,69 €/KG","img":"https://fd9-photos.leclercdrive.fr/image.ashx?id=2645939&use=l&cat=p&typeid=i","cat":293233},{"id":24293,"n":"Céréales Extra Kellogg's Chocolat Noir Noisettes - 500g","p":3.18,"u":"6,36 €/KG","img":"https://fd9-photos.leclercdrive.fr/image.ashx?id=2692284&use=l&cat=p&typeid=i","cat":309512},{"id":24294,"n":"Filets de maquereaux Saupiquet Escabèche - 3x169g","p":5.99,"u":"11,81 €/KG","img":"https://fd9-photos.leclercdrive.fr/image.ashx?id=2826978&use=l&cat=p&typeid=i","cat":303868},{"id":24326,"n":"Pizza Turini Chorizo - 200g","p":1.65,"u":"8,25 €/KG","img":"https://fd9-photos.leclercdrive.fr/image.ashx?id=2989658&use=l&cat=p&typeid=i","cat":333679},{"id":24350,"n":"Lingettes rince doigt Clair x24","p":1.96,"u":"0,08 €/P","img":"https://fd9-photos.leclercdrive.fr/image.ashx?id=2949418&use=l&cat=p&typeid=i","cat":325358},{"id":24363,"n":"Boisson lactée Délisse Chocolat - 6x20cl","p":2.17,"u":"1,81 €/L","img":"https://fd9-photos.leclercdrive.fr/image.ashx?id=3015245&use=l&cat=p&typeid=i","cat":295246},{"id":24390,"n":"Pétales de blé Eco+ Chocolat - 750g","p":2.03,"u":"2,71 €/KG","img":"https://fd9-photos.leclercdrive.fr/image.ashx?id=2927836&use=l&cat=p&typeid=i","cat":309513},{"id":24403,"n":"Vodka Novotna Pure grain 37.5%vol - 1L","p":14.99,"u":"14,99 €/L","img":"https://fd9-photos.leclercdrive.fr/image.ashx?id=784848&use=l&cat=p&typeid=i","cat":284550},{"id":24410,"n":"Bonbons Copains Copines Tendres fruits - 360 g","p":2.05,"u":"5,69 €/KG","img":"https://fd9-photos.leclercdrive.fr/image.ashx?id=2934694&use=l&cat=p&typeid=i","cat":304250},{"id":24418,"n":"Sauces gourmandes Rustica Pour viande 4 saveurs - 4x90g","p":2.41,"u":"6,69 €/KG","img":"https://fd9-photos.leclercdrive.fr/image.ashx?id=2275513&use=l&cat=p&typeid=i","cat":318430},{"id":24419,"n":"Caramels durs Confiséo A la crème fraîche - 175g","p":1.62,"u":"9,26 €/KG","img":"https://fd9-photos.leclercdrive.fr/image.ashx?id=2934691&use=l&cat=p&typeid=i","cat":304252},{"id":24420,"n":"Galettes Bretonnes NRT 100g","p":1.68,"u":"16,80 €/KG","img":"https://fd9-photos.leclercdrive.fr/image.ashx?id=2909419&use=l&cat=p&typeid=i","cat":284487},{"id":24435,"n":"Recharge Touch & Fresh Glade Muguet 10ml","p":2.82,"u":"282,00 €/L","img":"https://fd9-photos.leclercdrive.fr/image.ashx?id=1584602&use=l&cat=p&typeid=i","cat":311629},{"id":24474,"n":"Petites crevettes roses Pêche Océan - 125g","p":2.49,"u":"19,92 €/KG","img":"https://fd9-photos.leclercdrive.fr/image.ashx?id=2953635&use=l&cat=p&typeid=i","cat":284343},{"id":24492,"n":"Blanc de poulet Tradilège Doré à la broche - 120g","p":1.39,"u":"11,58 €/KG","img":"https://fd9-photos.leclercdrive.fr/image.ashx?id=2974864&use=l&cat=p&typeid=i","cat":316010},{"id":24495,"n":"Capsules Nescafé Dolce Gusto  Nesquik - x16","p":4.47,"u":"17,46 €/KG","img":"https://fd9-photos.leclercdrive.fr/image.ashx?id=2946634&use=l&cat=p&typeid=i","cat":293239},{"id":24652,"n":"Déodorant Stick Rexona Anti- Transpirant CleanScent 96H 45ml","p":3.45,"u":"76,67 €/L","img":"https://fd9-photos.leclercdrive.fr/image.ashx?id=2895101&use=l&cat=p&typeid=i","cat":284595},{"id":24674,"n":"Dentifrice Dentamyl 2en1 blancheur 75ml","p":1.3,"u":"17,33 €/L","img":"https://fd9-photos.leclercdrive.fr/image.ashx?id=2613834&use=l&cat=p&typeid=i","cat":284612},{"id":24694,"n":"Brosses à dent souple Dentamyl x4","p":0.99,"u":"0,25 €/P","img":"https://fd9-photos.leclercdrive.fr/image.ashx?id=2790946&use=l&cat=p&typeid=i","cat":284614},{"id":24755,"n":"Préservatifs  Plug'In Fins et Lubrifiés - x12","p":2.25,"u":"0,19 €/P","img":"https://fd9-photos.leclercdrive.fr/image.ashx?id=2856187&use=l&cat=p&typeid=i","cat":284631},{"id":24759,"n":"Mini nems Tables du Monde porc x5/poulet x5 +sauce - 220g","p":2.99,"u":"13,59 €/KG","img":"https://fd9-photos.leclercdrive.fr/image.ashx?id=2613276&use=l&cat=p&typeid=i","cat":333673},{"id":24847,"n":"Gâche tranchée ovale NRT Beurre - 450g","p":2.48,"u":"5,51 €/KG","img":"https://fd9-photos.leclercdrive.fr/image.ashx?id=2670443&use=l&cat=p&typeid=i","cat":284478},{"id":24879,"n":"Boisson apéritif Voltano Base de vin Rosato 14.4%vol 1L","p":4.99,"u":"4,99 €/L","img":"https://fd9-photos.leclercdrive.fr/image.ashx?id=3007040&use=l&cat=p&typeid=i","cat":284913},{"id":24886,"n":"Bâtonnets Trium Vanille Spéculoos x4 - 280g","p":3.19,"u":"11,39 €/KG","img":"https://fd9-photos.leclercdrive.fr/image.ashx?id=2920770&use=l&cat=p&typeid=i","cat":284265},{"id":24896,"n":"Pain de campagne tranché   300g","p":1.7,"u":"5,67 €/KG","img":"https://fd9-photos.leclercdrive.fr/image.ashx?id=2062960&use=l&cat=p&typeid=i","cat":284359},{"id":24908,"n":"Sacs poubelle 20L Alfapac Ultra résistant Coulissac - x20","p":2.4,"img":"https://fd9-photos.leclercdrive.fr/image.ashx?id=2732356&use=l&cat=p&typeid=i","cat":285168},{"id":24961,"n":"Soin de jour L'Oréal Paris Age Perfect anti-âge - 50ml","p":11.97,"pp":7.9,"u":"158,00 €/L","img":"https://fd9-photos.leclercdrive.fr/image.ashx?id=2868047&use=l&cat=p&typeid=i","cat":325345},{"id":24970,"n":"Crottin de chèvre Rians 23%mg - 2x60g","p":2.58,"u":"21,50 €/KG","img":"https://fd9-photos.leclercdrive.fr/image.ashx?id=2762094&use=l&cat=p&typeid=i","cat":314031},{"id":24971,"n":"Fromage Le Chèvre Soignon Boîte - 180g","p":2.92,"u":"16,22 €/KG","img":"https://fd9-photos.leclercdrive.fr/image.ashx?id=2676723&use=l&cat=p&typeid=i","cat":314031},{"id":24972,"n":"Chèvre à dorer Les Croisés x4 - 100g","p":1.77,"u":"17,70 €/KG","img":"https://fd9-photos.leclercdrive.fr/image.ashx?id=2978528&use=l&cat=p&typeid=i","cat":314027},{"id":24977,"n":"Pain hot dog Jacquet x4 -  240g","p":1.67,"u":"6,96 €/KG","img":"https://fd9-photos.leclercdrive.fr/image.ashx?id=2799293&use=l&cat=p&typeid=i","cat":284985},{"id":25006,"n":"Sauce béchamel Maggi Saveur à l'ancienne sachet -60g","p":0.63,"u":"10,50 €/KG","img":"https://fd9-photos.leclercdrive.fr/image.ashx?id=2697297&use=l&cat=p&typeid=i","cat":288381},{"id":25010,"n":"Barres Chocolatées KINDER Maxi Chocolat au Lait x10 - 210g","p":3.03,"u":"14,43 €/KG","img":"https://fd9-photos.leclercdrive.fr/image.ashx?id=2679609&use=l&cat=p&typeid=i","cat":284498},{"id":25027,"n":"Pots soir bébé bio Babybio Légumes riz - 6 mois - 2x200g","p":2.5,"u":"6,25 €/KG","img":"https://fd9-photos.leclercdrive.fr/image.ashx?id=2833474&use=l&cat=p&typeid=i","cat":312239},{"id":25029,"n":"Assiette bébé bio Babybio Légumes agneau - 12 mois - 230g","p":2.3,"u":"10,00 €/KG","img":"https://fd9-photos.leclercdrive.fr/image.ashx?id=2855909&use=l&cat=p&typeid=i","cat":312237},{"id":25035,"n":"Salade Menu Fraîcheur Concombre au fromage blanc 300g","p":1.64,"u":"5,47 €/KG","img":"https://fd9-photos.leclercdrive.fr/image.ashx?id=2901443&use=l&cat=p&typeid=i","cat":333657},{"id":25044,"n":"Nettoyant spray Clair Salle de bain - Mousse - 600ml","p":1.99,"u":"3,32 €/L","img":"https://fd9-photos.leclercdrive.fr/image.ashx?id=2856678&use=l&cat=p&typeid=i","cat":325357},{"id":25051,"n":"Boulettes de boeuf Férial x30 - 900g","p":7.39,"u":"8,21 €/KG","img":"https://fd9-photos.leclercdrive.fr/image.ashx?id=2966520&use=l&cat=p&typeid=i","cat":319779},{"id":25061,"n":"Cornichons Rustica Vinaigre - 360g","p":1.65,"u":"4,58 €/KG","img":"https://fd9-photos.leclercdrive.fr/image.ashx?id=2799763&use=l&cat=p&typeid=i","cat":284458},{"id":25064,"n":"Film étirable Alfapac Extensible auto-adhérent 50m","p":2.07,"img":"https://fd9-photos.leclercdrive.fr/image.ashx?id=2918271&use=l&cat=p&typeid=i","cat":334134},{"id":25069,"n":"Fromage à Tartiner St Môret  Nature Léger - 9 portions 180g","p":2.5,"u":"13,89 €/KG","img":"https://fd9-photos.leclercdrive.fr/image.ashx?id=2755453&use=l&cat=p&typeid=i","cat":314029},{"id":25080,"n":"Parmigiano Reggiano AOP Les Croisés - 200G","p":4.99,"u":"24,95 €/KG","img":"https://fd9-photos.leclercdrive.fr/image.ashx?id=2909389&use=l&cat=p&typeid=i","cat":314034},{"id":25085,"n":"Lait bio Bio Village Bouteille  Demi-écrémé UHT -  6x50cl","p":5.22,"u":"1,74 €/L","img":"https://fd9-photos.leclercdrive.fr/image.ashx?id=3015281&use=l&cat=p&typeid=i","cat":284377},{"id":25093,"n":"Yaourts brassés Délisse Fruits jaunes - 8x125 g","p":2.28,"u":"2,28 €/KG","img":"https://fd9-photos.leclercdrive.fr/image.ashx?id=2495536&use=l&cat=p&typeid=i","cat":284410},{"id":25095,"n":"Yaourts brassés Délisse Fruits rouges - 8X125g","p":2.27,"u":"2,27 €/KG","img":"https://fd9-photos.leclercdrive.fr/image.ashx?id=2494217&use=l&cat=p&typeid=i","cat":284410},{"id":25124,"n":"Pur jus Multifruits Bio Village Bio - 6x20cl","p":3.11,"u":"2,59 €/L","img":"https://fd9-photos.leclercdrive.fr/image.ashx?id=2843626&use=l&cat=p&typeid=i","cat":284524},{"id":25125,"n":"Pur jus d'orange Bio Village Bio - 6x20cl","p":2.99,"u":"2,49 €/L","img":"https://fd9-photos.leclercdrive.fr/image.ashx?id=2671016&use=l&cat=p&typeid=i","cat":284521},{"id":25164,"n":"Crème dessert Délisse Chocolat noir 4x125g","p":1.05,"u":"2,10 €/KG","img":"https://fd9-photos.leclercdrive.fr/image.ashx?id=2694283&use=l&cat=p&typeid=i","cat":285041},{"id":25172,"n":"Sacs poubelle 30L Alfapac Ultra résistant Coulissac - x20","p":3.2,"u":"0,16 €/P","img":"https://fd9-photos.leclercdrive.fr/image.ashx?id=2732359&use=l&cat=p&typeid=i","cat":285168},{"id":25193,"n":"Dessert Déli'light Délisse Vanille - 8x125g","p":2.33,"u":"2,33 €/KG","img":"https://fd9-photos.leclercdrive.fr/image.ashx?id=2882319&use=l&cat=p&typeid=i","cat":315000},{"id":25203,"n":"Queues de crevettes Pêche Océan Décortiquées cuites 300g","p":6.58,"u":"21,93 €/KG","img":"https://fd9-photos.leclercdrive.fr/image.ashx?id=1976859&use=l&cat=p&typeid=i","cat":319787},{"id":25204,"n":"Petits pois d'aucy  Tendres et fondants - 560g","p":2.15,"u":"3,84 €/KG","img":"https://fd9-photos.leclercdrive.fr/image.ashx?id=2438126&use=l&cat=p&typeid=i","cat":312607},{"id":25205,"n":"Pois carottes D'aucy  Tendres et fondants -530g","p":1.72,"u":"3,25 €/KG","img":"https://fd9-photos.leclercdrive.fr/image.ashx?id=2426367&use=l&cat=p&typeid=i","cat":312607},{"id":25207,"n":"Cornichons Rustica Extra fins - 185g","p":1.28,"u":"6,92 €/KG","img":"https://fd9-photos.leclercdrive.fr/image.ashx?id=2799760&use=l&cat=p&typeid=i","cat":284458},{"id":25220,"n":"Cotons Démaquillants Demak'Up Sensitive - Disques x64","p":1.28,"u":"0,02 €/P","img":"https://fd9-photos.leclercdrive.fr/image.ashx?id=2966983&use=l&cat=p&typeid=i","cat":285593},{"id":25337,"n":"Café moulu L'Or Absolu 100% Arabica - 2x250g","p":9.45,"u":"18,90 €/KG","img":"https://fd9-photos.leclercdrive.fr/image.ashx?id=2294935&use=l&cat=p&typeid=i","cat":284750},{"id":25342,"n":"Céréales Trésor Kellogg's Chocolat au lait - 1kg","p":6.32,"u":"6,32 €/KG","img":"https://fd9-photos.leclercdrive.fr/image.ashx?id=2598319&use=l&cat=p&typeid=i","cat":309513},{"id":25343,"n":"Céréales Trésor de Kellogg's Chocolat Noisettes - 1kg","p":6.32,"u":"6,32 €/KG","img":"https://fd9-photos.leclercdrive.fr/image.ashx?id=2598316&use=l&cat=p&typeid=i","cat":309513},{"id":25359,"n":"Tablette chocolat blanc Lindt Vanille - 100g","p":2.29,"u":"22,90 €/KG","img":"https://fd9-photos.leclercdrive.fr/image.ashx?id=2755318&use=l&cat=p&typeid=i","cat":284957},{"id":25366,"n":"Tablette de chocolat noir Lindt 90% cacao - 100g","p":2.22,"u":"22,20 €/KG","img":"https://fd9-photos.leclercdrive.fr/image.ashx?id=2689502&use=l&cat=p&typeid=i","cat":284956},{"id":25370,"n":"Tablette chocolat Côte d'Or Chocolat lait/Noisettes - 200g","p":4.15,"u":"20,75 €/KG","img":"https://fd9-photos.leclercdrive.fr/image.ashx?id=2961218&use=l&cat=p&typeid=i","cat":284497},{"id":25393,"n":"Pâte à pizza Bio Bio village - 260g","p":1.82,"u":"7,00 €/KG","img":"https://fd9-photos.leclercdrive.fr/image.ashx?id=2879955&use=l&cat=p&typeid=i","cat":333681},{"id":25408,"n":"Dragolo Haribo Sachet bonbons - 300g","p":1.51,"u":"5,03 €/KG","img":"https://fd9-photos.leclercdrive.fr/image.ashx?id=2803574&use=l&cat=p&typeid=i","cat":304250},{"id":25425,"n":"Biscuits apéritif Lay's 3D's Goût Cacahuetes - 85g","p":0.79,"u":"9,29 €/KG","img":"https://fd9-photos.leclercdrive.fr/image.ashx?id=2916824&use=l&cat=p&typeid=i","cat":284449},{"id":25426,"n":"Infusion détente Bio Village Bio - x20 - 30g","p":1.79,"u":"59,67 €/KG","img":"https://fd9-photos.leclercdrive.fr/image.ashx?id=2897895&use=l&cat=p&typeid=i","cat":293234},{"id":25445,"n":"Lait poudre Croissance Modilac  De 12 mois à 36 mois - 800g","p":13.34,"u":"16,68 €/KG","img":"https://fd9-photos.leclercdrive.fr/image.ashx?id=2873390&use=l&cat=p&typeid=i","cat":290219},{"id":25446,"n":"Lait croissance Nidal Nestlé Dès 12 mois - 800g","p":9.02,"u":"11,28 €/KG","img":"https://fd9-photos.leclercdrive.fr/image.ashx?id=2806405&use=l&cat=p&typeid=i","cat":290219},{"id":25465,"n":"Recharge distributeur Canderel Comprimés x600 - 51g","p":5.01,"u":"98,24 €/KG","img":"https://fd9-photos.leclercdrive.fr/image.ashx?id=2811008&use=l&cat=p&typeid=i","cat":324846},{"id":25485,"n":"Miel de fleurs Lune de Miel Spécialités 500g","p":4.32,"u":"8,64 €/KG","img":"https://fd9-photos.leclercdrive.fr/image.ashx?id=2972409&use=l&cat=p&typeid=i","cat":287643},{"id":25493,"n":"Bouillon Cube Maggi Pot au feu - 180g","p":1.54,"u":"8,56 €/KG","img":"https://fd9-photos.leclercdrive.fr/image.ashx?id=2212315&use=l&cat=p&typeid=i","cat":288379},{"id":25499,"n":"Brosse à dents pro Dentamyl Blancheur x1","p":1.32,"img":"https://fd9-photos.leclercdrive.fr/image.ashx?id=2790916&use=l&cat=p&typeid=i","cat":284614},{"id":25500,"n":"Recharge Dentamyl x2 Pour brosse à dents à pile","p":4.35,"u":"2,18 €/P","img":"https://fd9-photos.leclercdrive.fr/image.ashx?id=1872582&use=l&cat=p&typeid=i","cat":297133},{"id":25530,"n":"Sucre Béghin Say pure canne petits morceaux - 1kg","p":2.92,"u":"2,92 €/KG","img":"https://fd9-photos.leclercdrive.fr/image.ashx?id=2949919&use=l&cat=p&typeid=i","cat":284502},{"id":25540,"n":"Soda à l'orange Orangina 4x50cl","p":4.56,"u":"2,28 €/L","img":"https://fd9-photos.leclercdrive.fr/image.ashx?id=2574952&use=l&cat=p&typeid=i","cat":284532},{"id":25541,"n":"Soda à l'orange Orangina 6x25cl","p":4.16,"u":"2,77 €/L","img":"https://fd9-photos.leclercdrive.fr/image.ashx?id=2495653&use=l&cat=p&typeid=i","cat":284532},{"id":25543,"n":"Soda Ricqles Saveur Menthe - 1,5L","p":1.81,"u":"1,21 €/L","img":"https://fd9-photos.leclercdrive.fr/image.ashx?id=2653011&use=l&cat=p&typeid=i","cat":284531},{"id":25550,"n":"Soda Schweppes Indian Tonic Zero - 1,5L","p":1.72,"u":"1,15 €/L","img":"https://fd9-photos.leclercdrive.fr/image.ashx?id=2852393&use=l&cat=p&typeid=i","cat":284531},{"id":25554,"n":"Soda Schweppes Saveur Citron Zero - 1,5L","p":1.69,"u":"1,13 €/L","img":"https://fd9-photos.leclercdrive.fr/image.ashx?id=2852396&use=l&cat=p&typeid=i","cat":284532},{"id":25575,"n":"Limonade artisanale Lorina Bouteille - 1L","p":3.06,"u":"3,06 €/L","img":"https://fd9-photos.leclercdrive.fr/image.ashx?id=2735137&use=l&cat=p&typeid=i","cat":284531},{"id":25576,"n":"Limonade Cristal Lorina 1,25L","p":2.3,"u":"1,84 €/L","img":"https://fd9-photos.leclercdrive.fr/image.ashx?id=2575555&use=l&cat=p&typeid=i","cat":284531},{"id":25587,"n":"Vin mousseux de France Kriter Blanc Brut - 75cl","p":4.83,"u":"6,44 €/L","img":"https://fd9-photos.leclercdrive.fr/image.ashx?id=2840868&use=l&cat=p&typeid=i","cat":284544},{"id":25589,"n":"Nectar Bio Pressade Orange pêche abricot - 1,5L","p":2.52,"u":"1,68 €/L","img":"https://fd9-photos.leclercdrive.fr/image.ashx?id=2732503&use=l&cat=p&typeid=i","cat":284521},{"id":25593,"n":"Boisson aux fruits Capri Sun Multivitaminé - 10x20cl","p":3.35,"u":"1,68 €/L","img":"https://fd9-photos.leclercdrive.fr/image.ashx?id=2447067&use=l&cat=p&typeid=i","cat":295018},{"id":25596,"n":"Nectar Bio Pressade Multifruits - 6x20cl","p":2.7,"u":"2,25 €/L","img":"https://fd9-photos.leclercdrive.fr/image.ashx?id=2732518&use=l&cat=p&typeid=i","cat":284524},{"id":25607,"n":"Eau minérale gazeuse Perrier  Naturelle  - 6x50cl","p":3.43,"u":"1,14 €/L","img":"https://fd9-photos.leclercdrive.fr/image.ashx?id=2493916&use=l&cat=p&typeid=i","cat":284536},{"id":25615,"n":"Concentré à diluer Pulco Agrumes - 70cl","p":2.8,"u":"4,00 €/L","img":"https://fd9-photos.leclercdrive.fr/image.ashx?id=2687851&use=l&cat=p&typeid=i","cat":295020},{"id":25619,"n":"Pastis Ricard Anisé 45% vol - 1,5L","p":29.49,"u":"19,66 €/L","img":"https://fd9-photos.leclercdrive.fr/image.ashx?id=2839115&use=l&cat=p&typeid=i","cat":284548},{"id":25627,"n":"Sirop Moulin de Valdonne Violette - 70cl","p":3.19,"u":"4,56 €/L","img":"https://fd9-photos.leclercdrive.fr/image.ashx?id=2756918&use=l&cat=p&typeid=i","cat":295020},{"id":25630,"n":"Taboulé Menu Fraîcheur Poulet - 500g","p":2.11,"u":"4,22 €/KG","img":"https://fd9-photos.leclercdrive.fr/image.ashx?id=2901449&use=l&cat=p&typeid=i","cat":333657},{"id":25632,"n":"Vodka Absolut 40% vol - 70cl","p":17.79,"u":"25,41 €/L","img":"https://fd9-photos.leclercdrive.fr/image.ashx?id=2887239&use=l&cat=p&typeid=i","cat":284550},{"id":25642,"n":"Escalope milanaise Coté Table 300g","p":2.38,"u":"7,93 €/KG","img":"https://fd9-photos.leclercdrive.fr/image.ashx?id=2499385&use=l&cat=p&typeid=i","cat":333665},{"id":25661,"n":"Rasoir Siliss 3 lames - +1 recharge","p":4.25,"img":"https://fd9-photos.leclercdrive.fr/image.ashx?id=2699411&use=l&cat=p&typeid=i","cat":325352},{"id":25663,"n":"Chips à l'ancienne Pom'Lisse Nature - 270g","p":1.85,"u":"6,85 €/KG","img":"https://fd9-photos.leclercdrive.fr/image.ashx?id=2724835&use=l&cat=p&typeid=i","cat":284447},{"id":25669,"n":"Pâtes de fruits rouges NRT   De Provence - 180g","p":3.55,"u":"19,72 €/KG","img":"https://fd9-photos.leclercdrive.fr/image.ashx?id=2771049&use=l&cat=p&typeid=i","cat":284499},{"id":25670,"n":"Pâtes de fruits jaunes NRT De Provence - 180g","p":3.55,"u":"19,72 €/KG","img":"https://fd9-photos.leclercdrive.fr/image.ashx?id=2771052&use=l&cat=p&typeid=i","cat":284499},{"id":25703,"n":"Rousquilles fondantes NRT 200g","p":2.15,"u":"10,75 €/KG","img":"https://fd9-photos.leclercdrive.fr/image.ashx?id=2663812&use=l&cat=p&typeid=i","cat":284487},{"id":25739,"n":"Bûche de chèvre Les Croisés Fondante 22%mg - 180g","p":1.84,"u":"10,22 €/KG","img":"https://fd9-photos.leclercdrive.fr/image.ashx?id=2894725&use=l&cat=p&typeid=i","cat":314031},{"id":25741,"n":"Grana Padano AOP Les Croisés - 200g","p":3.35,"u":"16,75 €/KG","img":"https://fd9-photos.leclercdrive.fr/image.ashx?id=2954091&use=l&cat=p&typeid=i","cat":314034},{"id":25743,"n":"Mascarpone Les Croisés - 500g","p":3.08,"u":"6,16 €/KG","img":"https://fd9-photos.leclercdrive.fr/image.ashx?id=2123626&use=l&cat=p&typeid=i","cat":314026},{"id":25744,"n":"Nems au Poulet Tables du Monde  x4  - 280g","p":1.79,"u":"6,39 €/KG","img":"https://fd9-photos.leclercdrive.fr/image.ashx?id=2953338&use=l&cat=p&typeid=i","cat":333673},{"id":25746,"n":"Saucisse de volaille Tradilège  x10 350g","p":1.47,"u":"4,20 €/KG","img":"https://fd9-photos.leclercdrive.fr/image.ashx?id=2625110&use=l&cat=p&typeid=i","cat":316012},{"id":25748,"n":"Hachés au colin d'Alaska Pêche Océan - 200g","p":2.24,"u":"11,20 €/KG","img":"https://fd9-photos.leclercdrive.fr/image.ashx?id=2953623&use=l&cat=p&typeid=i","cat":284344},{"id":25749,"n":"Hachés au saumon Pêche Océan à la ciboulette - 200g","p":2.25,"u":"11,25 €/KG","img":"https://fd9-photos.leclercdrive.fr/image.ashx?id=2953632&use=l&cat=p&typeid=i","cat":284344},{"id":25750,"n":"Trio crudités Menu Fraîcheur  Carotte céleri maïs - 300g","p":1.46,"u":"4,87 €/KG","img":"https://fd9-photos.leclercdrive.fr/image.ashx?id=2645936&use=l&cat=p&typeid=i","cat":333657},{"id":25753,"n":"Génoises fourrées Eco+ Framboise - 300g","p":1.9,"u":"6,33 €/KG","img":"https://fd9-photos.leclercdrive.fr/image.ashx?id=2808197&use=l&cat=p&typeid=i","cat":284489},{"id":25759,"n":"Barquettes chats Gourmet Gold Double délice luxe mix - 12x85g","p":5.76,"u":"5,65 €/KG","img":"https://fd9-photos.leclercdrive.fr/image.ashx?id=2857096&use=l&cat=p&typeid=i","cat":285286},{"id":25762,"n":"Bâtonnets Dentastix Pedigree Grand chien x28 - 1080g","p":8.18,"u":"7,57 €/KG","img":"https://fd9-photos.leclercdrive.fr/image.ashx?id=2924776&use=l&cat=p&typeid=i","cat":294527},{"id":25764,"n":"Olives noires Tramier Dénoyautées - 150g","p":1.56,"u":"10,40 €/KG","img":"https://fd9-photos.leclercdrive.fr/image.ashx?id=2840814&use=l&cat=p&typeid=i","cat":284458},{"id":25765,"n":"Céréales Nestlé Mix Chocapic, Lion, Nesquik x6","p":2.25,"u":"11,84 €/KG","img":"https://fd9-photos.leclercdrive.fr/image.ashx?id=2981364&use=l&cat=p&typeid=i","cat":309513},{"id":25779,"n":"Yaourts Lait de chèvre Soignon Nature - 4x125g","p":2.15,"u":"4,30 €/KG","img":"https://fd9-photos.leclercdrive.fr/image.ashx?id=2518250&use=l&cat=p&typeid=i","cat":314998},{"id":25790,"n":"Sucre pure canne Bio Village En morceaux bio - 500g","p":2.09,"u":"4,18 €/KG","img":"https://fd9-photos.leclercdrive.fr/image.ashx?id=3010440&use=l&cat=p&typeid=i","cat":284502},{"id":25793,"n":"AOP Côtes du Rhône rouge Cellier des Dauphins - BIB 3L","p":11.2,"u":"3,73 €/L","img":"https://fd9-photos.leclercdrive.fr/image.ashx?id=2830006&use=l&cat=p&typeid=i","cat":289560},{"id":25801,"n":"Lingettes Wc Syphon Désinfectantes x40","p":2.2,"img":"https://fd9-photos.leclercdrive.fr/image.ashx?id=2768092&use=l&cat=p&typeid=i","cat":325358},{"id":25802,"n":"Allumettes allégées Tradilège Fumées - 2x75g","p":2.05,"u":"13,67 €/KG","img":"https://fd9-photos.leclercdrive.fr/image.ashx?id=2968640&use=l&cat=p&typeid=i","cat":316011},{"id":25806,"n":"Lingettes bébé H2O Biolane Epaisses - x72","p":1.87,"u":"0,03 €/P","img":"https://fd9-photos.leclercdrive.fr/image.ashx?id=2877910&use=l&cat=p&typeid=i","cat":284738},{"id":25808,"n":"Protection incontinence Chorys Homme - Important - x20","p":5.38,"u":"0,27 €/P","img":"https://fd9-photos.leclercdrive.fr/image.ashx?id=2672933&use=l&cat=p&typeid=i","cat":291514},{"id":25811,"n":"Salade Coleslaw Menu Fraîcheur  500g","p":1.83,"u":"3,66 €/KG","img":"https://fd9-photos.leclercdrive.fr/image.ashx?id=2645930&use=l&cat=p&typeid=i","cat":333657},{"id":25812,"n":"Coquillettes Coté Table Jambon fromage - 280g","p":1.89,"u":"6,75 €/KG","img":"https://fd9-photos.leclercdrive.fr/image.ashx?id=2727380&use=l&cat=p&typeid=i","cat":284953},{"id":25815,"n":"Dessert lacté Délisse Chocolat - 4x100g","p":1.27,"u":"3,18 €/KG","img":"https://fd9-photos.leclercdrive.fr/image.ashx?id=2953401&use=l&cat=p&typeid=i","cat":285041},{"id":25817,"n":"Emincés de saumon fumé ASC Ronde des mers - 100g","p":4.15,"u":"41,50 €/KG","img":"https://fd9-photos.leclercdrive.fr/image.ashx?id=2953620&use=l&cat=p&typeid=i","cat":285188},{"id":25818,"n":"Émincés de saumon fumé ASC Ronde de mers - 100g","p":4.15,"u":"41,50 €/KG","img":"https://fd9-photos.leclercdrive.fr/image.ashx?id=2953617&use=l&cat=p&typeid=i","cat":285188},{"id":25819,"n":"Feuilletés Jambon Emmental Coté Table - 2x140g","p":2.99,"u":"10,68 €/KG","img":"https://fd9-photos.leclercdrive.fr/image.ashx?id=2846517&use=l&cat=p&typeid=i","cat":333671},{"id":25820,"n":"Flammekueche Coté Table 350g","p":1.85,"u":"5,29 €/KG","img":"https://fd9-photos.leclercdrive.fr/image.ashx?id=2064819&use=l&cat=p&typeid=i","cat":333680},{"id":25821,"n":"Filets de Limande du Nord MSC Pêche Océan - 500g","p":5.99,"u":"11,98 €/KG","img":"https://fd9-photos.leclercdrive.fr/image.ashx?id=2807187&use=l&cat=p&typeid=i","cat":319786},{"id":25822,"n":"Fromage à tartiner Les Croisés Nature - 24%mg - 300g","p":1.84,"u":"6,13 €/KG","img":"https://fd9-photos.leclercdrive.fr/image.ashx?id=1630699&use=l&cat=p&typeid=i","cat":314029},{"id":25825,"n":"Fromage de brebis Les Croisés 210g","p":2.86,"u":"13,62 €/KG","img":"https://fd9-photos.leclercdrive.fr/image.ashx?id=2900112&use=l&cat=p&typeid=i","cat":329184},{"id":25839,"n":"Couscous parfumé Tipiak Prêt en 5 min  - 500g","p":2.02,"u":"4,04 €/KG","img":"https://fd9-photos.leclercdrive.fr/image.ashx?id=2946937&use=l&cat=p&typeid=i","cat":284429},{"id":25841,"n":"Couscous Tipiak  Prêt en 1 min 30 s - 500g","p":1.32,"u":"2,64 €/KG","img":"https://fd9-photos.leclercdrive.fr/image.ashx?id=2640431&use=l&cat=p&typeid=i","cat":284429},{"id":25855,"n":"Noix d'epaule Tulip Boîte - 340g","p":3.39,"u":"9,97 €/KG","img":"https://fd9-photos.leclercdrive.fr/image.ashx?id=2465598&use=l&cat=p&typeid=i","cat":305149},{"id":25868,"n":"Flocons d'avoine Quaker Oats Classic - 800g","p":2.24,"u":"2,80 €/KG","img":"https://fd9-photos.leclercdrive.fr/image.ashx?id=2344498&use=l&cat=p&typeid=i","cat":309512},{"id":25879,"n":"Bâtonnets Dentastix Pedigree Petit chien x28 - 440g","p":5.6,"u":"12,73 €/KG","img":"https://fd9-photos.leclercdrive.fr/image.ashx?id=2877106&use=l&cat=p&typeid=i","cat":294527},{"id":25887,"n":"Tablette chocolat Côte d'Or Noir Extra 2x200g","p":4.96,"u":"12,40 €/KG","img":"https://fd9-photos.leclercdrive.fr/image.ashx?id=2882065&use=l&cat=p&typeid=i","cat":284956},{"id":25913,"n":"Chocolat noir Côte d'Or Nougat 130g","p":2.94,"u":"22,62 €/KG","img":"https://fd9-photos.leclercdrive.fr/image.ashx?id=2985588&use=l&cat=p&typeid=i","cat":284956},{"id":25922,"n":"Mouchoirs papier Balsam Kleenex Etuis - x24","p":3.35,"u":"0,14 €/P","img":"https://fd9-photos.leclercdrive.fr/image.ashx?id=1720758&use=l&cat=p&typeid=i","cat":284638},{"id":26026,"n":"Gel douche Eco+ Amande - 500ml","p":0.65,"u":"1,30 €/L","img":"https://fd9-photos.leclercdrive.fr/image.ashx?id=2979328&use=l&cat=p&typeid=i","cat":284594},{"id":26027,"n":"Gel douche Eco  Senteur vanille - 500ml","p":0.65,"u":"1,30 €/L","img":"https://fd9-photos.leclercdrive.fr/image.ashx?id=2079795&use=l&cat=p&typeid=i","cat":284594},{"id":26030,"n":"Masque Inell Film purifiant x2","p":0.99,"img":"https://fd9-photos.leclercdrive.fr/image.ashx?id=2691625&use=l&cat=p&typeid=i","cat":325346},{"id":26035,"n":"Bain de bouche Dentamyl Fraîcheur menthe - 500ml","p":1.89,"u":"3,78 €/L","img":"https://fd9-photos.leclercdrive.fr/image.ashx?id=2526604&use=l&cat=p&typeid=i","cat":284613},{"id":26038,"n":"Recharge savon mains Manava Crème Lait et miel - 250ml","p":0.57,"u":"2,28 €/L","img":"https://fd9-photos.leclercdrive.fr/image.ashx?id=2935489&use=l&cat=p&typeid=i","cat":284597},{"id":26040,"n":"Recharge savon mains Manava Gel spécial cuisine - 250ml","p":0.66,"u":"2,64 €/L","img":"https://fd9-photos.leclercdrive.fr/image.ashx?id=2935492&use=l&cat=p&typeid=i","cat":284597},{"id":26045,"n":"Activateur biologique Syphon Pour fosses septiques 26sachets","p":6.23,"img":"https://fd9-photos.leclercdrive.fr/image.ashx?id=2558805&use=l&cat=p&typeid=i","cat":284908},{"id":26075,"n":"Liqueur Pisang Ambon 17%vol. - 70cl","p":9.96,"u":"14,23 €/L","img":"https://fd9-photos.leclercdrive.fr/image.ashx?id=2262647&use=l&cat=p&typeid=i","cat":286032},{"id":26111,"n":"5 baies grains Sainte Lucie 250g","p":10.32,"u":"41,28 €/KG","img":"https://fd9-photos.leclercdrive.fr/image.ashx?id=2379703&use=l&cat=p&typeid=i","cat":284457},{"id":26112,"n":"5 baies Sainte Lucie Moulin -  40g","p":3.32,"u":"83,00 €/KG","img":"https://fd9-photos.leclercdrive.fr/image.ashx?id=2774460&use=l&cat=p&typeid=i","cat":284457},{"id":26119,"n":"Extrait naturel Sainte Lucie Vanille blister 20ml","p":3.65,"u":"182,50 €/L","img":"https://fd9-photos.leclercdrive.fr/image.ashx?id=2774963&use=l&cat=p&typeid=i","cat":284504},{"id":26123,"n":"Décor rond Sainte Lucie Heureux anniversaire blister x1","p":2.96,"img":"https://fd9-photos.leclercdrive.fr/image.ashx?id=2776124&use=l&cat=p&typeid=i","cat":284504},{"id":26126,"n":"Echalote semoule Sainte Lucie Pot 180g","p":4.68,"u":"26,00 €/KG","img":"https://fd9-photos.leclercdrive.fr/image.ashx?id=2553635&use=l&cat=p&typeid=i","cat":298297},{"id":26136,"n":"Pépites choco bio Sainte Lucie Noir pur beurre de cacao 125g","p":3.29,"u":"26,32 €/KG","img":"https://fd9-photos.leclercdrive.fr/image.ashx?id=2731522&use=l&cat=p&typeid=i","cat":284504},{"id":26137,"n":"Piment d'Espelette AOP Sainte Lucie - 50g","p":8.78,"u":"175,60 €/KG","img":"https://fd9-photos.leclercdrive.fr/image.ashx?id=2974342&use=l&cat=p&typeid=i","cat":298297},{"id":26138,"n":"Persillade Sainte Lucie 30g","p":3.6,"u":"120,00 €/KG","img":"https://fd9-photos.leclercdrive.fr/image.ashx?id=2774430&use=l&cat=p&typeid=i","cat":298297},{"id":26139,"n":"Poivre noir moulu Sainte Lucie Etui 100g","p":3.93,"u":"39,30 €/KG","img":"https://fd9-photos.leclercdrive.fr/image.ashx?id=1948248&use=l&cat=p&typeid=i","cat":284457},{"id":26140,"n":"Poivre noir Sainte Lucie Moulin - 50g","p":2.9,"u":"58,00 €/KG","img":"https://fd9-photos.leclercdrive.fr/image.ashx?id=2774463&use=l&cat=p&typeid=i","cat":284457},{"id":26141,"n":"Poivre noir grains Sainte Lucie 245g","p":8.2,"u":"33,47 €/KG","img":"https://fd9-photos.leclercdrive.fr/image.ashx?id=2379706&use=l&cat=p&typeid=i","cat":284457},{"id":26142,"n":"Poivre noir moulu Sainte Lucie Saveurs préservées pot 250g","p":8.72,"u":"34,88 €/KG","img":"https://fd9-photos.leclercdrive.fr/image.ashx?id=2553641&use=l&cat=p&typeid=i","cat":284457},{"id":26144,"n":"Poivre noir moulu Sainte Lucie 18g","p":1.12,"u":"62,22 €/KG","img":"https://fd9-photos.leclercdrive.fr/image.ashx?id=1892870&use=l&cat=p&typeid=i","cat":284457},{"id":26146,"n":"Sucre vanillé bio Sainte Lucie  Sachets - 5x7.5g","p":2.27,"u":"0,61 €/KG","img":"https://fd9-photos.leclercdrive.fr/image.ashx?id=2731519&use=l&cat=p&typeid=i","cat":284504},{"id":26150,"n":"Spéculoos Sainte Lucie Concassés 125g","p":2.29,"u":"18,32 €/KG","img":"https://fd9-photos.leclercdrive.fr/image.ashx?id=2144092&use=l&cat=p&typeid=i","cat":284504},{"id":26151,"n":"Sucre Eco+  En poudre - 1kg","p":0.95,"u":"0,95 €/KG","img":"https://fd9-photos.leclercdrive.fr/image.ashx?id=2702277&use=l&cat=p&typeid=i","cat":284502},{"id":26152,"n":"Salade Mexicaine Eco+ Au thon - 280g","p":1.12,"u":"4,00 €/KG","img":"https://fd9-photos.leclercdrive.fr/image.ashx?id=2884201&use=l&cat=p&typeid=i","cat":284437},{"id":26153,"n":"Salade Americaine Eco+ Au thon - 280g","p":1.12,"u":"4,00 €/KG","img":"https://fd9-photos.leclercdrive.fr/image.ashx?id=2873649&use=l&cat=p&typeid=i","cat":284437},{"id":26154,"n":"Salade Niçoise Eco+ Au thon - 280g","p":1.12,"u":"4,00 €/KG","img":"https://fd9-photos.leclercdrive.fr/image.ashx?id=2896012&use=l&cat=p&typeid=i","cat":284437},{"id":26183,"n":"Adoucissant Hyperdou Rêve de fraîcheur - 3x250ml","p":1.23,"u":"1,64 €/L","img":"https://fd9-photos.leclercdrive.fr/image.ashx?id=2643318&use=l&cat=p&typeid=i","cat":284650},{"id":26184,"n":"Adoucissant Hyperdou Senteur de provence - 3x250ml","p":1.2,"u":"1,60 €/L","img":"https://fd9-photos.leclercdrive.fr/image.ashx?id=2675685&use=l&cat=p&typeid=i","cat":284650},{"id":26185,"n":"Lingettes désinfectante Sanytol Multi-usage Eucalyptus - x72","p":1.55,"u":"0,03 €/P","img":"https://fd9-photos.leclercdrive.fr/image.ashx?id=2899353&use=l&cat=p&typeid=i","cat":325358},{"id":26220,"n":"Sucre Eco+ Cristal  - 5kg","p":5.02,"u":"1,00 €/KG","img":"https://fd9-photos.leclercdrive.fr/image.ashx?id=2517661&use=l&cat=p&typeid=i","cat":284502},{"id":26223,"n":"Sauce Sacla'Italia Arrabbiata - 190g","p":2.09,"u":"11,00 €/KG","img":"https://fd9-photos.leclercdrive.fr/image.ashx?id=2971413&use=l&cat=p&typeid=i","cat":287599},{"id":26258,"n":"Madeleines coquilles P'tit déli Sachet 600g","p":2.39,"u":"3,98 €/KG","img":"https://fd9-photos.leclercdrive.fr/image.ashx?id=2540948&use=l&cat=p&typeid=i","cat":284492},{"id":26271,"n":"Rôti de porc Tradilège 6 tranches VPF 180g","p":2.38,"u":"13,22 €/KG","img":"https://fd9-photos.leclercdrive.fr/image.ashx?id=2675786&use=l&cat=p&typeid=i","cat":316009},{"id":26303,"n":"Céréales Corn Flakes Eco+ sucrés - 750g","p":2.13,"u":"2,84 €/KG","img":"https://fd9-photos.leclercdrive.fr/image.ashx?id=2699099&use=l&cat=p&typeid=i","cat":309513},{"id":26309,"n":"Boîte chat Whiskas  Gelée mer & campagne - 8x400g","p":9.6,"u":"3,08 €/KG","img":"https://fd9-photos.leclercdrive.fr/image.ashx?id=2759628&use=l&cat=p&typeid=i","cat":285601},{"id":26316,"n":"Mini-crêpes fourrées Tokapi Bacon - 65g","p":1.9,"u":"29,23 €/KG","img":"https://fd9-photos.leclercdrive.fr/image.ashx?id=2853886&use=l&cat=p&typeid=i","cat":297000},{"id":26320,"n":"Oignons frits snack Kühne Boîte -  100g","p":1.36,"u":"13,60 €/KG","img":"https://fd9-photos.leclercdrive.fr/image.ashx?id=2447079&use=l&cat=p&typeid=i","cat":298297},{"id":26323,"n":"Soda Jean's Cola Canette - 12x15cl","p":3.75,"u":"2,08 €/L","img":"https://fd9-photos.leclercdrive.fr/image.ashx?id=2637895&use=l&cat=p&typeid=i","cat":284530},{"id":26324,"n":"Noisette Sainte Lucie Méditerranée décortiquée 125g","p":3.75,"u":"30,00 €/KG","img":"https://fd9-photos.leclercdrive.fr/image.ashx?id=2776112&use=l&cat=p&typeid=i","cat":284448},{"id":26326,"n":"Arôme naturel café Sainte Lucie 20ml","p":1.4,"u":"70,00 €/L","img":"https://fd9-photos.leclercdrive.fr/image.ashx?id=2414118&use=l&cat=p&typeid=i","cat":284504},{"id":26328,"n":"Arôme amande amère Sainte Lucie Blister - 20ml","p":1.34,"u":"67,00 €/L","img":"https://fd9-photos.leclercdrive.fr/image.ashx?id=2774313&use=l&cat=p&typeid=i","cat":284504},{"id":26329,"n":"Arôme Sainte Lucie Fleur d'oranger flacon 250ml","p":1.99,"u":"7,96 €/L","img":"https://fd9-photos.leclercdrive.fr/image.ashx?id=2774316&use=l&cat=p&typeid=i","cat":284504},{"id":26330,"n":"Amandes California Sainte Lucie Blanches effilées sachet 125g","p":3.33,"u":"26,64 €/KG","img":"https://fd9-photos.leclercdrive.fr/image.ashx?id=2776109&use=l&cat=p&typeid=i","cat":284504},{"id":26332,"n":"Gélifiant naturel Sainte Lucie Végétal Agar Agar 4 sachets x2g","p":2.3,"u":"115,00 €/KG","img":"https://fd9-photos.leclercdrive.fr/image.ashx?id=2774325&use=l&cat=p&typeid=i","cat":284504},{"id":26335,"n":"Bougies anniversaire Ste Lucie Plusieurs coloris blister x20","p":2.38,"img":"https://fd9-photos.leclercdrive.fr/image.ashx?id=2774361&use=l&cat=p&typeid=i","cat":284504},{"id":26337,"n":"Clous de girofle Sainte Lucie 30g","p":3.4,"u":"113,33 €/KG","img":"https://fd9-photos.leclercdrive.fr/image.ashx?id=2774385&use=l&cat=p&typeid=i","cat":298297},{"id":26339,"n":"Cumin moulu Sainte Lucie 40g","p":2.55,"u":"63,75 €/KG","img":"https://fd9-photos.leclercdrive.fr/image.ashx?id=2974315&use=l&cat=p&typeid=i","cat":298297},{"id":26343,"n":"Piment doux Sainte Lucie Moulus - 50g","p":1.95,"u":"39,00 €/KG","img":"https://fd9-photos.leclercdrive.fr/image.ashx?id=2774388&use=l&cat=p&typeid=i","cat":298297},{"id":26348,"n":"Piments de cayenne Sainte Lucie Moulu - 40g","p":2.25,"u":"56,25 €/KG","img":"https://fd9-photos.leclercdrive.fr/image.ashx?id=2774400&use=l&cat=p&typeid=i","cat":298297},{"id":26350,"n":"Persil feuilles Sainte Lucie Coupées - 20g","p":1.75,"u":"87,50 €/KG","img":"https://fd9-photos.leclercdrive.fr/image.ashx?id=2968157&use=l&cat=p&typeid=i","cat":298297},{"id":26351,"n":"Poivre blanc Sainte Lucie En grains étui - 100g","p":4.2,"u":"42,00 €/KG","img":"https://fd9-photos.leclercdrive.fr/image.ashx?id=1892858&use=l&cat=p&typeid=i","cat":284457},{"id":26352,"n":"Poivre blanc moulu Sainte Lucie 100g","p":4.4,"u":"44,00 €/KG","img":"https://fd9-photos.leclercdrive.fr/image.ashx?id=2176782&use=l&cat=p&typeid=i","cat":284457},{"id":26362,"n":"Ail semoule Sainte Lucie 60g","p":2.1,"u":"35,00 €/KG","img":"https://fd9-photos.leclercdrive.fr/image.ashx?id=1892852&use=l&cat=p&typeid=i","cat":298297},{"id":26363,"n":"5 baies Sainte Lucie Flacon - 45g","p":3.04,"u":"67,56 €/KG","img":"https://fd9-photos.leclercdrive.fr/image.ashx?id=2974324&use=l&cat=p&typeid=i","cat":284457},{"id":26364,"n":"Ail semoule Sainte Lucie Pot 320g","p":6.95,"u":"21,72 €/KG","img":"https://fd9-photos.leclercdrive.fr/image.ashx?id=2551096&use=l&cat=p&typeid=i","cat":298297},{"id":26366,"n":"Caramel liquide Sainte Lucie Nature flacon 250ml","p":2.69,"u":"10,76 €/L","img":"https://fd9-photos.leclercdrive.fr/image.ashx?id=2776106&use=l&cat=p&typeid=i","cat":284504},{"id":26369,"n":"Demi feuilles de gélatine  Sainte Lucie","p":1.4,"img":"https://fd9-photos.leclercdrive.fr/image.ashx?id=2859024&use=l&cat=p&typeid=i","cat":284504},{"id":26370,"n":"Fruits confits Sainte Lucie 4 fruits - 150g","p":3.89,"u":"25,93 €/KG","img":"https://fd9-photos.leclercdrive.fr/image.ashx?id=2176755&use=l&cat=p&typeid=i","cat":304256},{"id":26371,"n":"Macédoine fruits Sainte Lucie Confits 4 couleurs godet 150g","p":2.97,"u":"19,80 €/KG","img":"https://fd9-photos.leclercdrive.fr/image.ashx?id=2774328&use=l&cat=p&typeid=i","cat":284504},{"id":26372,"n":"Noix de coco Sainte Lucie Des Tropiques râpée sachet 125g","p":1.95,"u":"15,60 €/KG","img":"https://fd9-photos.leclercdrive.fr/image.ashx?id=2776115&use=l&cat=p&typeid=i","cat":284504},{"id":26375,"n":"Pâte d'amandes Sainte Lucie Tricolore pain - 200g","p":2.6,"u":"13,00 €/KG","img":"https://fd9-photos.leclercdrive.fr/image.ashx?id=2774352&use=l&cat=p&typeid=i","cat":284504},{"id":26378,"n":"Curcuma moulu Sainte Lucie 55g","p":2.25,"u":"40,91 €/KG","img":"https://fd9-photos.leclercdrive.fr/image.ashx?id=2774391&use=l&cat=p&typeid=i","cat":298297},{"id":26379,"n":"Echalote semoule Sainte Lucie 40g","p":1.5,"u":"37,50 €/KG","img":"https://fd9-photos.leclercdrive.fr/image.ashx?id=2974318&use=l&cat=p&typeid=i","cat":298297},{"id":26386,"n":"Basilic feuilles Sainte Lucie Coupées - 15g","p":1.4,"u":"93,33 €/KG","img":"https://fd9-photos.leclercdrive.fr/image.ashx?id=2774376&use=l&cat=p&typeid=i","cat":298297},{"id":26389,"n":"Poivre blanc moulu Sainte Lucie Saveurs preservées flacon 45g","p":2.65,"u":"58,89 €/KG","img":"https://fd9-photos.leclercdrive.fr/image.ashx?id=2414121&use=l&cat=p&typeid=i","cat":284457},{"id":26390,"n":"Poivre noir grains Sainte Lucie Saveurs préservées flacon 50g","p":2.65,"u":"53,00 €/KG","img":"https://fd9-photos.leclercdrive.fr/image.ashx?id=2974327&use=l&cat=p&typeid=i","cat":284457},{"id":26391,"n":"Poivre noir moulu Sainte Lucie Saveurs préservées - 50g","p":1.95,"u":"39,00 €/KG","img":"https://fd9-photos.leclercdrive.fr/image.ashx?id=2974330&use=l&cat=p&typeid=i","cat":284457},{"id":26392,"n":"Poivre gris moulu Sainte Lucie Flacon 50g","p":2.0,"u":"40,00 €/KG","img":"https://fd9-photos.leclercdrive.fr/image.ashx?id=2176776&use=l&cat=p&typeid=i","cat":284457},{"id":26393,"n":"Poivre gris moulu Sainte Lucie 95g","p":3.7,"u":"38,95 €/KG","img":"https://fd9-photos.leclercdrive.fr/image.ashx?id=2774445&use=l&cat=p&typeid=i","cat":284457},{"id":26394,"n":"Poivre noir grains Sainte Lucie Etui - 100g","p":3.55,"u":"35,50 €/KG","img":"https://fd9-photos.leclercdrive.fr/image.ashx?id=2774442&use=l&cat=p&typeid=i","cat":284457},{"id":26402,"n":"Thym feuilles Sainte Lucie Aromatiques - 18g","p":1.35,"u":"75,00 €/KG","img":"https://fd9-photos.leclercdrive.fr/image.ashx?id=2774966&use=l&cat=p&typeid=i","cat":298297},{"id":26407,"n":"Raisins secs bruns Sainte Lucie De Smyrne - 125g","p":1.33,"u":"10,64 €/KG","img":"https://fd9-photos.leclercdrive.fr/image.ashx?id=2774337&use=l&cat=p&typeid=i","cat":323809},{"id":26408,"n":"Raisins blonds Sainte Lucie Sultanine - 125g","p":1.8,"u":"14,40 €/KG","img":"https://fd9-photos.leclercdrive.fr/image.ashx?id=2142638&use=l&cat=p&typeid=i","cat":284357},{"id":26443,"n":"Liqueur Litchi Yen Li 15%vol. - 70cl","p":7.23,"u":"10,33 €/L","img":"https://fd9-photos.leclercdrive.fr/image.ashx?id=2710789&use=l&cat=p&typeid=i","cat":286032},{"id":26447,"n":"Pralin doré haché Sainte Lucie Sachet 75g","p":1.83,"u":"24,40 €/KG","img":"https://fd9-photos.leclercdrive.fr/image.ashx?id=2774355&use=l&cat=p&typeid=i","cat":284504},{"id":26457,"n":"Bière blonde Abbaye Alveringem 6.2%vol. - 6x25cl","p":3.4,"u":"2,27 €/L","img":"https://fd9-photos.leclercdrive.fr/image.ashx?id=2637892&use=l&cat=p&typeid=i","cat":334852},{"id":26458,"n":"Armagnac Duc de Borzac VSOP - 40%vol. - 70cl","p":27.12,"u":"38,74 €/L","img":"https://fd9-photos.leclercdrive.fr/image.ashx?id=1648332&use=l&cat=p&typeid=i","cat":286032},{"id":26464,"n":"Steak haché 5% MG Bio Village Bio 2x100g","p":4.59,"u":"22,95 €/KG","img":"https://fd9-photos.leclercdrive.fr/image.ashx?id=2951338&use=l&cat=p&typeid=i","cat":284332},{"id":26484,"n":"Croquette chat stérilisé Ultima  Poulet - 3kg","p":11.59,"u":"3,86 €/KG","img":"https://fd9-photos.leclercdrive.fr/image.ashx?id=2918886&use=l&cat=p&typeid=i","cat":284680},{"id":26494,"n":"Pizza Merveillosa Turini Thon - 355g","p":2.26,"u":"6,37 €/KG","img":"https://fd9-photos.leclercdrive.fr/image.ashx?id=2815238&use=l&cat=p&typeid=i","cat":284256},{"id":26512,"n":"Fromage blanc Délisse Fraise 5.5%MG - 500g","p":2.55,"u":"5,10 €/KG","img":"https://fd9-photos.leclercdrive.fr/image.ashx?id=3009514&use=l&cat=p&typeid=i","cat":284409},{"id":26565,"n":"Lait Croissance Bio Village bio 10 à 36 mois - 6x1L","p":9.99,"u":"1,67 €/L","img":"https://fd9-photos.leclercdrive.fr/image.ashx?id=2802032&use=l&cat=p&typeid=i","cat":284728},{"id":26569,"n":"Filet de poulet blanc Le Gaulois 720g","p":9.8,"u":"13,61 €/KG","img":"https://fd9-photos.leclercdrive.fr/image.ashx?id=3003212&use=l&cat=p&typeid=i","cat":284336},{"id":26570,"n":"Filet de poulet jaune Le Gaulois 720g","p":10.15,"u":"14,10 €/KG","img":"https://fd9-photos.leclercdrive.fr/image.ashx?id=3003209&use=l&cat=p&typeid=i","cat":284336},{"id":26646,"n":"AOP Champagne Brut Nicolas Feuillatte Grande Réserve 75cl","p":22.35,"pp":20.11,"u":"26,81 €/L","img":"https://fd9-photos.leclercdrive.fr/image.ashx?id=2733184&use=l&cat=p&typeid=i","cat":284542},{"id":26647,"n":"Chair à saucisses porc Férial 400g","p":3.49,"u":"8,73 €/KG","img":"https://fd9-photos.leclercdrive.fr/image.ashx?id=2953308&use=l&cat=p&typeid=i","cat":284332},{"id":26648,"n":"Couscous Grain Moyen Regia - 500G","p":1.3,"u":"2,60 €/KG","img":"https://fd9-photos.leclercdrive.fr/image.ashx?id=2870206&use=l&cat=p&typeid=i","cat":284429},{"id":26659,"n":"Fonds d'artichauts Notre Jardin 210g","p":2.75,"u":"13,10 €/KG","img":"https://fd9-photos.leclercdrive.fr/image.ashx?id=2607921&use=l&cat=p&typeid=i","cat":312611},{"id":26663,"n":"Farine de sarrasin Treblec 1kg","p":2.69,"u":"2,69 €/KG","img":"https://fd9-photos.leclercdrive.fr/image.ashx?id=2734843&use=l&cat=p&typeid=i","cat":284503},{"id":26708,"n":"Cacahuètes Benenuts-Twinuts Bacon Grillé - 150g","p":1.11,"u":"7,40 €/KG","img":"https://fd9-photos.leclercdrive.fr/image.ashx?id=2967738&use=l&cat=p&typeid=i","cat":284448},{"id":26725,"n":"Infusion camomille Tiséa 25 sachets - 37,5g","p":0.92,"u":"0,25 €/KG","img":"https://fd9-photos.leclercdrive.fr/image.ashx?id=2441288&use=l&cat=p&typeid=i","cat":293234},{"id":26733,"n":"Dessert végétal au soja Sojasun Nature - 12x100g","p":3.13,"u":"2,61 €/KG","img":"https://fd9-photos.leclercdrive.fr/image.ashx?id=2355665&use=l&cat=p&typeid=i","cat":316071},{"id":26765,"n":"Mayonnaise Rustica A la moutarde de Dijon - 470g","p":1.6,"u":"3,40 €/KG","img":"https://fd9-photos.leclercdrive.fr/image.ashx?id=2954361&use=l&cat=p&typeid=i","cat":298295},{"id":26797,"n":"Compote Douceur du Verger Coupelle pomme fraise - 4x100g","p":1.15,"u":"2,88 €/KG","img":"https://fd9-photos.leclercdrive.fr/image.ashx?id=2663503&use=l&cat=p&typeid=i","cat":284508},{"id":26818,"n":"Boisson base vin rosée Very Pamp Pamplemousse - 75cl","p":2.99,"u":"3,99 €/L","img":"https://fd9-photos.leclercdrive.fr/image.ashx?id=2446629&use=l&cat=p&typeid=i","cat":304569},{"id":26819,"n":"Boisson aromatisée Vin rosé Pamplemousse 7.5%,vol BIB 3L","p":9.5,"u":"3,17 €/L","img":"https://fd9-photos.leclercdrive.fr/image.ashx?id=2470024&use=l&cat=p&typeid=i","cat":304569},{"id":26820,"n":"IGP Pays d'Oc rouge Roche Mazet Merlot - BIB 3L","p":10.27,"u":"3,42 €/L","img":"https://fd9-photos.leclercdrive.fr/image.ashx?id=2597387&use=l&cat=p&typeid=i","cat":289560},{"id":26840,"n":"Spray Détachant Vanish  Avant-lavage - 750ml","p":4.3,"u":"5,73 €/L","img":"https://fd9-photos.leclercdrive.fr/image.ashx?id=2963913&use=l&cat=p&typeid=i","cat":284651},{"id":26877,"n":"Crackers Mini pizza Tokapi 85g","p":0.69,"u":"8,12 €/KG","img":"https://fd9-photos.leclercdrive.fr/image.ashx?id=2351232&use=l&cat=p&typeid=i","cat":297000},{"id":26926,"n":"Couches bébé Mots d'Enfants -T3 Ultra confort - 4/9kg - x162","p":19.7,"u":"0,12 €/P","img":"https://fd9-photos.leclercdrive.fr/image.ashx?id=2573987&use=l&cat=p&typeid=i","cat":284737},{"id":26945,"n":"Bâtonnets Trium Noix de coco x4 - 292g","p":2.69,"u":"9,21 €/KG","img":"https://fd9-photos.leclercdrive.fr/image.ashx?id=2767501&use=l&cat=p&typeid=i","cat":284265},{"id":26978,"n":"Chewing-gum menthol Airwaves Eucalyptus s/sucre 5x10","p":2.15,"img":"https://fd9-photos.leclercdrive.fr/image.ashx?id=2355902&use=l&cat=p&typeid=i","cat":304251},{"id":26979,"n":"Chewing-gum Airwaves Cool cassis s/sucre 5x10","p":2.21,"img":"https://fd9-photos.leclercdrive.fr/image.ashx?id=2355905&use=l&cat=p&typeid=i","cat":304251},{"id":26980,"n":"Chewing-gum Airwaves Black menthol sans sucre 5x10","p":2.31,"img":"https://fd9-photos.leclercdrive.fr/image.ashx?id=2355908&use=l&cat=p&typeid=i","cat":304251},{"id":26998,"n":"Sachet repas chats Gourmet Les filettines en sauce -12x85g","p":5.47,"u":"5,36 €/KG","img":"https://fd9-photos.leclercdrive.fr/image.ashx?id=2902277&use=l&cat=p&typeid=i","cat":285286},{"id":27026,"n":"Huggies® Little Swimmers® Maxipack Taille 3-4 x20","p":11.85,"u":"0,59 €/P","img":"https://fd9-photos.leclercdrive.fr/image.ashx?id=2844703&use=l&cat=p&typeid=i","cat":290634},{"id":27069,"n":"Sorbet Oasis Multifruits x10 - 400g","p":2.84,"u":"7,10 €/KG","img":"https://fd9-photos.leclercdrive.fr/image.ashx?id=2831924&use=l&cat=p&typeid=i","cat":285250},{"id":27070,"n":"Bâtonnets Oasis Tropical x10 - 400g","p":2.57,"u":"6,43 €/KG","img":"https://fd9-photos.leclercdrive.fr/image.ashx?id=2877829&use=l&cat=p&typeid=i","cat":285250},{"id":27086,"n":"Crème légère fluide UHT Bio Bio Village 15%mg - 3x20cl","p":3.65,"u":"6,08 €/L","img":"https://fd9-photos.leclercdrive.fr/image.ashx?id=2694434&use=l&cat=p&typeid=i","cat":284381},{"id":27087,"n":"Crème entière fluide UHT Bio Bio Village 30% MG - 3x20cl","p":3.96,"u":"6,60 €/L","img":"https://fd9-photos.leclercdrive.fr/image.ashx?id=2496899&use=l&cat=p&typeid=i","cat":284381},{"id":27088,"n":"Glace à l'eau Stick Smicy 5 parfums x20 - 845g","p":2.74,"u":"3,24 €/KG","img":"https://fd9-photos.leclercdrive.fr/image.ashx?id=2073057&use=l&cat=p&typeid=i","cat":285250},{"id":27091,"n":"Mayonnaise Rustica A la moutarde de Dijon - 235g","p":1.14,"u":"4,85 €/KG","img":"https://fd9-photos.leclercdrive.fr/image.ashx?id=2954358&use=l&cat=p&typeid=i","cat":298295},{"id":27093,"n":"Compote Douceur du Verger Coupelle pomme abricot - 4x100g","p":1.19,"u":"2,98 €/KG","img":"https://fd9-photos.leclercdrive.fr/image.ashx?id=2663500&use=l&cat=p&typeid=i","cat":284508},{"id":27096,"n":"Mayonnaise allégée Rustica 450g","p":1.13,"u":"2,51 €/KG","img":"https://fd9-photos.leclercdrive.fr/image.ashx?id=1026709&use=l&cat=p&typeid=i","cat":298295},{"id":27098,"n":"Café moulu Plantation Brésil - 250g","p":3.71,"u":"14,84 €/KG","img":"https://fd9-photos.leclercdrive.fr/image.ashx?id=2607512&use=l&cat=p&typeid=i","cat":284750},{"id":27106,"n":"Couches bébé Mots d'Enfants Mini - T2 : 3/6kg - x35 changes","p":5.18,"u":"0,15 €/P","img":"https://fd9-photos.leclercdrive.fr/image.ashx?id=2904568&use=l&cat=p&typeid=i","cat":284737},{"id":27108,"n":"Steak haché 5%mg Férial façon bouchère - 250g","p":4.49,"u":"17,96 €/KG","img":"https://fd9-photos.leclercdrive.fr/image.ashx?id=2903989&use=l&cat=p&typeid=i","cat":284332},{"id":27114,"n":"Lait céréales Blédidej 12 mois Chocolat - 4x250ml","p":3.38,"u":"3,38 €/L","img":"https://fd9-photos.leclercdrive.fr/image.ashx?id=2921058&use=l&cat=p&typeid=i","cat":312226},{"id":27158,"n":"Mini Barre Chocolat Lait KitKat x21 barres - 350g","p":4.5,"u":"12,86 €/KG","img":"https://fd9-photos.leclercdrive.fr/image.ashx?id=2762611&use=l&cat=p&typeid=i","cat":284498},{"id":27174,"n":"Bière blonde Tripel Karmeliet 8,4% - 75cl","p":4.6,"u":"6,13 €/L","img":"https://fd9-photos.leclercdrive.fr/image.ashx?id=2861180&use=l&cat=p&typeid=i","cat":334872},{"id":27178,"n":"Friandises Fun Tastix Fido Jambon fromage - 150g","p":1.59,"u":"10,60 €/KG","img":"https://fd9-photos.leclercdrive.fr/image.ashx?id=2681212&use=l&cat=p&typeid=i","cat":294527},{"id":27217,"n":"Terrine de Bretagne Jean Floc'h Verrine - 170g","p":1.65,"u":"9,71 €/KG","img":"https://fd9-photos.leclercdrive.fr/image.ashx?id=1895749&use=l&cat=p&typeid=i","cat":305149},{"id":27228,"n":"Couches bébé Mots d'Enfants Ecologique - T3 : 4/9kg - x36","p":8.99,"u":"0,25 €/P","img":"https://fd9-photos.leclercdrive.fr/image.ashx?id=2904559&use=l&cat=p&typeid=i","cat":284737},{"id":27229,"n":"Couches bébé Mots d'Enfants Ecologique - T4 : 7/18kg - x32","p":8.99,"u":"0,28 €/P","img":"https://fd9-photos.leclercdrive.fr/image.ashx?id=2904562&use=l&cat=p&typeid=i","cat":284737},{"id":27230,"n":"Couches bébé Mots d'Enfants Ecologique - T5 : 11/25kg - x28","p":9.29,"u":"0,33 €/P","img":"https://fd9-photos.leclercdrive.fr/image.ashx?id=2904565&use=l&cat=p&typeid=i","cat":284737},{"id":27372,"n":"Adoucissant Hyperdou Douceur pêche - 3x250ml","p":1.24,"u":"1,65 €/L","img":"https://fd9-photos.leclercdrive.fr/image.ashx?id=2657208&use=l&cat=p&typeid=i","cat":284650},{"id":27377,"n":"Cordons bleus Isla Délice Halal - x4 400g","p":3.54,"u":"8,85 €/KG","img":"https://fd9-photos.leclercdrive.fr/image.ashx?id=2249689&use=l&cat=p&typeid=i","cat":319780},{"id":27382,"n":"Nuggets Isla Délice Halal - 400g","p":3.24,"u":"8,10 €/KG","img":"https://fd9-photos.leclercdrive.fr/image.ashx?id=2256104&use=l&cat=p&typeid=i","cat":319780},{"id":27434,"n":"Coupelles Pêches DDV Sirop léger - 4x70 g","p":2.49,"u":"8,89 €/KG","img":"https://fd9-photos.leclercdrive.fr/image.ashx?id=2100784&use=l&cat=p&typeid=i","cat":284507},{"id":27454,"n":"Maïs Notre Jardin Croquant - 3x140g","p":1.83,"u":"4,36 €/KG","img":"https://fd9-photos.leclercdrive.fr/image.ashx?id=2988051&use=l&cat=p&typeid=i","cat":312611},{"id":27523,"n":"Colin d'Alaska Pêche Océan À la parisienne - MSC - 400g","p":2.79,"u":"6,98 €/KG","img":"https://fd9-photos.leclercdrive.fr/image.ashx?id=2930120&use=l&cat=p&typeid=i","cat":319786},{"id":27524,"n":"Colin d'Alaska Côté Table A la provençale - MSC - 400g","p":2.79,"u":"6,98 €/KG","img":"https://fd9-photos.leclercdrive.fr/image.ashx?id=2930123&use=l&cat=p&typeid=i","cat":319786},{"id":27531,"n":"Assortiment exotique Tables du Monde 470g","p":4.79,"u":"10,19 €/KG","img":"https://fd9-photos.leclercdrive.fr/image.ashx?id=2967664&use=l&cat=p&typeid=i","cat":333673},{"id":27563,"n":"Blocs WC 3en1 Syphon Javel + Eau bleue - x2","p":1.5,"u":"0,75 €/P","img":"https://fd9-photos.leclercdrive.fr/image.ashx?id=2637643&use=l&cat=p&typeid=i","cat":284662},{"id":27564,"n":"Blé précuit Comptoir du Grain Sachet cuisson - x4 - 500g","p":1.7,"u":"3,40 €/KG","img":"https://fd9-photos.leclercdrive.fr/image.ashx?id=2515494&use=l&cat=p&typeid=i","cat":284429},{"id":27566,"n":"Ruban adhésif d'emballage Siléa Largeur 50mm x 66 mètres","p":2.84,"img":"https://fd9-photos.leclercdrive.fr/image.ashx?id=2162345&use=l&cat=p&typeid=i","cat":300576},{"id":27686,"n":"IGP Pâtes Grand'Mère Nids - 500g","p":2.38,"u":"4,76 €/KG","img":"https://fd9-photos.leclercdrive.fr/image.ashx?id=2191990&use=l&cat=p&typeid=i","cat":284427},{"id":27709,"n":"Dentifrice Dentamyl Soin complet sensitive 75ml","p":0.92,"u":"12,27 €/L","img":"https://fd9-photos.leclercdrive.fr/image.ashx?id=2489119&use=l&cat=p&typeid=i","cat":284612},{"id":27721,"n":"Emmental Les Croisés En tranches - 200g","p":1.94,"u":"9,70 €/KG","img":"https://fd9-photos.leclercdrive.fr/image.ashx?id=2436317&use=l&cat=p&typeid=i","cat":314028},{"id":27798,"n":"Bière ambrée corse Pietra 6° - 75cl","p":3.89,"u":"5,19 €/L","img":"https://fd9-photos.leclercdrive.fr/image.ashx?id=2992921&use=l&cat=p&typeid=i","cat":334872},{"id":27836,"n":"Pizza Crousti-moelleuse Marie Poulet kebab - 530g","p":4.02,"u":"7,58 €/KG","img":"https://fd9-photos.leclercdrive.fr/image.ashx?id=2996752&use=l&cat=p&typeid=i","cat":284256},{"id":27931,"n":"AOP Réserve du Président  Vin rouge - 75cl","p":5.8,"u":"7,73 €/L","img":"https://fd9-photos.leclercdrive.fr/image.ashx?id=2499865&use=l&cat=p&typeid=i","cat":289556},{"id":27961,"n":"Poulet basquaise Marie Riz à la tomate - 900g","p":4.88,"u":"5,42 €/KG","img":"https://fd9-photos.leclercdrive.fr/image.ashx?id=2996779&use=l&cat=p&typeid=i","cat":284254},{"id":28004,"n":"Sucre cristal Daddy Sac 5kg","p":7.62,"u":"1,52 €/KG","img":"https://fd9-photos.leclercdrive.fr/image.ashx?id=2936068&use=l&cat=p&typeid=i","cat":284502},{"id":28021,"n":"Dentifrice enfant Dentamyl Gel fraise - 75ml","p":1.25,"u":"16,67 €/L","img":"https://fd9-photos.leclercdrive.fr/image.ashx?id=2613831&use=l&cat=p&typeid=i","cat":288898},{"id":28028,"n":"Recharge power tabs Rubson Lot de 4","p":22.0,"u":"5,50 €/P","img":"https://fd9-photos.leclercdrive.fr/image.ashx?id=1971365&use=l&cat=p&typeid=i","cat":300576},{"id":28076,"n":"AOP Madiran rouge Terroirs de Tilhet - 75cl","p":4.95,"u":"6,60 €/L","img":"https://fd9-photos.leclercdrive.fr/image.ashx?id=2996830&use=l&cat=p&typeid=i","cat":289556},{"id":28078,"n":"Coton bébé Mots d'Enfants Duo maxi carrés - x80","p":1.79,"u":"0,02 €/P","img":"https://fd9-photos.leclercdrive.fr/image.ashx?id=3014206&use=l&cat=p&typeid=i","cat":284739},{"id":28083,"n":"Maïs Notre Jardin Tendre  - 2x300g","p":1.88,"u":"3,13 €/KG","img":"https://fd9-photos.leclercdrive.fr/image.ashx?id=3005661&use=l&cat=p&typeid=i","cat":312611},{"id":28104,"n":"IGP Pays d'Oc Merlot vin rosé Vieux Carion 12.5% vol -75 cl","p":2.25,"u":"3,00 €/L","img":"https://fd9-photos.leclercdrive.fr/image.ashx?id=2903962&use=l&cat=p&typeid=i","cat":289558},{"id":28203,"n":"Fromage : Le Carré Les Croisés 23%mg - 230g","p":1.92,"u":"8,35 €/KG","img":"https://fd9-photos.leclercdrive.fr/image.ashx?id=2974801&use=l&cat=p&typeid=i","cat":314033},{"id":28209,"n":"Noix de cajou grillées Tokapi Salées - 125g","p":1.48,"u":"11,84 €/KG","img":"https://fd9-photos.leclercdrive.fr/image.ashx?id=2839821&use=l&cat=p&typeid=i","cat":284448},{"id":28211,"n":"Pistaches Tokapi Grillées et salées - 125g","p":1.85,"u":"14,80 €/KG","img":"https://fd9-photos.leclercdrive.fr/image.ashx?id=2795550&use=l&cat=p&typeid=i","cat":284448},{"id":28216,"n":"Café en grains Bio Village Bio 100% arabica - 250g","p":4.51,"u":"18,04 €/KG","img":"https://fd9-photos.leclercdrive.fr/image.ashx?id=1470434&use=l&cat=p&typeid=i","cat":293237},{"id":28217,"n":"Pain d'épices bio Bio Village Miel - Pré-tranché - 300g","p":1.65,"u":"5,50 €/KG","img":"https://fd9-photos.leclercdrive.fr/image.ashx?id=769642&use=l&cat=p&typeid=i","cat":284493},{"id":28227,"n":"Tablette bio Bio Village Chocolat au lait - 100g","p":1.76,"u":"17,60 €/KG","img":"https://fd9-photos.leclercdrive.fr/image.ashx?id=2791057&use=l&cat=p&typeid=i","cat":284497},{"id":28228,"n":"Chocolat Pâtissier Bio Village Bio - Noir  52% cacao - 200g","p":2.75,"u":"13,75 €/KG","img":"https://fd9-photos.leclercdrive.fr/image.ashx?id=2802305&use=l&cat=p&typeid=i","cat":285562},{"id":28241,"n":"Savon mains en crème Manava Lait et miel - 300ml","p":1.05,"u":"3,50 €/L","img":"https://fd9-photos.leclercdrive.fr/image.ashx?id=2935486&use=l&cat=p&typeid=i","cat":284597},{"id":28269,"n":"Sacs congélation Eco+ Moyen modèle - x75","p":1.71,"u":"0,02 €/P","img":"https://fd9-photos.leclercdrive.fr/image.ashx?id=2558748&use=l&cat=p&typeid=i","cat":334134},{"id":28308,"n":"Paëlla Royale Côté Table Poulet, moule et chorizo 940g","p":3.69,"u":"3,93 €/KG","img":"https://fd9-photos.leclercdrive.fr/image.ashx?id=2977873&use=l&cat=p&typeid=i","cat":325094},{"id":28311,"n":"Liqueur Grand Marnier Orange & Cognac - 40%vol - 70cl","p":22.47,"u":"32,10 €/L","img":"https://fd9-photos.leclercdrive.fr/image.ashx?id=3007909&use=l&cat=p&typeid=i","cat":286032},{"id":28323,"n":"Mayonnaise à l'ancienne Rustica 235g","p":1.28,"u":"5,45 €/KG","img":"https://fd9-photos.leclercdrive.fr/image.ashx?id=2954364&use=l&cat=p&typeid=i","cat":298295},{"id":28368,"n":"Tablette de chocolat Equador Noir fleur de sel 100g","p":1.42,"u":"14,20 €/KG","img":"https://fd9-photos.leclercdrive.fr/image.ashx?id=2660565&use=l&cat=p&typeid=i","cat":284956},{"id":28415,"n":"Colin d'Alaska Pêche Océan À la moutarde - MSC - 400g","p":2.99,"u":"7,48 €/KG","img":"https://fd9-photos.leclercdrive.fr/image.ashx?id=2930117&use=l&cat=p&typeid=i","cat":319786},{"id":28419,"n":"Lingettes anti-transfert Texil Tous textiles x25","p":2.32,"u":"0,09 €/P","img":"https://fd9-photos.leclercdrive.fr/image.ashx?id=2964571&use=l&cat=p&typeid=i","cat":290450},{"id":28422,"n":"Choucroute d'Alsace NRT 920g","p":6.87,"u":"7,47 €/KG","img":"https://fd9-photos.leclercdrive.fr/image.ashx?id=2723243&use=l&cat=p&typeid=i","cat":333666},{"id":28432,"n":"Jus d'ananas Eco + Brique 1L","p":1.57,"u":"1,57 €/L","img":"https://fd9-photos.leclercdrive.fr/image.ashx?id=2802263&use=l&cat=p&typeid=i","cat":284916},{"id":28444,"n":"Fleur de sel de Camargue Le Saunier de Camargue - 125g","p":2.58,"u":"20,64 €/KG","img":"https://fd9-photos.leclercdrive.fr/image.ashx?id=2819343&use=l&cat=p&typeid=i","cat":284457},{"id":28594,"n":"Soupe instantanée Royco  Crème d'asperges - 4x200ml","p":1.64,"u":"2,05 €/L","img":"https://fd9-photos.leclercdrive.fr/image.ashx?id=2650982&use=l&cat=p&typeid=i","cat":293527},{"id":28613,"n":"Nectar multifruits  1L","p":0.98,"u":"0,98 €/L","img":"https://fd9-photos.leclercdrive.fr/image.ashx?id=2595531&use=l&cat=p&typeid=i","cat":284917},{"id":28614,"n":"Pur jus d'orange Eco+ Brique - 1L","p":1.87,"u":"1,87 €/L","img":"https://fd9-photos.leclercdrive.fr/image.ashx?id=2802260&use=l&cat=p&typeid=i","cat":284521},{"id":28710,"n":"Lingettes Mots d'Enfants Bio Bébé - x72 lingettes","p":2.53,"u":"0,04 €/P","img":"https://fd9-photos.leclercdrive.fr/image.ashx?id=2856504&use=l&cat=p&typeid=i","cat":284738},{"id":28723,"n":"Bonbons Confiséo Caramel enrobés chocolat 280g","p":2.01,"u":"7,18 €/KG","img":"https://fd9-photos.leclercdrive.fr/image.ashx?id=2934688&use=l&cat=p&typeid=i","cat":304250},{"id":28730,"n":"Bain moussant Manava Vanille et ambre 500ml","p":2.14,"u":"4,28 €/L","img":"https://fd9-photos.leclercdrive.fr/image.ashx?id=2618326&use=l&cat=p&typeid=i","cat":284594},{"id":28809,"n":"Pain burger géant Epi d'Or Nature x4 - 330g","p":0.87,"u":"2,64 €/KG","img":"https://fd9-photos.leclercdrive.fr/image.ashx?id=1861089&use=l&cat=p&typeid=i","cat":325067},{"id":28827,"n":"Chili con carne Côté Table Au piment de Cayenne - 820g","p":3.24,"u":"3,95 €/KG","img":"https://fd9-photos.leclercdrive.fr/image.ashx?id=2977156&use=l&cat=p&typeid=i","cat":325094},{"id":28828,"n":"Pâtes fraîches Turini Gnocchi 380g","p":1.09,"u":"2,87 €/KG","img":"https://fd9-photos.leclercdrive.fr/image.ashx?id=2254526&use=l&cat=p&typeid=i","cat":333682},{"id":28831,"n":"Cookies Méga pépites P'tit Déli Choco amandes caramelisées 184g","p":1.51,"u":"8,21 €/KG","img":"https://fd9-photos.leclercdrive.fr/image.ashx?id=2116128&use=l&cat=p&typeid=i","cat":325066},{"id":28832,"n":"Cookies Méga pépites P'tit Déli Chocolat 184g","p":1.51,"u":"8,21 €/KG","img":"https://fd9-photos.leclercdrive.fr/image.ashx?id=2722814&use=l&cat=p&typeid=i","cat":325066},{"id":28860,"n":"Pain de mie Epi d'or Complet - Spécial mie - 500g","p":1.47,"u":"2,94 €/KG","img":"https://fd9-photos.leclercdrive.fr/image.ashx?id=3012839&use=l&cat=p&typeid=i","cat":284477},{"id":28861,"n":"Pain de mie Epi d'Or Spécial mie - Nature - 500g","p":1.49,"u":"2,98 €/KG","img":"https://fd9-photos.leclercdrive.fr/image.ashx?id=2807294&use=l&cat=p&typeid=i","cat":284477},{"id":28866,"n":"Coq au vin et ses torsades NRT 300g","p":2.61,"u":"8,70 €/KG","img":"https://fd9-photos.leclercdrive.fr/image.ashx?id=2723240&use=l&cat=p&typeid=i","cat":284953},{"id":28869,"n":"Parmentier canard Sud Ouest NRT - 300g","p":2.99,"u":"9,97 €/KG","img":"https://fd9-photos.leclercdrive.fr/image.ashx?id=2925210&use=l&cat=p&typeid=i","cat":284953},{"id":28872,"n":"Saucisses de Toulouse lentilles NRT - 300g","p":2.36,"u":"7,87 €/KG","img":"https://fd9-photos.leclercdrive.fr/image.ashx?id=2723234&use=l&cat=p&typeid=i","cat":284953},{"id":28873,"n":"Thon blanc Bretagne NRT huile d'olive - 160g","p":2.88,"u":"18,00 €/KG","img":"https://fd9-photos.leclercdrive.fr/image.ashx?id=2791099&use=l&cat=p&typeid=i","cat":303867},{"id":28874,"n":"Thon blanc Bretagne NRT Nature - 160g","p":2.69,"u":"16,81 €/KG","img":"https://fd9-photos.leclercdrive.fr/image.ashx?id=2775445&use=l&cat=p&typeid=i","cat":303867},{"id":28941,"n":"Potage gourmand Régal Soupe Légumes et fromage fondu - 1L","p":2.42,"u":"2,42 €/L","img":"https://fd9-photos.leclercdrive.fr/image.ashx?id=2607524&use=l&cat=p&typeid=i","cat":284462},{"id":28966,"n":"Liqueur Malibu Coco 18% vol - 70cl","p":10.31,"u":"14,73 €/L","img":"https://fd9-photos.leclercdrive.fr/image.ashx?id=2993481&use=l&cat=p&typeid=i","cat":284551},{"id":28971,"n":"Saumon fumé Ronde des Mers Ecosse Label rouge x2 - 80g","p":4.99,"u":"62,38 €/KG","img":"https://fd9-photos.leclercdrive.fr/image.ashx?id=2174699&use=l&cat=p&typeid=i","cat":285188},{"id":28974,"n":"Saumon fumé MSC Sauvage Ronde des Mers x4T - 120g","p":6.65,"u":"55,42 €/KG","img":"https://fd9-photos.leclercdrive.fr/image.ashx?id=2837692&use=l&cat=p&typeid=i","cat":285188},{"id":28996,"n":"Mayonnaise de Dijon AMORA 235g","p":1.96,"u":"8,34 €/KG","img":"https://fd9-photos.leclercdrive.fr/image.ashx?id=2946649&use=l&cat=p&typeid=i","cat":298295},{"id":28999,"n":"Mayonnaise de Dijon Amora Sans conservateur  - 415g","p":2.22,"u":"5,35 €/KG","img":"https://fd9-photos.leclercdrive.fr/image.ashx?id=2964207&use=l&cat=p&typeid=i","cat":298295},{"id":29000,"n":"Mayonnaise de Dijon Amora 710g","p":3.26,"u":"4,59 €/KG","img":"https://fd9-photos.leclercdrive.fr/image.ashx?id=2598672&use=l&cat=p&typeid=i","cat":298295},{"id":29006,"n":"Escargots préparés Eco+ Recette bourguignonne - 89g","p":2.99,"u":"33,60 €/KG","img":"https://fd9-photos.leclercdrive.fr/image.ashx?id=2794758&use=l&cat=p&typeid=i","cat":319775},{"id":29013,"n":"Foie gras canard IGP Périgord Entier NRT - 125g","p":12.5,"u":"100,00 €/KG","img":"https://fd9-photos.leclercdrive.fr/image.ashx?id=2743876&use=l&cat=p&typeid=i","cat":316008},{"id":29015,"n":"Foie gras de canard entier Bocal - 180g","p":12.9,"u":"71,67 €/KG","img":"https://fd9-photos.leclercdrive.fr/image.ashx?id=1899030&use=l&cat=p&typeid=i","cat":316008},{"id":29017,"n":"Bloc de Foie gras canard 200g","p":9.49,"u":"47,45 €/KG","img":"https://fd9-photos.leclercdrive.fr/image.ashx?id=2422686&use=l&cat=p&typeid=i","cat":316008},{"id":29032,"n":"Chips Bret's Poulet braisé - 125g","p":1.17,"u":"9,36 €/KG","img":"https://fd9-photos.leclercdrive.fr/image.ashx?id=1927788&use=l&cat=p&typeid=i","cat":284447},{"id":29044,"n":"Cerneaux de noix Tablier Blanc 50g","p":1.3,"u":"26,00 €/KG","img":"https://fd9-photos.leclercdrive.fr/image.ashx?id=2460607&use=l&cat=p&typeid=i","cat":323809},{"id":29075,"n":"Sauce Tzatziki Tables du Monde 100g","p":0.9,"u":"9,00 €/KG","img":"https://fd9-photos.leclercdrive.fr/image.ashx?id=2872445&use=l&cat=p&typeid=i","cat":315999},{"id":29095,"n":"Yaourts brassés Délisse Vanille - 8x125g","p":2.65,"u":"2,65 €/KG","img":"https://fd9-photos.leclercdrive.fr/image.ashx?id=2372338&use=l&cat=p&typeid=i","cat":284410},{"id":29116,"n":"Bonbons sans sucres Confiséo Goût réglisse - 150g","p":2.64,"u":"17,60 €/KG","img":"https://fd9-photos.leclercdrive.fr/image.ashx?id=2934703&use=l&cat=p&typeid=i","cat":304250},{"id":29117,"n":"Bonbons sans sucres Confiséo Menthe - 150g","p":1.98,"u":"13,20 €/KG","img":"https://fd9-photos.leclercdrive.fr/image.ashx?id=2934697&use=l&cat=p&typeid=i","cat":304252},{"id":29119,"n":"Potage gourmand Régal Soupe 8 légumes à la crème - 1L","p":1.69,"u":"1,69 €/L","img":"https://fd9-photos.leclercdrive.fr/image.ashx?id=2607521&use=l&cat=p&typeid=i","cat":284462},{"id":29129,"n":"Bonbons acidulés Confiséo Aux fruits - 400g","p":2.65,"u":"6,63 €/KG","img":"https://fd9-photos.leclercdrive.fr/image.ashx?id=2934706&use=l&cat=p&typeid=i","cat":304252},{"id":29133,"n":"Sacs poubelle Haute 50L Elembal Poignées coulissantes - x15","p":1.94,"u":"0,13 €/P","img":"https://fd9-photos.leclercdrive.fr/image.ashx?id=2958726&use=l&cat=p&typeid=i","cat":285168},{"id":29134,"n":"Mousse coiffante Vitanove Effet boucles - 200ml","p":1.48,"u":"7,40 €/L","img":"https://fd9-photos.leclercdrive.fr/image.ashx?id=2490040&use=l&cat=p&typeid=i","cat":284609},{"id":29151,"n":"Plaisir au chocolat Lenôtre Macaron et Mousse - 405g","p":7.51,"u":"18,54 €/KG","img":"https://fd9-photos.leclercdrive.fr/image.ashx?id=2807744&use=l&cat=p&typeid=i","cat":284266},{"id":29174,"n":"Lait de douche Manava Pêche de vigne - 250ml","p":0.94,"u":"3,76 €/L","img":"https://fd9-photos.leclercdrive.fr/image.ashx?id=1636779&use=l&cat=p&typeid=i","cat":284594},{"id":29189,"n":"Bûche de chèvre Bio Bio Village 180g","p":2.66,"u":"14,78 €/KG","img":"https://fd9-photos.leclercdrive.fr/image.ashx?id=2070437&use=l&cat=p&typeid=i","cat":314031},{"id":29334,"n":"Biscuits miel sésame GERBLE  crousti'son - 4x5 200g","p":1.71,"u":"8,55 €/KG","img":"https://fd9-photos.leclercdrive.fr/image.ashx?id=2662280&use=l&cat=p&typeid=i","cat":318651},{"id":29335,"n":"Barre pomme abricot Isostar  Céréal Max -165g","p":2.84,"u":"17,21 €/KG","img":"https://fd9-photos.leclercdrive.fr/image.ashx?id=2097938&use=l&cat=p&typeid=i","cat":318652},{"id":29336,"n":"Barre noisette chocolat Isostar  Céréal Max - 165g","p":2.7,"u":"16,36 €/KG","img":"https://fd9-photos.leclercdrive.fr/image.ashx?id=2676666&use=l&cat=p&typeid=i","cat":318652},{"id":29337,"n":"Biscuit miel châtaigne Gerblé   - 200g","p":1.98,"u":"9,90 €/KG","img":"https://fd9-photos.leclercdrive.fr/image.ashx?id=2664010&use=l&cat=p&typeid=i","cat":318651},{"id":29353,"n":"Barre multifruits ISOSTAR  Multifruits - x3 barres - 60g","p":1.88,"u":"31,33 €/KG","img":"https://fd9-photos.leclercdrive.fr/image.ashx?id=2306510&use=l&cat=p&typeid=i","cat":318652},{"id":29354,"n":"Caramels tendres Confiséo 4 parfums 450g","p":3.14,"u":"6,98 €/KG","img":"https://fd9-photos.leclercdrive.fr/image.ashx?id=2934685&use=l&cat=p&typeid=i","cat":304250},{"id":29358,"n":"Pur jus pamplemousse Jafaden Rose - 1L","p":1.67,"u":"1,67 €/L","img":"https://fd9-photos.leclercdrive.fr/image.ashx?id=2869269&use=l&cat=p&typeid=i","cat":284914},{"id":29360,"n":"AOP Cabernet d'Anjou vin rosé Les Caractères - BIB 5L","p":21.49,"u":"4,30 €/L","img":"https://fd9-photos.leclercdrive.fr/image.ashx?id=2913672&use=l&cat=p&typeid=i","cat":289560},{"id":29361,"n":"Sacs poubelle haute 30L Elembal Poignées coulissantes - x25","p":3.23,"u":"0,13 €/P","img":"https://fd9-photos.leclercdrive.fr/image.ashx?id=2958723&use=l&cat=p&typeid=i","cat":285168},{"id":29368,"n":"Boisson à base de vin blanc saveur pêche Festalie - 75 cl","p":2.75,"u":"3,67 €/L","img":"https://fd9-photos.leclercdrive.fr/image.ashx?id=2774894&use=l&cat=p&typeid=i","cat":304569},{"id":29369,"n":"AOC Côtes du Rhône vin rosé Grégoire XI - BIB 3L","p":9.99,"u":"3,33 €/L","img":"https://fd9-photos.leclercdrive.fr/image.ashx?id=2677071&use=l&cat=p&typeid=i","cat":289560},{"id":29370,"n":"AOP Crémant de Loire brut Les Caractères - 75cl","p":4.99,"u":"6,65 €/L","img":"https://fd9-photos.leclercdrive.fr/image.ashx?id=2898844&use=l&cat=p&typeid=i","cat":284545},{"id":29376,"n":"AOC Crémant de Limoux brut  Prieur Barsanne - 75cl","p":5.39,"u":"7,19 €/L","img":"https://fd9-photos.leclercdrive.fr/image.ashx?id=2709662&use=l&cat=p&typeid=i","cat":284545},{"id":29378,"n":"AOP Côtes du Rhône rouge Bio Rives & Terrasses - 3L","p":13.99,"u":"4,66 €/L","img":"https://fd9-photos.leclercdrive.fr/image.ashx?id=2742626&use=l&cat=p&typeid=i","cat":289560},{"id":29396,"n":"Mousse coiffante Vitanove Effet volume - 200ml","p":1.48,"u":"7,40 €/L","img":"https://fd9-photos.leclercdrive.fr/image.ashx?id=2490037&use=l&cat=p&typeid=i","cat":284609},{"id":29419,"n":"Tortillas chips Tokapi Nature - 150g","p":0.55,"u":"3,67 €/KG","img":"https://fd9-photos.leclercdrive.fr/image.ashx?id=2647955&use=l&cat=p&typeid=i","cat":287899},{"id":29442,"n":"Boules de graines Pictou x50","p":7.9,"u":"1,76 €/KG","img":"https://fd9-photos.leclercdrive.fr/image.ashx?id=2021661&use=l&cat=p&typeid=i","cat":284678},{"id":29493,"n":"Tomato Ketchup Bio Heinz - 580g","p":2.56,"u":"4,41 €/KG","img":"https://fd9-photos.leclercdrive.fr/image.ashx?id=2927726&use=l&cat=p&typeid=i","cat":284455},{"id":29535,"n":"Croûtons Epi d'Or Ail - 2x90g","p":1.19,"u":"6,61 €/KG","img":"https://fd9-photos.leclercdrive.fr/image.ashx?id=2606049&use=l&cat=p&typeid=i","cat":284464},{"id":29570,"n":"Saucisson Petit Justin Bridou  Bâton de Berger Nature - 160g","p":3.4,"u":"21,25 €/KG","img":"https://fd9-photos.leclercdrive.fr/image.ashx?id=2894893&use=l&cat=p&typeid=i","cat":316006},{"id":29701,"n":"Bonbons Confiséo Menthe fraîcheur - 360g","p":1.87,"u":"5,19 €/KG","img":"https://fd9-photos.leclercdrive.fr/image.ashx?id=2934682&use=l&cat=p&typeid=i","cat":304252},{"id":29718,"n":"La Belle Escalope de Dinde  Le Gaulois x2 - 240g","p":3.99,"u":"16,63 €/KG","img":"https://fd9-photos.leclercdrive.fr/image.ashx?id=2259646&use=l&cat=p&typeid=i","cat":284337},{"id":29724,"n":"Escalope de dinde Le Gaulois Milanaise x2 - 240g","p":4.4,"u":"18,33 €/KG","img":"https://fd9-photos.leclercdrive.fr/image.ashx?id=2259652&use=l&cat=p&typeid=i","cat":284337},{"id":29751,"n":"Apéritif Lagoa Cocktail Pêche sans alcool 75cl","p":2.99,"u":"3,99 €/L","img":"https://fd9-photos.leclercdrive.fr/image.ashx?id=2817163&use=l&cat=p&typeid=i","cat":284549},{"id":29754,"n":"Eau gazeuse La Pétillante Citron sans sucre - 1L","p":0.4,"u":"0,40 €/L","img":"https://fd9-photos.leclercdrive.fr/image.ashx?id=2590442&use=l&cat=p&typeid=i","cat":284536},{"id":29764,"n":"Galettes blé noir Bio village Bio x4 - 200g","p":1.83,"u":"9,15 €/KG","img":"https://fd9-photos.leclercdrive.fr/image.ashx?id=2907258&use=l&cat=p&typeid=i","cat":333672},{"id":29765,"n":"Eau gazeuse aromatisée Badoit citron sans sucres - 1l","p":0.92,"u":"0,92 €/L","img":"https://fd9-photos.leclercdrive.fr/image.ashx?id=2730634&use=l&cat=p&typeid=i","cat":284537},{"id":29767,"n":"Eau gazeuse aromatisée Badoit citron vert sans sucres- 1L","p":0.79,"u":"0,79 €/L","img":"https://fd9-photos.leclercdrive.fr/image.ashx?id=3011044&use=l&cat=p&typeid=i","cat":284537},{"id":29773,"n":"Eau minérale naturelle Mag Source de magnésium - 6x1L","p":2.28,"u":"0,38 €/L","img":"https://fd9-photos.leclercdrive.fr/image.ashx?id=2966364&use=l&cat=p&typeid=i","cat":284535},{"id":29794,"n":"Triangolo Fromage enfants vache Les Croisés 24 portions - 400g","p":2.67,"u":"6,68 €/KG","img":"https://fd9-photos.leclercdrive.fr/image.ashx?id=2791779&use=l&cat=p&typeid=i","cat":314030},{"id":29795,"n":"Fromage à tartiner Les Croisés Ail et fines herbes 24%mg 250g","p":2.09,"u":"8,36 €/KG","img":"https://fd9-photos.leclercdrive.fr/image.ashx?id=2476143&use=l&cat=p&typeid=i","cat":314029},{"id":29799,"n":"Galettes jambon emmental NRT x2 - 300g","p":3.78,"u":"12,60 €/KG","img":"https://fd9-photos.leclercdrive.fr/image.ashx?id=2743882&use=l&cat=p&typeid=i","cat":333672},{"id":29800,"n":"Galettes Pdt lardons oignons NRT x2 - 300g","p":3.79,"u":"12,63 €/KG","img":"https://fd9-photos.leclercdrive.fr/image.ashx?id=2982703&use=l&cat=p&typeid=i","cat":333672},{"id":29802,"n":"Kit Pâte à pizza Tablier Blanc 600g","p":2.59,"u":"4,32 €/KG","img":"https://fd9-photos.leclercdrive.fr/image.ashx?id=1731167&use=l&cat=p&typeid=i","cat":333681},{"id":29803,"n":"Jambon de Vendée IGP NRT X4 - 120g","p":3.92,"u":"32,67 €/KG","img":"https://fd9-photos.leclercdrive.fr/image.ashx?id=2670446&use=l&cat=p&typeid=i","cat":316007},{"id":29816,"n":"Bicarbonate alimentaire La Baleine - 800g","p":2.43,"u":"3,04 €/KG","img":"https://fd9-photos.leclercdrive.fr/image.ashx?id=2468335&use=l&cat=p&typeid=i","cat":284457},{"id":29824,"n":"Liqueur Lagoa Goût coco 17%vol - 70cl","p":8.8,"u":"12,57 €/L","img":"https://fd9-photos.leclercdrive.fr/image.ashx?id=2958332&use=l&cat=p&typeid=i","cat":284551},{"id":29828,"n":"Tarte Côté Table Chèvre épinards - 350g","p":2.9,"u":"8,29 €/KG","img":"https://fd9-photos.leclercdrive.fr/image.ashx?id=2858830&use=l&cat=p&typeid=i","cat":333680},{"id":29838,"n":"Bouillon cubes Knorr Bœuf - x15 cubes - 150g","p":1.19,"u":"7,93 €/KG","img":"https://fd9-photos.leclercdrive.fr/image.ashx?id=2848542&use=l&cat=p&typeid=i","cat":288379},{"id":29841,"n":"Bouillon de Poule KNORR 15 Tablettes - 150g","p":1.19,"u":"7,93 €/KG","img":"https://fd9-photos.leclercdrive.fr/image.ashx?id=2906043&use=l&cat=p&typeid=i","cat":288379},{"id":29845,"n":"Moulin saveur Ducros Assaisonnement steak - 35g","p":2.88,"u":"82,29 €/KG","img":"https://fd9-photos.leclercdrive.fr/image.ashx?id=2559448&use=l&cat=p&typeid=i","cat":298297},{"id":29854,"n":"Beurre de Bretagne Les Croisés Doux - 82% MG - 250g","p":2.61,"u":"10,44 €/KG","img":"https://fd9-photos.leclercdrive.fr/image.ashx?id=2778042&use=l&cat=p&typeid=i","cat":284379},{"id":29855,"n":"Beurre de Bretagne Les Croisés Demi-sel - 80% MG - 250g","p":2.61,"u":"10,44 €/KG","img":"https://fd9-photos.leclercdrive.fr/image.ashx?id=2778048&use=l&cat=p&typeid=i","cat":284379},{"id":29856,"n":"Beurre Extra fin Les Croisés Doux - 82 % MG - 125g","p":1.45,"u":"11,60 €/KG","img":"https://fd9-photos.leclercdrive.fr/image.ashx?id=2791275&use=l&cat=p&typeid=i","cat":284379},{"id":29861,"n":"Boisson lactée Délisse Fraise - 6x20cl","p":2.13,"u":"1,78 €/L","img":"https://fd9-photos.leclercdrive.fr/image.ashx?id=2174693&use=l&cat=p&typeid=i","cat":295246},{"id":29862,"n":"Champignons Bio Bio Village Emincés - 600g","p":2.99,"u":"4,98 €/KG","img":"https://fd9-photos.leclercdrive.fr/image.ashx?id=2891815&use=l&cat=p&typeid=i","cat":319805},{"id":29864,"n":"Crème fraîche entière Délisse Fleurette - 30% MG - 40cl","p":1.72,"u":"4,30 €/L","img":"https://fd9-photos.leclercdrive.fr/image.ashx?id=3002575&use=l&cat=p&typeid=i","cat":284381},{"id":29865,"n":"Crème fraîche légère Délisse Fleurette - 12% MG - 40cl","p":1.62,"u":"4,05 €/L","img":"https://fd9-photos.leclercdrive.fr/image.ashx?id=3002578&use=l&cat=p&typeid=i","cat":284381},{"id":29866,"n":"Crème légère fluide UHT Délisse Brique 12%mg - 1L","p":3.39,"u":"3,39 €/L","img":"https://fd9-photos.leclercdrive.fr/image.ashx?id=3002584&use=l&cat=p&typeid=i","cat":284381},{"id":29870,"n":"Crème d'Isigny AOP NRT 40%MG - 20cl","p":1.79,"u":"8,95 €/L","img":"https://fd9-photos.leclercdrive.fr/image.ashx?id=2184859&use=l&cat=p&typeid=i","cat":284381},{"id":29872,"n":"Crème semi-épaisse légère UHT Délisse 18%mg - 2x25cl","p":2.34,"u":"4,68 €/L","img":"https://fd9-photos.leclercdrive.fr/image.ashx?id=3002593&use=l&cat=p&typeid=i","cat":284381},{"id":29874,"n":"Emincés poireaux Notre Jardin A la crème 750g","p":2.55,"u":"3,40 €/KG","img":"https://fd9-photos.leclercdrive.fr/image.ashx?id=2873144&use=l&cat=p&typeid=i","cat":319805},{"id":29896,"n":"Peppermint Whist Club 17%vol. - 70cl","p":6.99,"u":"9,99 €/L","img":"https://fd9-photos.leclercdrive.fr/image.ashx?id=1730735&use=l&cat=p&typeid=i","cat":286032},{"id":29897,"n":"Liqueur pomme verte Manzella 17%vol. - 70cl","p":6.5,"u":"9,29 €/L","img":"https://fd9-photos.leclercdrive.fr/image.ashx?id=2715997&use=l&cat=p&typeid=i","cat":286032},{"id":29913,"n":"Bière belge Rince Cochon Fruits rouges - 7.5%vol. - 33cl","p":2.15,"u":"6,52 €/L","img":"https://fd9-photos.leclercdrive.fr/image.ashx?id=2694698&use=l&cat=p&typeid=i","cat":334872},{"id":29927,"n":"Bière belge Rince Cochon Blonde - 8.5%vol. - 75cl","p":3.44,"u":"4,59 €/L","img":"https://fd9-photos.leclercdrive.fr/image.ashx?id=1741463&use=l&cat=p&typeid=i","cat":334872},{"id":30027,"n":"Tubes d'encornets Pêche Océan Sachet 750g","p":11.85,"u":"15,80 €/KG","img":"https://fd9-photos.leclercdrive.fr/image.ashx?id=2217942&use=l&cat=p&typeid=i","cat":319786},{"id":30029,"n":"Poêlée champignons Notre Jardin Forestière - 400g","p":4.66,"u":"11,65 €/KG","img":"https://fd9-photos.leclercdrive.fr/image.ashx?id=2771372&use=l&cat=p&typeid=i","cat":319823},{"id":30042,"n":"Lait frais demi-écrémé Délisse Bouteille - 1L","p":1.12,"u":"1,12 €/L","img":"https://fd9-photos.leclercdrive.fr/image.ashx?id=2970581&use=l&cat=p&typeid=i","cat":285609},{"id":30043,"n":"Lait frais Délisse Entier Bouteille - 1L","p":1.33,"u":"1,33 €/L","img":"https://fd9-photos.leclercdrive.fr/image.ashx?id=2970584&use=l&cat=p&typeid=i","cat":285609},{"id":30045,"n":"Lait fermenté Délisse 1L","p":1.39,"u":"1,39 €/L","img":"https://fd9-photos.leclercdrive.fr/image.ashx?id=1889087&use=l&cat=p&typeid=i","cat":285609},{"id":30051,"n":"Mini gratins Côté Table Choux fleurs - x4 480g","p":3.19,"u":"6,65 €/KG","img":"https://fd9-photos.leclercdrive.fr/image.ashx?id=2029370&use=l&cat=p&typeid=i","cat":319802},{"id":30053,"n":"Nuggets de poulet Pic'Express x18 400g","p":4.15,"u":"10,38 €/KG","img":"https://fd9-photos.leclercdrive.fr/image.ashx?id=2823747&use=l&cat=p&typeid=i","cat":319780},{"id":30055,"n":"Légumes pour potage Bio Bio Village - 600g","p":1.99,"u":"3,32 €/KG","img":"https://fd9-photos.leclercdrive.fr/image.ashx?id=2891818&use=l&cat=p&typeid=i","cat":319805},{"id":30056,"n":"Ratatouille Bio Bio Village Cuisinée - 600g","p":3.49,"u":"5,82 €/KG","img":"https://fd9-photos.leclercdrive.fr/image.ashx?id=2891821&use=l&cat=p&typeid=i","cat":319823},{"id":30059,"n":"Trio de fleurette Notre Jardin 1kg","p":2.48,"u":"2,48 €/KG","img":"https://fd9-photos.leclercdrive.fr/image.ashx?id=2873141&use=l&cat=p&typeid=i","cat":319805},{"id":30067,"n":"Assaisonnement En Poudre KNORR Secret d’Arômes Tube - 60g","p":1.31,"u":"21,83 €/KG","img":"https://fd9-photos.leclercdrive.fr/image.ashx?id=3014401&use=l&cat=p&typeid=i","cat":298297},{"id":30084,"n":"Bacon Saint Azay 100g","p":1.62,"u":"16,20 €/KG","img":"https://fd9-photos.leclercdrive.fr/image.ashx?id=2943653&use=l&cat=p&typeid=i","cat":316007},{"id":30086,"n":"Blanc de dinde Tradilège x4 - 120g","p":1.79,"u":"14,92 €/KG","img":"https://fd9-photos.leclercdrive.fr/image.ashx?id=2840395&use=l&cat=p&typeid=i","cat":316010},{"id":30089,"n":"Blanc de poulet Tradilège 6 tranches - 180g","p":1.51,"u":"8,39 €/KG","img":"https://fd9-photos.leclercdrive.fr/image.ashx?id=2943677&use=l&cat=p&typeid=i","cat":316010},{"id":30091,"n":"Blanc de dinde Tradilège 6 tranches 180g","p":1.96,"u":"10,89 €/KG","img":"https://fd9-photos.leclercdrive.fr/image.ashx?id=2974867&use=l&cat=p&typeid=i","cat":316010},{"id":30094,"n":"Jambon à griller Tradilège 2 tranches 160g","p":2.42,"u":"15,13 €/KG","img":"https://fd9-photos.leclercdrive.fr/image.ashx?id=2984176&use=l&cat=p&typeid=i","cat":316009},{"id":30108,"n":"Poitrine Nature Tradilège Tranches fines - 2x7T - 200g","p":2.55,"u":"12,75 €/KG","img":"https://fd9-photos.leclercdrive.fr/image.ashx?id=2852270&use=l&cat=p&typeid=i","cat":316011},{"id":30110,"n":"Pommes de terre NRT à la Sarladaise - 600g","p":2.99,"u":"4,98 €/KG","img":"https://fd9-photos.leclercdrive.fr/image.ashx?id=2699816&use=l&cat=p&typeid=i","cat":319823},{"id":30128,"n":"Céréales Chocapic Nestlé Chocolat - 1kg","p":5.41,"u":"5,41 €/KG","img":"https://fd9-photos.leclercdrive.fr/image.ashx?id=2977729&use=l&cat=p&typeid=i","cat":309513},{"id":30144,"n":"Croquettes chiens adulte Ultima Medium/maxi - poulet 7.5kg","p":21.6,"u":"2,88 €/KG","img":"https://fd9-photos.leclercdrive.fr/image.ashx?id=2872033&use=l&cat=p&typeid=i","cat":284672},{"id":30150,"n":"Eau aromatisée Volvic Juicy Agrumes -1,5L","p":1.49,"u":"0,99 €/L","img":"https://fd9-photos.leclercdrive.fr/image.ashx?id=2961987&use=l&cat=p&typeid=i","cat":284537},{"id":30164,"n":"Soin jour L'Oréal Age Perfect Peaux matures 2x50ml","p":16.38,"u":"327,60 €/L","img":"https://fd9-photos.leclercdrive.fr/image.ashx?id=2422749&use=l&cat=p&typeid=i","cat":325345},{"id":30165,"n":"Soin nuit L'Oréal Age Perfect Collagen boost - 2x50ml","p":19.15,"u":"191,50 €/L","img":"https://fd9-photos.leclercdrive.fr/image.ashx?id=2422752&use=l&cat=p&typeid=i","cat":325345},{"id":30185,"n":"Haché moelleux oignon Férial x10 - 1kg","p":7.49,"u":"7,49 €/KG","img":"https://fd9-photos.leclercdrive.fr/image.ashx?id=2704517&use=l&cat=p&typeid=i","cat":319778},{"id":30186,"n":"Haché moelleux Férial x10 - 1kg","p":9.73,"u":"9,73 €/KG","img":"https://fd9-photos.leclercdrive.fr/image.ashx?id=2966514&use=l&cat=p&typeid=i","cat":319778},{"id":30188,"n":"Steak haché bio - Bio Village  15%mg x4 - 400g","p":8.25,"u":"20,63 €/KG","img":"https://fd9-photos.leclercdrive.fr/image.ashx?id=2840422&use=l&cat=p&typeid=i","cat":319778},{"id":30189,"n":"Tortillas chips Tokapi Chili - 150g","p":0.99,"u":"6,60 €/KG","img":"https://fd9-photos.leclercdrive.fr/image.ashx?id=2647958&use=l&cat=p&typeid=i","cat":287899},{"id":30195,"n":"IGP Vin de Pays de l'Hérault Rouge JL Parsat 11.5%vol BIB 5L","p":9.95,"u":"1,99 €/L","img":"https://fd9-photos.leclercdrive.fr/image.ashx?id=2572197&use=l&cat=p&typeid=i","cat":289560},{"id":30213,"n":"Soufflés l'Original Curly Cacahuète - 2x100g","p":1.69,"u":"8,45 €/KG","img":"https://fd9-photos.leclercdrive.fr/image.ashx?id=2962887&use=l&cat=p&typeid=i","cat":284449},{"id":30256,"n":"Pâte à tartiner Nutella 825g","p":5.77,"u":"6,99 €/KG","img":"https://fd9-photos.leclercdrive.fr/image.ashx?id=2961813&use=l&cat=p&typeid=i","cat":284481},{"id":30272,"n":"IGP Pays d'Oc rouge Merlot Les Ormes de Cambras 12.5% BIB 5L","p":15.5,"u":"3,10 €/L","img":"https://fd9-photos.leclercdrive.fr/image.ashx?id=2443871&use=l&cat=p&typeid=i","cat":289560},{"id":30273,"n":"IGP Pays d'OC rouge Les Ormes De Cambras Sauvignon 12% BIB 5L","p":15.5,"u":"3,10 €/L","img":"https://fd9-photos.leclercdrive.fr/image.ashx?id=2445115&use=l&cat=p&typeid=i","cat":289560},{"id":30349,"n":"Nettoyant écologique Uni Vert Salle de bain - 750ml","p":2.06,"u":"2,75 €/L","img":"https://fd9-photos.leclercdrive.fr/image.ashx?id=2531178&use=l&cat=p&typeid=i","cat":325357},{"id":30350,"n":"Nettoyant écologique Uni Vert Cuisine - 750ml","p":2.02,"u":"2,69 €/L","img":"https://fd9-photos.leclercdrive.fr/image.ashx?id=2531175&use=l&cat=p&typeid=i","cat":325357},{"id":30364,"n":"Bonbons Werther's Original Caramel sachet 175g","p":1.94,"u":"11,09 €/KG","img":"https://fd9-photos.leclercdrive.fr/image.ashx?id=1916700&use=l&cat=p&typeid=i","cat":304252},{"id":30365,"n":"Arôme vanille Sainte Lucie Flacon 250ml","p":3.28,"u":"13,12 €/L","img":"https://fd9-photos.leclercdrive.fr/image.ashx?id=2774367&use=l&cat=p&typeid=i","cat":284504},{"id":30369,"n":"Arôme vanille Sainte Lucie Naturel 20ml","p":2.5,"u":"125,00 €/L","img":"https://fd9-photos.leclercdrive.fr/image.ashx?id=2174910&use=l&cat=p&typeid=i","cat":284504},{"id":30372,"n":"Fleur de Maïs Maïzena Sans Gluten Format Famille 700g","p":2.47,"u":"3,53 €/KG","img":"https://fd9-photos.leclercdrive.fr/image.ashx?id=2773907&use=l&cat=p&typeid=i","cat":288382},{"id":30373,"n":"Pralin doré Sainte Lucie Broyé fin sachet 75g","p":1.6,"u":"21,33 €/KG","img":"https://fd9-photos.leclercdrive.fr/image.ashx?id=2122775&use=l&cat=p&typeid=i","cat":284504},{"id":30379,"n":"Fixateur chantilly Sainte Lucie Sachet x5 15g","p":1.1,"u":"73,33 €/KG","img":"https://fd9-photos.leclercdrive.fr/image.ashx?id=2513313&use=l&cat=p&typeid=i","cat":284504},{"id":30395,"n":"Piment d'Espelette AOP Ducros - 40g","p":9.18,"u":"229,50 €/KG","img":"https://fd9-photos.leclercdrive.fr/image.ashx?id=2559463&use=l&cat=p&typeid=i","cat":298297},{"id":30397,"n":"Levure boulangerie Sainte Lucie Super active sachet x5 40g","p":1.4,"u":"35,00 €/KG","img":"https://fd9-photos.leclercdrive.fr/image.ashx?id=2829946&use=l&cat=p&typeid=i","cat":294686},{"id":30398,"n":"Noix ambrées Sainte Lucie Cerneaux - 50g","p":1.75,"u":"35,00 €/KG","img":"https://fd9-photos.leclercdrive.fr/image.ashx?id=2775104&use=l&cat=p&typeid=i","cat":323809},{"id":30407,"n":"Dés de fromage salade Boursin Ail & fines herbes -120g","p":2.4,"u":"20,00 €/KG","img":"https://fd9-photos.leclercdrive.fr/image.ashx?id=2864366&use=l&cat=p&typeid=i","cat":314027},{"id":30410,"n":"Lasagnes bolognaise Marie 300g","p":3.19,"u":"10,63 €/KG","img":"https://fd9-photos.leclercdrive.fr/image.ashx?id=2800339&use=l&cat=p&typeid=i","cat":333665},{"id":30413,"n":"Pommeau de Normandie NRT  17%vol. - 70cl","p":8.6,"u":"12,29 €/L","img":"https://fd9-photos.leclercdrive.fr/image.ashx?id=1647898&use=l&cat=p&typeid=i","cat":284913},{"id":30414,"n":"Muscat de Mireval AOC NRT  15%vol - 75cl","p":9.17,"u":"12,23 €/L","img":"https://fd9-photos.leclercdrive.fr/image.ashx?id=2768469&use=l&cat=p&typeid=i","cat":284913},{"id":30415,"n":"IGP Pays d'Oc rouge J-P Chenet Cabernet Syrah 13% vol - BIB 3L","p":10.35,"u":"3,45 €/L","img":"https://fd9-photos.leclercdrive.fr/image.ashx?id=2837451&use=l&cat=p&typeid=i","cat":289560},{"id":30420,"n":"Pizza Cuite sur pierre Turini Royale familiale - 570g","p":2.84,"u":"4,98 €/KG","img":"https://fd9-photos.leclercdrive.fr/image.ashx?id=2815241&use=l&cat=p&typeid=i","cat":284256},{"id":30477,"n":"Chocolat Pâtissier Nestlé Dessert : Praliné - 170g","p":3.0,"u":"17,65 €/KG","img":"https://fd9-photos.leclercdrive.fr/image.ashx?id=2895637&use=l&cat=p&typeid=i","cat":285562},{"id":30520,"n":"Fromage apéritif BoursinFromage Ail et fines herbes 20 roulés","p":3.47,"u":"34,70 €/KG","img":"https://fd9-photos.leclercdrive.fr/image.ashx?id=2918589&use=l&cat=p&typeid=i","cat":314027},{"id":30534,"n":"Gésiers de canard du Sud-Ouest tranchés - NRT - 120g","p":4.45,"u":"37,08 €/KG","img":"https://fd9-photos.leclercdrive.fr/image.ashx?id=2819962&use=l&cat=p&typeid=i","cat":284715},{"id":30563,"n":"Coquillettes Lustucru Aux oeufs frais - 500g","p":1.79,"u":"3,58 €/KG","img":"https://fd9-photos.leclercdrive.fr/image.ashx?id=2799856&use=l&cat=p&typeid=i","cat":284427},{"id":30570,"n":"Sauce Tube Ail Oignons Panzani Panzani - 180G","p":1.18,"u":"6,56 €/KG","img":"https://fd9-photos.leclercdrive.fr/image.ashx?id=3004804&use=l&cat=p&typeid=i","cat":288384},{"id":30572,"n":"Pur jus de pomme Jafaden 1L","p":2.15,"u":"2,15 €/L","img":"https://fd9-photos.leclercdrive.fr/image.ashx?id=2916701&use=l&cat=p&typeid=i","cat":285435},{"id":30573,"n":"Edulcorant sucralose Canderel Briquet x300","p":2.97,"u":"95,81 €/KG","img":"https://fd9-photos.leclercdrive.fr/image.ashx?id=2811014&use=l&cat=p&typeid=i","cat":324846},{"id":30575,"n":"Happy' Box Haribo Boîte bonbons - 600g","p":4.21,"u":"7,02 €/KG","img":"https://fd9-photos.leclercdrive.fr/image.ashx?id=2802353&use=l&cat=p&typeid=i","cat":304250},{"id":30576,"n":"Zanzigliss Haribo Sachet bonbons réglisse - 300g","p":1.49,"u":"4,97 €/KG","img":"https://fd9-photos.leclercdrive.fr/image.ashx?id=2802347&use=l&cat=p&typeid=i","cat":304250},{"id":30577,"n":"Les Schtroumpfs Pik Haribo Sachet bonbons acidulés - 275g","p":1.56,"u":"5,67 €/KG","img":"https://fd9-photos.leclercdrive.fr/image.ashx?id=2984898&use=l&cat=p&typeid=i","cat":304250},{"id":30578,"n":"Bonbons LUTTI Scoubidou Doux Fruits - 200g","p":1.25,"u":"6,25 €/KG","img":"https://fd9-photos.leclercdrive.fr/image.ashx?id=2817434&use=l&cat=p&typeid=i","cat":304250},{"id":30582,"n":"Petit pot de crème Délisse Vanille - 8x100g","p":3.45,"u":"4,31 €/KG","img":"https://fd9-photos.leclercdrive.fr/image.ashx?id=2544976&use=l&cat=p&typeid=i","cat":285041},{"id":30587,"n":"Yaourts châtaignes Bio village Bio au lait de brebis - 2x125g","p":1.67,"u":"6,68 €/KG","img":"https://fd9-photos.leclercdrive.fr/image.ashx?id=2658593&use=l&cat=p&typeid=i","cat":314998},{"id":30588,"n":"Yaourts de Savoie NRT  Pêche Abricot - 4x150g","p":2.35,"u":"3,92 €/KG","img":"https://fd9-photos.leclercdrive.fr/image.ashx?id=2920806&use=l&cat=p&typeid=i","cat":284410},{"id":30591,"n":"Yaourts Savoie NRT  Poire Mirabelle - 4x150g","p":2.35,"u":"3,92 €/KG","img":"https://fd9-photos.leclercdrive.fr/image.ashx?id=2920809&use=l&cat=p&typeid=i","cat":284410},{"id":30592,"n":"Fromage blanc Délisse Sucré 3% MG - 8x100g","p":2.29,"u":"2,86 €/KG","img":"https://fd9-photos.leclercdrive.fr/image.ashx?id=1744463&use=l&cat=p&typeid=i","cat":284409},{"id":30599,"n":"Yaourts à boire Délisse Fraise - 4x100g","p":1.49,"u":"3,73 €/KG","img":"https://fd9-photos.leclercdrive.fr/image.ashx?id=2754889&use=l&cat=p&typeid=i","cat":284415},{"id":30600,"n":"Billes Chocolat au Lait KitKat Sachet  - 250g","p":3.91,"u":"15,64 €/KG","img":"https://fd9-photos.leclercdrive.fr/image.ashx?id=2806063&use=l&cat=p&typeid=i","cat":304238},{"id":30619,"n":"Jambon cru Aoste Quart Tranché  sans conservateur -  x18 - 220g","p":5.33,"u":"24,23 €/KG","img":"https://fd9-photos.leclercdrive.fr/image.ashx?id=2948057&use=l&cat=p&typeid=i","cat":316007},{"id":30639,"n":"Eau déminéralisée Finissime  5L","p":1.45,"u":"0,29 €/L","img":"https://fd9-photos.leclercdrive.fr/image.ashx?id=2467796&use=l&cat=p&typeid=i","cat":284653},{"id":30640,"n":"Lapin chasseur Côté Table 280g","p":2.2,"u":"7,86 €/KG","img":"https://fd9-photos.leclercdrive.fr/image.ashx?id=2393866&use=l&cat=p&typeid=i","cat":284953},{"id":30641,"n":"Son d'avoine bio Bio Village 500g","p":2.69,"u":"5,38 €/KG","img":"https://fd9-photos.leclercdrive.fr/image.ashx?id=2664334&use=l&cat=p&typeid=i","cat":309512},{"id":30645,"n":"Salade Notre Jardin Duo Mâche et Roquette - 125g","p":1.68,"u":"13,44 €/KG","img":"https://fd9-photos.leclercdrive.fr/image.ashx?id=2720172&use=l&cat=p&typeid=i","cat":284353},{"id":30653,"n":"Purée de carottes Florette 2x200g","p":2.89,"u":"7,23 €/KG","img":"https://fd9-photos.leclercdrive.fr/image.ashx?id=2790003&use=l&cat=p&typeid=i","cat":333665},{"id":30656,"n":"Bandes de cire froide Siliss Maillot aisselles - x16","p":2.19,"u":"0,14 €/P","img":"https://fd9-photos.leclercdrive.fr/image.ashx?id=2699450&use=l&cat=p&typeid=i","cat":325351},{"id":30697,"n":"Savon d'alep Manava 200g","p":3.99,"u":"19,95 €/KG","img":"https://fd9-photos.leclercdrive.fr/image.ashx?id=1952895&use=l&cat=p&typeid=i","cat":284597},{"id":30715,"n":"Désodorisant Texil Parfumé 500ml","p":2.61,"u":"5,22 €/L","img":"https://fd9-photos.leclercdrive.fr/image.ashx?id=2964568&use=l&cat=p&typeid=i","cat":290451},{"id":30729,"n":"Crème Dépilatoire Siliss Maillot aisselles - 100ml","p":1.79,"u":"17,90 €/L","img":"https://fd9-photos.leclercdrive.fr/image.ashx?id=2699687&use=l&cat=p&typeid=i","cat":325351},{"id":30768,"n":"Gel douche Manava Pétales d'Orient 100ml","p":0.8,"u":"8,00 €/L","img":"https://fd9-photos.leclercdrive.fr/image.ashx?id=1669982&use=l&cat=p&typeid=i","cat":284594},{"id":30780,"n":"Sacs poubelle 30L Eco+ x20","p":0.57,"u":"0,03 €/P","img":"https://fd9-photos.leclercdrive.fr/image.ashx?id=2801768&use=l&cat=p&typeid=i","cat":285168},{"id":30781,"n":"Sacs poubelle 50L Eco+ x10","p":0.41,"u":"0,04 €/P","img":"https://fd9-photos.leclercdrive.fr/image.ashx?id=1904756&use=l&cat=p&typeid=i","cat":285168},{"id":30791,"n":"Mouchoirs blancs 2 plis Eco+ Boîte mouchoirs en papier- x150","p":0.62,"img":"https://fd9-photos.leclercdrive.fr/image.ashx?id=2897751&use=l&cat=p&typeid=i","cat":284638},{"id":30808,"n":"Coton-tiges Eco+ Tige papier x200 bâtonnets","p":0.34,"img":"https://fd9-photos.leclercdrive.fr/image.ashx?id=2940893&use=l&cat=p&typeid=i","cat":284636},{"id":30813,"n":"Crème adhésive Dentamyl Hypoallergénique 50g","p":2.99,"u":"59,80 €/KG","img":"https://fd9-photos.leclercdrive.fr/image.ashx?id=2486796&use=l&cat=p&typeid=i","cat":285158},{"id":30815,"n":"Dissolvant Eco+ 250ml","p":1.33,"u":"5,32 €/L","img":"https://fd9-photos.leclercdrive.fr/image.ashx?id=1873934&use=l&cat=p&typeid=i","cat":325347},{"id":30816,"n":"Film étirable Eco+ 50m","p":0.95,"img":"https://fd9-photos.leclercdrive.fr/image.ashx?id=2048995&use=l&cat=p&typeid=i","cat":334134},{"id":30850,"n":"Blanquette veau Côté Table Champignons 285g","p":2.2,"u":"7,72 €/KG","img":"https://fd9-photos.leclercdrive.fr/image.ashx?id=2064822&use=l&cat=p&typeid=i","cat":284953},{"id":30856,"n":"Emincés de poulet Tradilège Rôti - 2x75g","p":2.09,"u":"13,93 €/KG","img":"https://fd9-photos.leclercdrive.fr/image.ashx?id=2994366&use=l&cat=p&typeid=i","cat":316011},{"id":30882,"n":"Bloc de fromage Leerdammer L'Original - 250g","p":3.25,"u":"13,00 €/KG","img":"https://fd9-photos.leclercdrive.fr/image.ashx?id=2146096&use=l&cat=p&typeid=i","cat":314034},{"id":30898,"n":"Gâteaux aux pépites chocolat x6 Chaque Jour Sans Gluten 230g","p":3.21,"u":"13,96 €/KG","img":"https://fd9-photos.leclercdrive.fr/image.ashx?id=2691249&use=l&cat=p&typeid=i","cat":318654},{"id":30900,"n":"Biscuits sablés Sans gluten Chocolat noir - 150g","p":3.46,"u":"23,07 €/KG","img":"https://fd9-photos.leclercdrive.fr/image.ashx?id=2669741&use=l&cat=p&typeid=i","cat":318654},{"id":30901,"n":"Cookies Chaque Jour sans gluten aux pépites de chocolat - 150g","p":2.44,"u":"16,27 €/KG","img":"https://fd9-photos.leclercdrive.fr/image.ashx?id=2669744&use=l&cat=p&typeid=i","cat":318654},{"id":30905,"n":"Coquilles moelleuses x6 Chaque Jour Sans Gluten 180g","p":2.2,"u":"12,22 €/KG","img":"https://fd9-photos.leclercdrive.fr/image.ashx?id=2710792&use=l&cat=p&typeid=i","cat":318654},{"id":30910,"n":"Pain façon campagnard Chaque Jour Sans Gluten - 400g","p":4.0,"u":"10,00 €/KG","img":"https://fd9-photos.leclercdrive.fr/image.ashx?id=2710795&use=l&cat=p&typeid=i","cat":325069},{"id":30911,"n":"Pain précuit sans gluten Petites baguettes x2 - 150g","p":2.49,"u":"16,60 €/KG","img":"https://fd9-photos.leclercdrive.fr/image.ashx?id=2622019&use=l&cat=p&typeid=i","cat":325069},{"id":30916,"n":"Ciboulette Sainte Lucie Tubulaire - 5g","p":1.57,"u":"314,00 €/KG","img":"https://fd9-photos.leclercdrive.fr/image.ashx?id=2974336&use=l&cat=p&typeid=i","cat":298297},{"id":30917,"n":"Pâtes Escalope volaille Marie Crème champignons - 900g","p":4.96,"u":"5,51 €/KG","img":"https://fd9-photos.leclercdrive.fr/image.ashx?id=2996794&use=l&cat=p&typeid=i","cat":284254},{"id":30929,"n":"Tortillas chips Tables du Monde Nature - 200g","p":1.15,"u":"5,75 €/KG","img":"https://fd9-photos.leclercdrive.fr/image.ashx?id=2655695&use=l&cat=p&typeid=i","cat":288993},{"id":30933,"n":"Biscuit chocolat noir Gerblé Sans Sucres Ajoutés - 126g","p":1.87,"u":"14,84 €/KG","img":"https://fd9-photos.leclercdrive.fr/image.ashx?id=2662799&use=l&cat=p&typeid=i","cat":318653},{"id":30947,"n":"Pâtes Collezione Barilla Tagliatelle - 500g","p":1.46,"u":"2,92 €/KG","img":"https://fd9-photos.leclercdrive.fr/image.ashx?id=2654119&use=l&cat=p&typeid=i","cat":284427},{"id":30949,"n":"plat cuisiné quinoa tomates olives bio bjorg- 250g","p":1.76,"u":"7,04 €/KG","img":"https://fd9-photos.leclercdrive.fr/image.ashx?id=2854444&use=l&cat=p&typeid=i","cat":287600},{"id":30951,"n":"Chocolat au lait Tablette d'Or Coeur de lait - 2x100g","p":1.95,"u":"9,75 €/KG","img":"https://fd9-photos.leclercdrive.fr/image.ashx?id=3010575&use=l&cat=p&typeid=i","cat":284497},{"id":30969,"n":"Glace Cône Nestlé Extrême Sorbet fruits rouges x6 - 426g","p":3.62,"u":"8,50 €/KG","img":"https://fd9-photos.leclercdrive.fr/image.ashx?id=2729845&use=l&cat=p&typeid=i","cat":284264},{"id":30983,"n":"Filets de limande Pêche Océan Meunière - MSC - 400g","p":6.85,"u":"17,13 €/KG","img":"https://fd9-photos.leclercdrive.fr/image.ashx?id=2489122&use=l&cat=p&typeid=i","cat":319788},{"id":30989,"n":"Quiche lorraine Côté Table 2x150g","p":2.92,"u":"9,73 €/KG","img":"https://fd9-photos.leclercdrive.fr/image.ashx?id=2791770&use=l&cat=p&typeid=i","cat":284257},{"id":30992,"n":"Poêlée paysanne Marie Saucisse fumé - 900g","p":4.98,"u":"5,53 €/KG","img":"https://fd9-photos.leclercdrive.fr/image.ashx?id=2996797&use=l&cat=p&typeid=i","cat":319823},{"id":30995,"n":"Saucisse sèche Saint-Azay Aux noisettes - 250g","p":3.35,"u":"13,40 €/KG","img":"https://fd9-photos.leclercdrive.fr/image.ashx?id=2404145&use=l&cat=p&typeid=i","cat":316006},{"id":30999,"n":"Spaghetti courts Lustucru Aux oeufs - 500g","p":1.81,"u":"3,62 €/KG","img":"https://fd9-photos.leclercdrive.fr/image.ashx?id=2519798&use=l&cat=p&typeid=i","cat":284427},{"id":31004,"n":"Jus de citron jaune Sicile - 20cl","p":0.79,"u":"3,95 €/L","img":"https://fd9-photos.leclercdrive.fr/image.ashx?id=2656988&use=l&cat=p&typeid=i","cat":288383},{"id":31006,"n":"Oeillets Esquisse x336","p":0.74,"img":"https://fd9-photos.leclercdrive.fr/image.ashx?id=2131224&use=l&cat=p&typeid=i","cat":334133},{"id":31008,"n":"Protège cahiers 17x22cm - 5 pièces","p":2.49,"img":"https://fd9-photos.leclercdrive.fr/image.ashx?id=1928821&use=l&cat=p&typeid=i","cat":284697},{"id":31018,"n":"Feuille de brick Tablier Blanc En rouleau - 90g","p":1.49,"u":"16,56 €/KG","img":"https://fd9-photos.leclercdrive.fr/image.ashx?id=2188688&use=l&cat=p&typeid=i","cat":333681},{"id":31019,"n":"Feuilles de lasagne Turini 350g","p":2.69,"u":"7,69 €/KG","img":"https://fd9-photos.leclercdrive.fr/image.ashx?id=2174696&use=l&cat=p&typeid=i","cat":333682},{"id":31022,"n":"Gnocchi à poêler Turini 500g","p":1.42,"u":"2,84 €/KG","img":"https://fd9-photos.leclercdrive.fr/image.ashx?id=3014362&use=l&cat=p&typeid=i","cat":333682},{"id":31023,"n":"Ravioli Ricotta épinards Bio  Bio village - 250g","p":2.99,"u":"11,96 €/KG","img":"https://fd9-photos.leclercdrive.fr/image.ashx?id=2573217&use=l&cat=p&typeid=i","cat":333682},{"id":31027,"n":"Cappuccino soluble Plantation nature - 280g","p":3.21,"u":"11,46 €/KG","img":"https://fd9-photos.leclercdrive.fr/image.ashx?id=2819274&use=l&cat=p&typeid=i","cat":284843},{"id":31029,"n":"Escalope Cordon Bleu Père Dodu  Dinde - Comté x2 - 200g","p":2.43,"u":"12,15 €/KG","img":"https://fd9-photos.leclercdrive.fr/image.ashx?id=2957179&use=l&cat=p&typeid=i","cat":333683},{"id":31042,"n":"Infusion bio Jardin Bio Circulation - x20","p":2.63,"u":"87,67 €/KG","img":"https://fd9-photos.leclercdrive.fr/image.ashx?id=2972017&use=l&cat=p&typeid=i","cat":293234},{"id":31044,"n":"Haricots verts Notre Jardin Extra fins - 5 Fagots - 220g","p":2.15,"u":"9,77 €/KG","img":"https://fd9-photos.leclercdrive.fr/image.ashx?id=2988042&use=l&cat=p&typeid=i","cat":312606},{"id":31046,"n":"Assortiment crackers Tokapi Emmental - 100g","p":0.64,"u":"6,40 €/KG","img":"https://fd9-photos.leclercdrive.fr/image.ashx?id=2034386&use=l&cat=p&typeid=i","cat":297000},{"id":31047,"n":"Assortiment Crackers Tokapi Mélange 4 saveurs - 380g","p":2.79,"u":"7,34 €/KG","img":"https://fd9-photos.leclercdrive.fr/image.ashx?id=2671399&use=l&cat=p&typeid=i","cat":297000},{"id":31050,"n":"Biscuits pavot citron GERBLE  - 4x4  200g","p":1.51,"u":"7,55 €/KG","img":"https://fd9-photos.leclercdrive.fr/image.ashx?id=2967001&use=l&cat=p&typeid=i","cat":318651},{"id":31052,"n":"Biscuits figue et son GERBLE   - 5x5, 210g","p":1.4,"u":"6,67 €/KG","img":"https://fd9-photos.leclercdrive.fr/image.ashx?id=2662319&use=l&cat=p&typeid=i","cat":318651},{"id":31058,"n":"Pâtes Barilla Capellini n°1 - 500g","p":0.99,"u":"1,98 €/KG","img":"https://fd9-photos.leclercdrive.fr/image.ashx?id=2392194&use=l&cat=p&typeid=i","cat":284427},{"id":31068,"n":"Chocolat Pâtissier Tablette dOr Lait - 170g","p":1.99,"u":"11,71 €/KG","img":"https://fd9-photos.leclercdrive.fr/image.ashx?id=2635916&use=l&cat=p&typeid=i","cat":285562},{"id":31069,"n":"Chocolat Pâtissier Tablette dOr Chocolat Blanc - 180g","p":2.03,"u":"11,28 €/KG","img":"https://fd9-photos.leclercdrive.fr/image.ashx?id=2562879&use=l&cat=p&typeid=i","cat":285562},{"id":31086,"n":"Capsules Nescafé Dolce Gusto  Lungo Décaféiné - x16","p":4.53,"u":"40,45 €/KG","img":"https://fd9-photos.leclercdrive.fr/image.ashx?id=2836676&use=l&cat=p&typeid=i","cat":293239},{"id":31088,"n":"Coeurs d'artichaut Notre Jardin 245g","p":3.49,"u":"14,24 €/KG","img":"https://fd9-photos.leclercdrive.fr/image.ashx?id=2607918&use=l&cat=p&typeid=i","cat":312611},{"id":31097,"n":"Feuilletés Tokapi Emmental - 85g","p":0.98,"u":"11,53 €/KG","img":"https://fd9-photos.leclercdrive.fr/image.ashx?id=1884022&use=l&cat=p&typeid=i","cat":297000},{"id":31098,"n":"Capsules Nescafé Dolce Gusto  Café au Lait - x16","p":4.53,"u":"28,31 €/KG","img":"https://fd9-photos.leclercdrive.fr/image.ashx?id=2946637&use=l&cat=p&typeid=i","cat":293239},{"id":31105,"n":"Gaufrettes P'tit Déli Praliné noisette x15 110g","p":0.87,"u":"7,91 €/KG","img":"https://fd9-photos.leclercdrive.fr/image.ashx?id=2418245&use=l&cat=p&typeid=i","cat":284488},{"id":31106,"n":"Gaufrettes P'tit Déli Chocolat x15 110g","p":1.1,"u":"10,00 €/KG","img":"https://fd9-photos.leclercdrive.fr/image.ashx?id=2436020&use=l&cat=p&typeid=i","cat":284488},{"id":31107,"n":"Gâteau P'tit Déli Tout chocolat 300g","p":2.15,"u":"7,17 €/KG","img":"https://fd9-photos.leclercdrive.fr/image.ashx?id=2562707&use=l&cat=p&typeid=i","cat":294776},{"id":31109,"n":"Gaufrettes P'tit Déli Framboise 160g","p":1.47,"u":"9,19 €/KG","img":"https://fd9-photos.leclercdrive.fr/image.ashx?id=2915290&use=l&cat=p&typeid=i","cat":284489},{"id":31110,"n":"Bonbons Confiséo Acacia assortiment fruit - 300g","p":1.91,"u":"6,37 €/KG","img":"https://fd9-photos.leclercdrive.fr/image.ashx?id=2934679&use=l&cat=p&typeid=i","cat":304252},{"id":31113,"n":"Haricots rouges Notre Jardin 500g","p":1.37,"u":"2,74 €/KG","img":"https://fd9-photos.leclercdrive.fr/image.ashx?id=2988054&use=l&cat=p&typeid=i","cat":312606},{"id":31116,"n":"Pâtes bio Jardin Bio' Tire-bouchon semi-complet  500g","p":1.9,"u":"3,80 €/KG","img":"https://fd9-photos.leclercdrive.fr/image.ashx?id=2961116&use=l&cat=p&typeid=i","cat":284427},{"id":31118,"n":"Madeleines P'tit Déli Coquilles 250g","p":0.99,"u":"3,96 €/KG","img":"https://fd9-photos.leclercdrive.fr/image.ashx?id=2999499&use=l&cat=p&typeid=i","cat":284492},{"id":31119,"n":"Tartelettes P'tit Déli Chocolat noisettes - 150g","p":1.29,"u":"8,60 €/KG","img":"https://fd9-photos.leclercdrive.fr/image.ashx?id=2345556&use=l&cat=p&typeid=i","cat":284488},{"id":31132,"n":"Tartine croustillante Epi d'Or Céréales - 250g","p":1.41,"u":"5,64 €/KG","img":"https://fd9-photos.leclercdrive.fr/image.ashx?id=2535256&use=l&cat=p&typeid=i","cat":284479},{"id":31133,"n":"Tartine croustillante Epi d'Or Seigle - 250g","p":1.29,"u":"5,16 €/KG","img":"https://fd9-photos.leclercdrive.fr/image.ashx?id=2533325&use=l&cat=p&typeid=i","cat":284479},{"id":31135,"n":"Terrine de lapin Côté Table A la moutarde - 180g","p":2.49,"u":"13,83 €/KG","img":"https://fd9-photos.leclercdrive.fr/image.ashx?id=2476125&use=l&cat=p&typeid=i","cat":305149},{"id":31136,"n":"Pâtes Torti Panzani 3 Minutes - 1Kg","p":2.23,"u":"2,23 €/KG","img":"https://fd9-photos.leclercdrive.fr/image.ashx?id=2896099&use=l&cat=p&typeid=i","cat":284427},{"id":31139,"n":"Tortillas chips Tables du Monde Chili - 200g","p":1.39,"u":"6,95 €/KG","img":"https://fd9-photos.leclercdrive.fr/image.ashx?id=2661544&use=l&cat=p&typeid=i","cat":288993},{"id":31143,"n":"Lait concentré sucré Délisse 397g","p":1.35,"u":"3,40 €/KG","img":"https://fd9-photos.leclercdrive.fr/image.ashx?id=2576588&use=l&cat=p&typeid=i","cat":299162},{"id":31149,"n":"Les p'tites spirales P'tit Déli Fraise 150g","p":1.55,"u":"10,33 €/KG","img":"https://fd9-photos.leclercdrive.fr/image.ashx?id=2660419&use=l&cat=p&typeid=i","cat":284495},{"id":31151,"n":"Financier P'tit Déli Aux amandes 200g","p":2.09,"u":"10,45 €/KG","img":"https://fd9-photos.leclercdrive.fr/image.ashx?id=2683913&use=l&cat=p&typeid=i","cat":284487},{"id":31156,"n":"Café Soluble Nescafé x25 - 50g","p":2.04,"u":"40,80 €/KG","img":"https://fd9-photos.leclercdrive.fr/image.ashx?id=2485131&use=l&cat=p&typeid=i","cat":284843},{"id":31166,"n":"Pousses d'haricots  Bio Village Haricots Mungo Bio - 175g","p":1.34,"u":"7,66 €/KG","img":"https://fd9-photos.leclercdrive.fr/image.ashx?id=2573214&use=l&cat=p&typeid=i","cat":312611},{"id":31174,"n":"Pâtes penne rigate Panzani 1kg","p":2.01,"u":"2,01 €/KG","img":"https://fd9-photos.leclercdrive.fr/image.ashx?id=2876020&use=l&cat=p&typeid=i","cat":284427},{"id":31183,"n":"Pain campagnard Schar 240g","p":3.41,"u":"14,21 €/KG","img":"https://fd9-photos.leclercdrive.fr/image.ashx?id=2267978&use=l&cat=p&typeid=i","cat":325069},{"id":31200,"n":"AOP Bordeaux rouge Baron de Lestac - BIB 3L","p":13.52,"u":"4,51 €/L","img":"https://fd9-photos.leclercdrive.fr/image.ashx?id=2420910&use=l&cat=p&typeid=i","cat":289560},{"id":31211,"n":"Grana Padano AOP Casa Azzurra Râpé -  100g","p":1.94,"u":"19,40 €/KG","img":"https://fd9-photos.leclercdrive.fr/image.ashx?id=2284730&use=l&cat=p&typeid=i","cat":314035},{"id":31223,"n":"Bain Dissolvant Inell Bain sans acétone - 75ml","p":3.99,"u":"53,20 €/L","img":"https://fd9-photos.leclercdrive.fr/image.ashx?id=2244820&use=l&cat=p&typeid=i","cat":325347},{"id":31289,"n":"Emmental râpé Entremont 3x70g","p":2.37,"u":"11,29 €/KG","img":"https://fd9-photos.leclercdrive.fr/image.ashx?id=2983150&use=l&cat=p&typeid=i","cat":314035},{"id":31297,"n":"Fromage crémeux Les Croisés 36%mg - 200g","p":2.43,"u":"12,15 €/KG","img":"https://fd9-photos.leclercdrive.fr/image.ashx?id=2037379&use=l&cat=p&typeid=i","cat":329558},{"id":31389,"n":"Menus gourmands Tous mes amis pour chatons - 12x100g","p":4.29,"u":"3,58 €/KG","img":"https://fd9-photos.leclercdrive.fr/image.ashx?id=2027595&use=l&cat=p&typeid=i","cat":285286},{"id":31447,"n":"Tablette Chocolat Lait Crunch Céréales Croustillantes 2x100g","p":2.64,"u":"13,20 €/KG","img":"https://fd9-photos.leclercdrive.fr/image.ashx?id=2899740&use=l&cat=p&typeid=i","cat":284497},{"id":31449,"n":"Tortillas chips Eco+ Nature - 300g","p":0.94,"u":"3,13 €/KG","img":"https://fd9-photos.leclercdrive.fr/image.ashx?id=2669729&use=l&cat=p&typeid=i","cat":287899},{"id":31610,"n":"IGP Cidre bouché Dujardin Brut 5%vol. - 75cl","p":2.51,"u":"3,35 €/L","img":"https://fd9-photos.leclercdrive.fr/image.ashx?id=2593638&use=l&cat=p&typeid=i","cat":334880},{"id":31611,"n":"IGP Cidre bouché Dujardin Doux 2.5%vol. - 75cl","p":2.51,"u":"3,35 €/L","img":"https://fd9-photos.leclercdrive.fr/image.ashx?id=2461953&use=l&cat=p&typeid=i","cat":334880},{"id":31620,"n":"Terrine de foie pommeau Les Marmites d'Augustine - 190g","p":3.02,"u":"15,89 €/KG","img":"https://fd9-photos.leclercdrive.fr/image.ashx?id=1754608&use=l&cat=p&typeid=i","cat":305149},{"id":31641,"n":"Poulet basquaise Côté Table Riz 285g","p":1.81,"u":"6,35 €/KG","img":"https://fd9-photos.leclercdrive.fr/image.ashx?id=2476149&use=l&cat=p&typeid=i","cat":284953},{"id":31656,"n":"Cornichons Rustica Aigre Doux - 360g","p":1.63,"u":"4,53 €/KG","img":"https://fd9-photos.leclercdrive.fr/image.ashx?id=2916698&use=l&cat=p&typeid=i","cat":284458},{"id":31661,"n":"Sirop La Maison Guiot Pêche blanche - 70cl","p":3.34,"u":"4,77 €/L","img":"https://fd9-photos.leclercdrive.fr/image.ashx?id=2857198&use=l&cat=p&typeid=i","cat":295020},{"id":31680,"n":"Lingettes bébé Mots d'Enfants Ultra-douces - x24","p":1.25,"u":"0,05 €/P","img":"https://fd9-photos.leclercdrive.fr/image.ashx?id=2856501&use=l&cat=p&typeid=i","cat":284738},{"id":31682,"n":"Sachet repas chat Tous mes amis Viande en sauces - 4x100g","p":1.49,"u":"3,73 €/KG","img":"https://fd9-photos.leclercdrive.fr/image.ashx?id=2043005&use=l&cat=p&typeid=i","cat":285286},{"id":31709,"n":"Viande boeuf séchée Saint Azay 10 tranches - 80g","p":3.78,"u":"47,25 €/KG","img":"https://fd9-photos.leclercdrive.fr/image.ashx?id=2979568&use=l&cat=p&typeid=i","cat":316007},{"id":31714,"n":"Pur jus de pomme Bio Village Bio - 6x20cl","p":3.25,"u":"2,71 €/L","img":"https://fd9-photos.leclercdrive.fr/image.ashx?id=2077442&use=l&cat=p&typeid=i","cat":284524},{"id":31717,"n":"Parmigiano Reg AOP Casa Azzurra Râpé -  60g","p":1.47,"u":"24,50 €/KG","img":"https://fd9-photos.leclercdrive.fr/image.ashx?id=2261951&use=l&cat=p&typeid=i","cat":314035},{"id":31724,"n":"Boisson Jafaden Cranberry Myrtille - 1L","p":1.77,"u":"1,77 €/L","img":"https://fd9-photos.leclercdrive.fr/image.ashx?id=2591403&use=l&cat=p&typeid=i","cat":284915},{"id":31725,"n":"Boisson énergisante X-tense Canette - 4x50cl","p":3.12,"u":"1,56 €/L","img":"https://fd9-photos.leclercdrive.fr/image.ashx?id=2956068&use=l&cat=p&typeid=i","cat":284533},{"id":31728,"n":"Jus de pomme Jafaden Nectar - 2L","p":2.15,"u":"1,08 €/L","img":"https://fd9-photos.leclercdrive.fr/image.ashx?id=2956077&use=l&cat=p&typeid=i","cat":284522},{"id":31731,"n":"Thé glacé Fresh Tea Pêche - 1L","p":1.03,"u":"1,03 €/L","img":"https://fd9-photos.leclercdrive.fr/image.ashx?id=3002791&use=l&cat=p&typeid=i","cat":295019},{"id":31733,"n":"Pur jus multifruits Jafaden 1L","p":1.39,"u":"1,39 €/L","img":"https://fd9-photos.leclercdrive.fr/image.ashx?id=2890006&use=l&cat=p&typeid=i","cat":284917},{"id":31735,"n":"Nectar multifruits Jafaden 1L","p":1.75,"u":"1,75 €/L","img":"https://fd9-photos.leclercdrive.fr/image.ashx?id=2956089&use=l&cat=p&typeid=i","cat":284917},{"id":31737,"n":"Nectar Jafaden Passion - 1L","p":2.71,"u":"2,71 €/L","img":"https://fd9-photos.leclercdrive.fr/image.ashx?id=2959602&use=l&cat=p&typeid=i","cat":284916},{"id":31830,"n":"Sachet repas chat Tous mes amis Viande en sauce - 12x100g","p":3.65,"u":"3,04 €/KG","img":"https://fd9-photos.leclercdrive.fr/image.ashx?id=2677077&use=l&cat=p&typeid=i","cat":285286},{"id":31866,"n":"Crème fraîche Graindorge Epaisse - 50cl","p":3.15,"u":"6,30 €/L","img":"https://fd9-photos.leclercdrive.fr/image.ashx?id=1988208&use=l&cat=p&typeid=i","cat":284381},{"id":31899,"n":"Huile OPTIMA Tramier  1L","p":5.18,"u":"5,18 €/L","img":"https://fd9-photos.leclercdrive.fr/image.ashx?id=2680407&use=l&cat=p&typeid=i","cat":284453},{"id":31915,"n":"Mayonnaise à la moutarde de Dij  de Dijon Rustica - 235 g","p":1.25,"u":"5,32 €/KG","img":"https://fd9-photos.leclercdrive.fr/image.ashx?id=2954355&use=l&cat=p&typeid=i","cat":298295},{"id":31918,"n":"Sucre Tablier Blanc En morceaux - 1kg","p":1.99,"u":"1,99 €/KG","img":"https://fd9-photos.leclercdrive.fr/image.ashx?id=3010425&use=l&cat=p&typeid=i","cat":284502},{"id":31920,"n":"Matière grasse Rustica à tartiner 50%MG Omega 3 - 500g","p":1.98,"u":"3,96 €/KG","img":"https://fd9-photos.leclercdrive.fr/image.ashx?id=1585635&use=l&cat=p&typeid=i","cat":315229},{"id":31924,"n":"Déodorant bille Manava Peaux sensibles 50ml","p":1.15,"u":"23,00 €/L","img":"https://fd9-photos.leclercdrive.fr/image.ashx?id=2481222&use=l&cat=p&typeid=i","cat":284595},{"id":31933,"n":"Laque Iroise Fixation forte 300ml","p":1.95,"u":"6,50 €/L","img":"https://fd9-photos.leclercdrive.fr/image.ashx?id=2660568&use=l&cat=p&typeid=i","cat":284609},{"id":31934,"n":"Spray coiffant Vitanove Fixation forte - 250ml","p":1.19,"u":"4,76 €/L","img":"https://fd9-photos.leclercdrive.fr/image.ashx?id=2331697&use=l&cat=p&typeid=i","cat":284609},{"id":31935,"n":"Spray coiffant Vitanove Fixation extra forte - 250ml","p":1.39,"u":"5,56 €/L","img":"https://fd9-photos.leclercdrive.fr/image.ashx?id=2331700&use=l&cat=p&typeid=i","cat":284609},{"id":31936,"n":"Spray coiffant Vitanove Fixation extrême - 250ml","p":1.43,"u":"5,72 €/L","img":"https://fd9-photos.leclercdrive.fr/image.ashx?id=2331703&use=l&cat=p&typeid=i","cat":284609},{"id":31941,"n":"IGP Ardèche rouge Pont d'Arc 13.5% vol - BIB 5L","p":11.2,"u":"2,24 €/L","img":"https://fd9-photos.leclercdrive.fr/image.ashx?id=2527913&use=l&cat=p&typeid=i","cat":289560},{"id":31965,"n":"Nettoyant spray Clair Cuisine et salle de bain 750ml","p":1.49,"u":"1,99 €/L","img":"https://fd9-photos.leclercdrive.fr/image.ashx?id=2466151&use=l&cat=p&typeid=i","cat":325357},{"id":31967,"n":"Gel nettoyant Clair Anticalcaire - 500ml","p":1.26,"u":"2,52 €/L","img":"https://fd9-photos.leclercdrive.fr/image.ashx?id=2634872&use=l&cat=p&typeid=i","cat":325362},{"id":31968,"n":"Crème Dépilatoire Siliss Sous la douche - 250ml","p":3.39,"u":"13,56 €/L","img":"https://fd9-photos.leclercdrive.fr/image.ashx?id=2842286&use=l&cat=p&typeid=i","cat":325351},{"id":31970,"n":"Soin visage Carré Homme Anti-âge anti-fatigue Q10- 50ml","p":3.7,"u":"74,00 €/L","img":"https://fd9-photos.leclercdrive.fr/image.ashx?id=2809689&use=l&cat=p&typeid=i","cat":284622},{"id":31976,"n":"Sucre vanillé bio Bio Village 6x7.5g","p":1.85,"u":"41,11 €/KG","img":"https://fd9-photos.leclercdrive.fr/image.ashx?id=2895801&use=l&cat=p&typeid=i","cat":294686},{"id":31981,"n":"Couches bébé Mots d'Enfants T4+ Ultra confort - 9/20kg - x24","p":5.8,"u":"0,24 €/P","img":"https://fd9-photos.leclercdrive.fr/image.ashx?id=2699459&use=l&cat=p&typeid=i","cat":284737},{"id":31982,"n":"Couches bébé Mots d'Enfants -T5 Ultra confort - 11/25kg - x23","p":5.66,"u":"0,25 €/P","img":"https://fd9-photos.leclercdrive.fr/image.ashx?id=2699462&use=l&cat=p&typeid=i","cat":284737},{"id":31983,"n":"Cidre rosé Les Goelleries 2.5%vol. - 75cl","p":2.29,"u":"3,05 €/L","img":"https://fd9-photos.leclercdrive.fr/image.ashx?id=2842295&use=l&cat=p&typeid=i","cat":334880},{"id":31985,"n":"Couches bébé Mots d'Enfants -T4 Ultra confort - 7/18kg - x26","p":5.55,"u":"0,21 €/P","img":"https://fd9-photos.leclercdrive.fr/image.ashx?id=2699456&use=l&cat=p&typeid=i","cat":284737},{"id":31988,"n":"Sachet repas chat Tous mes amis Poissons en gelée - 4x100g","p":1.33,"u":"3,33 €/KG","img":"https://fd9-photos.leclercdrive.fr/image.ashx?id=2043002&use=l&cat=p&typeid=i","cat":285286},{"id":32059,"n":"Sachet repas chat Tous mes amis Viande en geléé - 12x100g","p":3.65,"u":"3,04 €/KG","img":"https://fd9-photos.leclercdrive.fr/image.ashx?id=2027598&use=l&cat=p&typeid=i","cat":285286},{"id":32064,"n":"Mousse à raser Carré Homme Sensible - 250ml","p":1.39,"u":"5,56 €/L","img":"https://fd9-photos.leclercdrive.fr/image.ashx?id=2704681&use=l&cat=p&typeid=i","cat":284617},{"id":32065,"n":"Couches bébé Mots d'Enfants T4 Douceur - 7/18kg - x74 changes","p":10.6,"u":"0,14 €/P","img":"https://fd9-photos.leclercdrive.fr/image.ashx?id=2907192&use=l&cat=p&typeid=i","cat":284737},{"id":32098,"n":"Biscuits Dinosaurus Lotus  Chocolat noir - 225g","p":2.06,"u":"9,16 €/KG","img":"https://fd9-photos.leclercdrive.fr/image.ashx?id=2859812&use=l&cat=p&typeid=i","cat":284488},{"id":32104,"n":"Goûter laitier Récré O'Lé Gourdes Saveur Vanille - 4x85g","p":2.16,"u":"6,35 €/KG","img":"https://fd9-photos.leclercdrive.fr/image.ashx?id=3008827&use=l&cat=p&typeid=i","cat":284506},{"id":32125,"n":"Mélange Fruité Tokapi Fruits et graines - 110g","p":1.65,"u":"15,00 €/KG","img":"https://fd9-photos.leclercdrive.fr/image.ashx?id=2794003&use=l&cat=p&typeid=i","cat":284448},{"id":32129,"n":"AOC Entre-Deux-Mers vin blanc Chantet Blanet - BIB 3L","p":12.99,"u":"4,33 €/L","img":"https://fd9-photos.leclercdrive.fr/image.ashx?id=2895783&use=l&cat=p&typeid=i","cat":289560},{"id":32181,"n":"Trousse dentaire Petit Dentamyl 2-6ans","p":2.5,"img":"https://fd9-photos.leclercdrive.fr/image.ashx?id=2072888&use=l&cat=p&typeid=i","cat":288897},{"id":32182,"n":"Trousse dentaire Petit Dentamyl 2-6ans","p":2.5,"img":"https://fd9-photos.leclercdrive.fr/image.ashx?id=2153159&use=l&cat=p&typeid=i","cat":288897},{"id":32183,"n":"Couches bébé Mots d'Enfants T4+ Douceur - 9/20kg - x70 changes","p":10.8,"u":"0,15 €/P","img":"https://fd9-photos.leclercdrive.fr/image.ashx?id=2904574&use=l&cat=p&typeid=i","cat":284737},{"id":32186,"n":"Couches bébé Mots d'Enfants T5 Douceur - 11/25kg - x66","p":10.7,"u":"0,16 €/P","img":"https://fd9-photos.leclercdrive.fr/image.ashx?id=2907195&use=l&cat=p&typeid=i","cat":284737},{"id":32202,"n":"Couches bébé Mots d'Enfants T3 Douceur - 4/9kg - x90 changes","p":11.4,"u":"0,13 €/P","img":"https://fd9-photos.leclercdrive.fr/image.ashx?id=2904571&use=l&cat=p&typeid=i","cat":284737},{"id":32216,"n":"Sandwich XXL Daunat Poulet rôti Mayonnaise - 230g","p":2.24,"u":"9,74 €/KG","img":"https://fd9-photos.leclercdrive.fr/image.ashx?id=2892706&use=l&cat=p&typeid=i","cat":333658},{"id":32255,"n":"Déodorant Manava Pierre d'alun/Aloé véra - 200ml","p":1.44,"u":"7,20 €/L","img":"https://fd9-photos.leclercdrive.fr/image.ashx?id=2710494&use=l&cat=p&typeid=i","cat":284595},{"id":32258,"n":"Couches bébé Mots d'Enfants -T3 Ultra confort - 4/9kg - x29","p":5.99,"u":"0,21 €/P","img":"https://fd9-photos.leclercdrive.fr/image.ashx?id=2699453&use=l&cat=p&typeid=i","cat":284737},{"id":32267,"n":"Emmental fromage rapé Les Croisés - 325g","p":2.65,"u":"8,15 €/KG","img":"https://fd9-photos.leclercdrive.fr/image.ashx?id=2942786&use=l&cat=p&typeid=i","cat":314035},{"id":32268,"n":"Bûche de chèvre Les Croisés Non affiné 19%mg - 150g","p":1.89,"u":"12,60 €/KG","img":"https://fd9-photos.leclercdrive.fr/image.ashx?id=2919613&use=l&cat=p&typeid=i","cat":314031},{"id":32269,"n":"Maasdam fromage bloc  Les Croisés - 330g","p":2.47,"u":"7,48 €/KG","img":"https://fd9-photos.leclercdrive.fr/image.ashx?id=2081690&use=l&cat=p&typeid=i","cat":314034},{"id":32271,"n":"Pizza Turini Jambon emmental - 200g","p":1.22,"u":"6,10 €/KG","img":"https://fd9-photos.leclercdrive.fr/image.ashx?id=2989670&use=l&cat=p&typeid=i","cat":333679},{"id":32286,"n":"Papillons d'Alsace NRT 250g","p":1.39,"u":"5,56 €/KG","img":"https://fd9-photos.leclercdrive.fr/image.ashx?id=2839992&use=l&cat=p&typeid=i","cat":284427},{"id":32291,"n":"Bonbons sans sucres Confiséo Aux plantes - 150g","p":2.49,"u":"16,60 €/KG","img":"https://fd9-photos.leclercdrive.fr/image.ashx?id=2934700&use=l&cat=p&typeid=i","cat":304252},{"id":32293,"n":"Sucre de canne Tablier Blanc Cassonade 750g","p":1.55,"u":"2,07 €/KG","img":"https://fd9-photos.leclercdrive.fr/image.ashx?id=2501676&use=l&cat=p&typeid=i","cat":284502},{"id":32301,"n":"Biscuit Petit beurre P'tit Déli Tablette chocolat blanc - 150g","p":1.49,"u":"9,93 €/KG","img":"https://fd9-photos.leclercdrive.fr/image.ashx?id=2970738&use=l&cat=p&typeid=i","cat":284488},{"id":32304,"n":"Aubergines Notre Jardin Grillées 600g","p":3.49,"u":"5,82 €/KG","img":"https://fd9-photos.leclercdrive.fr/image.ashx?id=2873132&use=l&cat=p&typeid=i","cat":319805},{"id":32307,"n":"Le Rossignol Les Croisés 29%mg - 250g","p":2.16,"u":"8,64 €/KG","img":"https://fd9-photos.leclercdrive.fr/image.ashx?id=2343100&use=l&cat=p&typeid=i","cat":329558},{"id":32316,"n":"Gin Brighton's London Dry 37.5%vol - 1L","p":15.69,"u":"15,69 €/L","img":"https://fd9-photos.leclercdrive.fr/image.ashx?id=2907189&use=l&cat=p&typeid=i","cat":284550},{"id":32317,"n":"Apéritif Lagoa Cocktail Planteur sans alcool 75cl","p":3.04,"u":"4,05 €/L","img":"https://fd9-photos.leclercdrive.fr/image.ashx?id=2047868&use=l&cat=p&typeid=i","cat":284549},{"id":32319,"n":"Pétillant Gibus Pomme pêche sans alcool 75cl","p":2.45,"u":"3,27 €/L","img":"https://fd9-photos.leclercdrive.fr/image.ashx?id=1887592&use=l&cat=p&typeid=i","cat":289460},{"id":32320,"n":"AOC Champagne Blanc de Blancs Brut Pol Carson - 75cl","p":21.99,"u":"29,32 €/L","img":"https://fd9-photos.leclercdrive.fr/image.ashx?id=2994809&use=l&cat=p&typeid=i","cat":284542},{"id":32322,"n":"AOC Crémant de Limoux brut rosé Prieur Barsanne - 75cl","p":5.75,"u":"7,67 €/L","img":"https://fd9-photos.leclercdrive.fr/image.ashx?id=2709665&use=l&cat=p&typeid=i","cat":284545},{"id":32335,"n":"100% Pur jus d'orange Jafaden Très pulpé - 1L","p":2.61,"u":"2,61 €/L","img":"https://fd9-photos.leclercdrive.fr/image.ashx?id=2869272&use=l&cat=p&typeid=i","cat":284521},{"id":32339,"n":"Sirop Frucci Pamplemousse Rose - 75cl","p":3.65,"u":"4,87 €/L","img":"https://fd9-photos.leclercdrive.fr/image.ashx?id=2878594&use=l&cat=p&typeid=i","cat":295020},{"id":32352,"n":"Emmental fromage râpé bio Bio village - 200g","p":2.31,"u":"11,55 €/KG","img":"https://fd9-photos.leclercdrive.fr/image.ashx?id=1972558&use=l&cat=p&typeid=i","cat":314035},{"id":32353,"n":"Mozzarella Les Croisés - 3x125g","p":2.75,"u":"7,33 €/KG","img":"https://fd9-photos.leclercdrive.fr/image.ashx?id=2822126&use=l&cat=p&typeid=i","cat":314026},{"id":32357,"n":"Yaourts en gourde Délisse 3 Abricots + 3 Fraises - 6x90g","p":2.89,"u":"5,35 €/KG","img":"https://fd9-photos.leclercdrive.fr/image.ashx?id=2699565&use=l&cat=p&typeid=i","cat":284415},{"id":32371,"n":"Petits pots  Babybio Bio Carotte quinoa - 8mois 2x200g","p":2.48,"u":"6,20 €/KG","img":"https://fd9-photos.leclercdrive.fr/image.ashx?id=2834512&use=l&cat=p&typeid=i","cat":312239},{"id":32380,"n":"Farine de blé Eco+ 1kg","p":0.54,"u":"0,54 €/KG","img":"https://fd9-photos.leclercdrive.fr/image.ashx?id=2694076&use=l&cat=p&typeid=i","cat":284503},{"id":32385,"n":"Asperges blanches très grosses En bocal - 395G","p":5.45,"u":"13,80 €/KG","img":"https://fd9-photos.leclercdrive.fr/image.ashx?id=2049013&use=l&cat=p&typeid=i","cat":312611},{"id":32386,"n":"Mélange forestier Notre Jardin 225g","p":2.57,"u":"11,42 €/KG","img":"https://fd9-photos.leclercdrive.fr/image.ashx?id=2613705&use=l&cat=p&typeid=i","cat":312612},{"id":32387,"n":"Ratatouille Notre Jardin A la provençale - 375g","p":1.06,"u":"2,83 €/KG","img":"https://fd9-photos.leclercdrive.fr/image.ashx?id=2526294&use=l&cat=p&typeid=i","cat":312612},{"id":32388,"n":"Maïs Notre Jardin Aux 2 poivrons - 270g","p":1.19,"u":"4,41 €/KG","img":"https://fd9-photos.leclercdrive.fr/image.ashx?id=2988057&use=l&cat=p&typeid=i","cat":312611},{"id":32389,"n":"Cuisse poulet blanc Volandrie x2 - 500g","p":2.85,"u":"5,70 €/KG","img":"https://fd9-photos.leclercdrive.fr/image.ashx?id=2647880&use=l&cat=p&typeid=i","cat":284336},{"id":32390,"n":"Cuisse poulet jaune Volandrie x2 - 500g","p":2.85,"u":"5,70 €/KG","img":"https://fd9-photos.leclercdrive.fr/image.ashx?id=2804187&use=l&cat=p&typeid=i","cat":284336},{"id":32393,"n":"Filet de poulet St Charmin Blanc Val de Loire x2 - 240g","p":5.49,"u":"22,88 €/KG","img":"https://fd9-photos.leclercdrive.fr/image.ashx?id=1921506&use=l&cat=p&typeid=i","cat":284336},{"id":32422,"n":"Poulet rôti Purée à l'ancienne La Cuisine d'Océane 300g","p":2.86,"u":"9,53 €/KG","img":"https://fd9-photos.leclercdrive.fr/image.ashx?id=2962377&use=l&cat=p&typeid=i","cat":284953},{"id":32436,"n":"AOP Côtes du Rhône rosé Cellier des Dauphins - BIB 3L","p":11.35,"u":"3,78 €/L","img":"https://fd9-photos.leclercdrive.fr/image.ashx?id=2829985&use=l&cat=p&typeid=i","cat":289560},{"id":32444,"n":"AOP Cabernet d'Anjou vin rosé  Soupçon de Fruit  - 75cl","p":4.99,"u":"6,65 €/L","img":"https://fd9-photos.leclercdrive.fr/image.ashx?id=2432388&use=l&cat=p&typeid=i","cat":289558},{"id":32452,"n":"Lait de montagne Délisse UHT Bouteille -  6x1L","p":6.66,"u":"1,11 €/L","img":"https://fd9-photos.leclercdrive.fr/image.ashx?id=2929937&use=l&cat=p&typeid=i","cat":284377},{"id":32478,"n":"Fruits rouges Fruistar 650g","p":4.72,"u":"7,26 €/KG","img":"https://fd9-photos.leclercdrive.fr/image.ashx?id=2898245&use=l&cat=p&typeid=i","cat":284268},{"id":32492,"n":"Crème glacée L'Angelys Vanille - 450g","p":5.22,"u":"11,60 €/KG","img":"https://fd9-photos.leclercdrive.fr/image.ashx?id=2963574&use=l&cat=p&typeid=i","cat":284263},{"id":32493,"n":"Crème glacée L'Angelys Caramel beurre salé - 450g","p":5.21,"u":"11,58 €/KG","img":"https://fd9-photos.leclercdrive.fr/image.ashx?id=2883188&use=l&cat=p&typeid=i","cat":284263},{"id":32497,"n":"Recharge Savon Mains Dettol Parfum Citron 250ml","p":2.11,"u":"8,44 €/L","img":"https://fd9-photos.leclercdrive.fr/image.ashx?id=2962020&use=l&cat=p&typeid=i","cat":284597},{"id":32516,"n":"Saumon fumé Bio Bio Village Atlantique x4T - 120g","p":5.77,"u":"48,08 €/KG","img":"https://fd9-photos.leclercdrive.fr/image.ashx?id=2374606&use=l&cat=p&typeid=i","cat":285188},{"id":32552,"n":"Apéritif Lagoa Cocktail Mojito sans alcool 75cl","p":2.95,"u":"3,93 €/L","img":"https://fd9-photos.leclercdrive.fr/image.ashx?id=2519969&use=l&cat=p&typeid=i","cat":284549},{"id":32555,"n":"Fromage Maasdam Les Croisés tranches x14 - 27.1%mg - 350g","p":3.23,"u":"9,23 €/KG","img":"https://fd9-photos.leclercdrive.fr/image.ashx?id=2026322&use=l&cat=p&typeid=i","cat":314028},{"id":32556,"n":"Gouda Les Croisés 30.5%mg portion - 250g","p":3.25,"u":"13,00 €/KG","img":"https://fd9-photos.leclercdrive.fr/image.ashx?id=2900121&use=l&cat=p&typeid=i","cat":314034},{"id":32557,"n":"Edam Les Croisés 23.7%mg portion - 250g","p":3.09,"u":"12,36 €/KG","img":"https://fd9-photos.leclercdrive.fr/image.ashx?id=2900124&use=l&cat=p&typeid=i","cat":314034},{"id":32558,"n":"Mimolette Les Croisés 23.7%mg portion - 250g","p":2.97,"u":"11,88 €/KG","img":"https://fd9-photos.leclercdrive.fr/image.ashx?id=2796049&use=l&cat=p&typeid=i","cat":314034},{"id":32631,"n":"Biscuits palmier Bio Village Bio - 100g","p":1.27,"u":"12,70 €/KG","img":"https://fd9-photos.leclercdrive.fr/image.ashx?id=2610729&use=l&cat=p&typeid=i","cat":284487},{"id":32643,"n":"Pruneaux d'Agen Couleurs Vives Dénoyautés - 500g","p":3.99,"u":"7,98 €/KG","img":"https://fd9-photos.leclercdrive.fr/image.ashx?id=2124107&use=l&cat=p&typeid=i","cat":284357},{"id":32724,"n":"Pain grillé bio Bio Village Céréales et graines - 225g","p":1.59,"u":"7,07 €/KG","img":"https://fd9-photos.leclercdrive.fr/image.ashx?id=2595119&use=l&cat=p&typeid=i","cat":284479},{"id":32765,"n":"Bonbons Copains Copines Planch' acid goût fruit 225g","p":1.11,"u":"4,93 €/KG","img":"https://fd9-photos.leclercdrive.fr/image.ashx?id=2934709&use=l&cat=p&typeid=i","cat":304250},{"id":32786,"n":"Déodorant bille Manava Pierre d'alun - 50ml","p":0.99,"u":"19,80 €/L","img":"https://fd9-photos.leclercdrive.fr/image.ashx?id=2481219&use=l&cat=p&typeid=i","cat":284595},{"id":32804,"n":"Poulet jaune St Charmin Val de Loire - 1.25kg","p":8.99,"u":"7,19 €/KG","img":"https://fd9-photos.leclercdrive.fr/image.ashx?id=2907078&use=l&cat=p&typeid=i","cat":284336},{"id":32809,"n":"Filets de poulet St Charmin Val de Loire x2 - 240g","p":5.49,"u":"22,88 €/KG","img":"https://fd9-photos.leclercdrive.fr/image.ashx?id=2907084&use=l&cat=p&typeid=i","cat":284336},{"id":32829,"n":"Litière chats Tous mes Amis Optimale - 5L","p":4.5,"u":"0,90 €/L","img":"https://fd9-photos.leclercdrive.fr/image.ashx?id=2055220&use=l&cat=p&typeid=i","cat":284683},{"id":32877,"n":"Tarte au fromage Côté Table 2x130g","p":2.71,"u":"10,42 €/KG","img":"https://fd9-photos.leclercdrive.fr/image.ashx?id=2201483&use=l&cat=p&typeid=i","cat":333680},{"id":32901,"n":"Escalopes de dinde Volandrie x2 - 240g","p":3.49,"u":"14,54 €/KG","img":"https://fd9-photos.leclercdrive.fr/image.ashx?id=2048860&use=l&cat=p&typeid=i","cat":284337},{"id":32902,"n":"Escalope de dinde Volandrie Extra fines x2 - 240g","p":3.49,"u":"14,54 €/KG","img":"https://fd9-photos.leclercdrive.fr/image.ashx?id=2048863&use=l&cat=p&typeid=i","cat":284337},{"id":32915,"n":"Oignons frits Colona 100g","p":1.35,"u":"13,50 €/KG","img":"https://fd9-photos.leclercdrive.fr/image.ashx?id=2687230&use=l&cat=p&typeid=i","cat":298297},{"id":32949,"n":"Gel Douche Fa Cap tonique mixte flacon- 250ml","p":2.59,"u":"10,36 €/L","img":"https://fd9-photos.leclercdrive.fr/image.ashx?id=2995418&use=l&cat=p&typeid=i","cat":284594},{"id":32969,"n":"Mousse à raser Carré Homme Menthol 250ml","p":1.39,"u":"5,56 €/L","img":"https://fd9-photos.leclercdrive.fr/image.ashx?id=2704705&use=l&cat=p&typeid=i","cat":284617},{"id":32970,"n":"Lingettes Bionaïa Démaquillantes Bio x25","p":1.04,"u":"0,04 €/P","img":"https://fd9-photos.leclercdrive.fr/image.ashx?id=2376025&use=l&cat=p&typeid=i","cat":284603},{"id":32971,"n":"Mousse à raser Carré Homme Protectrice 250ml","p":1.12,"u":"4,48 €/L","img":"https://fd9-photos.leclercdrive.fr/image.ashx?id=2842289&use=l&cat=p&typeid=i","cat":284617},{"id":32972,"n":"Gel nettoyant Inell Visage 3 en 1 - 150ml","p":2.95,"u":"19,67 €/L","img":"https://fd9-photos.leclercdrive.fr/image.ashx?id=2644849&use=l&cat=p&typeid=i","cat":284603},{"id":32973,"n":"Eau micellaire Inell 500ml","p":2.36,"u":"4,72 €/L","img":"https://fd9-photos.leclercdrive.fr/image.ashx?id=1938870&use=l&cat=p&typeid=i","cat":284603},{"id":32981,"n":"Biscuits sec thé P'tit Déli 340g","p":1.21,"u":"3,56 €/KG","img":"https://fd9-photos.leclercdrive.fr/image.ashx?id=2679488&use=l&cat=p&typeid=i","cat":284487},{"id":32982,"n":"Pâtes coquillettes Turini Les 3 min - 1kg","p":1.43,"u":"1,43 €/KG","img":"https://fd9-photos.leclercdrive.fr/image.ashx?id=2607530&use=l&cat=p&typeid=i","cat":284427},{"id":32985,"n":"Riz long Comptoir du Grain Cuisson rapide - 2kg","p":3.36,"u":"1,68 €/KG","img":"https://fd9-photos.leclercdrive.fr/image.ashx?id=2226197&use=l&cat=p&typeid=i","cat":284428},{"id":32986,"n":"Pâtes penne Turini Les 3 min - 500g","p":0.99,"u":"1,98 €/KG","img":"https://fd9-photos.leclercdrive.fr/image.ashx?id=2744240&use=l&cat=p&typeid=i","cat":284427},{"id":33017,"n":"Eau gazeuse  Badoit rouge fortement pétillante - 6x1l","p":3.7,"u":"0,62 €/L","img":"https://fd9-photos.leclercdrive.fr/image.ashx?id=2831783&use=l&cat=p&typeid=i","cat":284536},{"id":33019,"n":"Crème Nourrissante Nivea Visage Corps Mains - 150ml","p":1.95,"u":"13,00 €/L","img":"https://fd9-photos.leclercdrive.fr/image.ashx?id=2600536&use=l&cat=p&typeid=i","cat":325350},{"id":33027,"n":"Roti de boeuf cuit Tradilège VBF - 120g","p":3.49,"u":"29,08 €/KG","img":"https://fd9-photos.leclercdrive.fr/image.ashx?id=2753584&use=l&cat=p&typeid=i","cat":316009},{"id":33036,"n":"Beurre allégé Les Croisés Doux - 60% MG - 250g","p":1.87,"u":"7,48 €/KG","img":"https://fd9-photos.leclercdrive.fr/image.ashx?id=2893319&use=l&cat=p&typeid=i","cat":284379},{"id":33046,"n":"Tuiles Tokapi Epicé - 170g","p":1.39,"u":"8,18 €/KG","img":"https://fd9-photos.leclercdrive.fr/image.ashx?id=2641277&use=l&cat=p&typeid=i","cat":287899},{"id":33047,"n":"AOC Bordeaux vin rouge Chantet Blanet - BIB 5L","p":15.49,"u":"3,10 €/L","img":"https://fd9-photos.leclercdrive.fr/image.ashx?id=2727386&use=l&cat=p&typeid=i","cat":289560},{"id":33063,"n":"Lait de toilette Mots d'Enfants Extra-doux - 750ml","p":3.69,"u":"4,92 €/L","img":"https://fd9-photos.leclercdrive.fr/image.ashx?id=2266495&use=l&cat=p&typeid=i","cat":284741},{"id":33097,"n":"Steak haché façon bouchère 560g Férial - 15%mg - X4","p":9.45,"u":"16,88 €/KG","img":"https://fd9-photos.leclercdrive.fr/image.ashx?id=3004660&use=l&cat=p&typeid=i","cat":319778},{"id":33098,"n":"Viande hachée Férial 15%mg - 400G","p":5.49,"u":"13,73 €/KG","img":"https://fd9-photos.leclercdrive.fr/image.ashx?id=2966517&use=l&cat=p&typeid=i","cat":319779},{"id":33150,"n":"Blanquette Weight Watchers Poulet 300g","p":3.15,"u":"10,50 €/KG","img":"https://fd9-photos.leclercdrive.fr/image.ashx?id=2880739&use=l&cat=p&typeid=i","cat":333665},{"id":33151,"n":"Préparation culinaire Soja Délisse - 5%mg - 3x20cl","p":1.89,"u":"3,15 €/L","img":"https://fd9-photos.leclercdrive.fr/image.ashx?id=2970741&use=l&cat=p&typeid=i","cat":316069},{"id":33159,"n":"IGP Ardèche blanc Pont d'Arc - BIB 5L","p":11.2,"u":"2,24 €/L","img":"https://fd9-photos.leclercdrive.fr/image.ashx?id=2527916&use=l&cat=p&typeid=i","cat":289560},{"id":33197,"n":"Café moulu Plantation Colombie - 250g","p":3.87,"u":"15,48 €/KG","img":"https://fd9-photos.leclercdrive.fr/image.ashx?id=2824268&use=l&cat=p&typeid=i","cat":284750},{"id":33199,"n":"Sirop Eco+ Fraise - 1L","p":2.43,"u":"2,43 €/L","img":"https://fd9-photos.leclercdrive.fr/image.ashx?id=2959701&use=l&cat=p&typeid=i","cat":295020},{"id":33200,"n":"Sirop menthe Eco+ 1L","p":1.41,"u":"1,41 €/L","img":"https://fd9-photos.leclercdrive.fr/image.ashx?id=2909831&use=l&cat=p&typeid=i","cat":295020},{"id":33201,"n":"Sirop Eco+ Pêche - 1L","p":2.58,"u":"2,58 €/L","img":"https://fd9-photos.leclercdrive.fr/image.ashx?id=2901422&use=l&cat=p&typeid=i","cat":295020},{"id":33207,"n":"Gaufres fourrées vergeoises NRT 280g","p":3.59,"u":"12,82 €/KG","img":"https://fd9-photos.leclercdrive.fr/image.ashx?id=2622332&use=l&cat=p&typeid=i","cat":294777},{"id":33210,"n":"Panais  500g","p":1.39,"u":"2,78 €/KG","img":"https://fd9-photos.leclercdrive.fr/image.ashx?id=1632611&use=l&cat=p&typeid=i","cat":284352},{"id":33219,"n":"Truite fumée Ovive Aquitaine 4 tranches - 120g","p":5.82,"u":"48,50 €/KG","img":"https://fd9-photos.leclercdrive.fr/image.ashx?id=2996941&use=l&cat=p&typeid=i","cat":285188},{"id":33255,"n":"Pâtes farfalle Turini Les 3 min - 500g","p":1.07,"u":"2,14 €/KG","img":"https://fd9-photos.leclercdrive.fr/image.ashx?id=2669723&use=l&cat=p&typeid=i","cat":284427},{"id":33262,"n":"Céréales Corn Flakes Kellogg's 500g","p":2.42,"u":"4,84 €/KG","img":"https://fd9-photos.leclercdrive.fr/image.ashx?id=2522005&use=l&cat=p&typeid=i","cat":309513},{"id":33266,"n":"Céréales Smacks Kellogg's 400g","p":2.24,"u":"5,60 €/KG","img":"https://fd9-photos.leclercdrive.fr/image.ashx?id=2584235&use=l&cat=p&typeid=i","cat":309513},{"id":33269,"n":"Pommes de terre Pom'lisse Grenaille - 450g","p":2.45,"u":"5,44 €/KG","img":"https://fd9-photos.leclercdrive.fr/image.ashx?id=2704708&use=l&cat=p&typeid=i","cat":319792},{"id":33274,"n":"Pâtes spaghetti Turini Les 3 min - 1kg","p":1.55,"u":"1,55 €/KG","img":"https://fd9-photos.leclercdrive.fr/image.ashx?id=2607533&use=l&cat=p&typeid=i","cat":284427},{"id":33287,"n":"Pâtes Torsettes Turini 3 min - 1kg","p":1.63,"u":"1,63 €/KG","img":"https://fd9-photos.leclercdrive.fr/image.ashx?id=2744237&use=l&cat=p&typeid=i","cat":284427},{"id":33292,"n":"Pruneaux d'Agen Couleurs Vives Dénoyautés - 1kg","p":7.93,"u":"7,93 €/KG","img":"https://fd9-photos.leclercdrive.fr/image.ashx?id=2128537&use=l&cat=p&typeid=i","cat":284357},{"id":33299,"n":"Sérum physiologique Mots d'Enfants 5ml x40","p":2.19,"u":"10,95 €/L","img":"https://fd9-photos.leclercdrive.fr/image.ashx?id=3014209&use=l&cat=p&typeid=i","cat":284741},{"id":33301,"n":"Soda light  Pulp'Orange Orange Bouteille - 1,5L","p":1.39,"u":"0,93 €/L","img":"https://fd9-photos.leclercdrive.fr/image.ashx?id=2922412&use=l&cat=p&typeid=i","cat":284532},{"id":33302,"n":"Pâtes cannelloni Turini 250g","p":0.99,"u":"3,96 €/KG","img":"https://fd9-photos.leclercdrive.fr/image.ashx?id=2980468&use=l&cat=p&typeid=i","cat":284427},{"id":33304,"n":"Soja cuisine Bio Village Fluide bio - 3x20cl","p":1.61,"u":"2,68 €/L","img":"https://fd9-photos.leclercdrive.fr/image.ashx?id=2493679&use=l&cat=p&typeid=i","cat":316069},{"id":33306,"n":"Sucre pure canne Bio Village En poudre bio - 500g","p":1.66,"u":"3,32 €/KG","img":"https://fd9-photos.leclercdrive.fr/image.ashx?id=3010443&use=l&cat=p&typeid=i","cat":284502},{"id":33307,"n":"Semoule de blé fine Comptoir du Grain - 500g","p":0.96,"u":"1,92 €/KG","img":"https://fd9-photos.leclercdrive.fr/image.ashx?id=3012842&use=l&cat=p&typeid=i","cat":284429},{"id":33309,"n":"Galettes de maïs Bio Village x19 - 130g","p":0.91,"u":"7,00 €/KG","img":"https://fd9-photos.leclercdrive.fr/image.ashx?id=1959490&use=l&cat=p&typeid=i","cat":318651},{"id":33313,"n":"Soupe Doux Plaisir Liebig Potiron et kiri - 2x1L","p":4.99,"u":"2,50 €/L","img":"https://fd9-photos.leclercdrive.fr/image.ashx?id=2363856&use=l&cat=p&typeid=i","cat":284462},{"id":33334,"n":"Crème hydratante Mots d'Enfants Bébé - 100ml","p":2.38,"u":"23,80 €/L","img":"https://fd9-photos.leclercdrive.fr/image.ashx?id=3014218&use=l&cat=p&typeid=i","cat":284741},{"id":33336,"n":"Gel lavant bébé Mots d'Enfants Corps et cheveux - 750ml","p":3.15,"u":"4,20 €/L","img":"https://fd9-photos.leclercdrive.fr/image.ashx?id=3014224&use=l&cat=p&typeid=i","cat":284740},{"id":33399,"n":"Pâte d'amande 40% Vahiné Tricolore 150g","p":2.18,"u":"14,53 €/KG","img":"https://fd9-photos.leclercdrive.fr/image.ashx?id=2014370&use=l&cat=p&typeid=i","cat":284504},{"id":33442,"n":"Cocktail fruits de mer Escal 900g","p":10.44,"u":"11,60 €/KG","img":"https://fd9-photos.leclercdrive.fr/image.ashx?id=2438609&use=l&cat=p&typeid=i","cat":319787},{"id":33551,"n":"Bloc de foie gras Dégustation Labeyrie 30% morceaux - 300g","p":25.99,"u":"86,63 €/KG","img":"https://fd9-photos.leclercdrive.fr/image.ashx?id=2770359&use=l&cat=p&typeid=i","cat":316008},{"id":33579,"n":"Fromage à tartiner Boursin Echalote ciboulette 10 portions","p":2.37,"u":"14,81 €/KG","img":"https://fd9-photos.leclercdrive.fr/image.ashx?id=2962056&use=l&cat=p&typeid=i","cat":314029},{"id":33582,"n":"Fromage à tartiner Boursin Poivre - 150g","p":2.33,"u":"15,53 €/KG","img":"https://fd9-photos.leclercdrive.fr/image.ashx?id=2962284&use=l&cat=p&typeid=i","cat":314029},{"id":33583,"n":"Dés de fromage salade Boursin Figue et 3 noix - 120g","p":2.25,"u":"18,75 €/KG","img":"https://fd9-photos.leclercdrive.fr/image.ashx?id=2865668&use=l&cat=p&typeid=i","cat":314027},{"id":33594,"n":"Cacahuètes  Benenuts Grillées salées - 220g","p":1.31,"u":"5,95 €/KG","img":"https://fd9-photos.leclercdrive.fr/image.ashx?id=2418762&use=l&cat=p&typeid=i","cat":284448},{"id":33595,"n":"Monster Munch Salé - 85g","p":0.99,"u":"11,65 €/KG","img":"https://fd9-photos.leclercdrive.fr/image.ashx?id=2971598&use=l&cat=p&typeid=i","cat":284449},{"id":33596,"n":"Monster Munch Jambon fromage - 85g","p":1.04,"u":"12,24 €/KG","img":"https://fd9-photos.leclercdrive.fr/image.ashx?id=2971604&use=l&cat=p&typeid=i","cat":284449},{"id":33600,"n":"Monster Munch Ketchup - 85g","p":1.07,"u":"12,59 €/KG","img":"https://fd9-photos.leclercdrive.fr/image.ashx?id=2996932&use=l&cat=p&typeid=i","cat":284449},{"id":33667,"n":"Crème de cassis Auguste Mugniot 15%vol. - 70cl","p":4.89,"u":"6,99 €/L","img":"https://fd9-photos.leclercdrive.fr/image.ashx?id=1211501&use=l&cat=p&typeid=i","cat":286032},{"id":33680,"n":"Croquettes grands chiens Lydog Boeuf Volaille - 14.5kg","p":18.7,"u":"1,29 €/KG","img":"https://fd9-photos.leclercdrive.fr/image.ashx?id=2054975&use=l&cat=p&typeid=i","cat":284672},{"id":33744,"n":"AOP Côtes du Rhône vin rouge Bernard Cordelier - 75cl","p":1.99,"u":"2,65 €/L","img":"https://fd9-photos.leclercdrive.fr/image.ashx?id=2744344&use=l&cat=p&typeid=i","cat":289556},{"id":33745,"n":"IGP Pays d'Oc rosé Cinsault  Syrah Ormes de Cambras - BIB 5L","p":15.82,"u":"3,16 €/L","img":"https://fd9-photos.leclercdrive.fr/image.ashx?id=2445118&use=l&cat=p&typeid=i","cat":289560},{"id":33755,"n":"AOP Monbazillac vin blanc Bernard Cordelier - 75 cl","p":5.99,"u":"7,99 €/L","img":"https://fd9-photos.leclercdrive.fr/image.ashx?id=2809184&use=l&cat=p&typeid=i","cat":289557},{"id":33773,"n":"Biscuits petit dej P'tit Déli  Multi céréales - 400g","p":1.84,"u":"4,60 €/KG","img":"https://fd9-photos.leclercdrive.fr/image.ashx?id=2999505&use=l&cat=p&typeid=i","cat":284491},{"id":33792,"n":"Crème mains bio Bio NaÏa Hydratante - 100ml","p":1.99,"u":"19,90 €/L","img":"https://fd9-photos.leclercdrive.fr/image.ashx?id=2558811&use=l&cat=p&typeid=i","cat":325354},{"id":33801,"n":"Crème protectrice - change Mots d'Enfants - 100ml","p":1.99,"u":"19,90 €/L","img":"https://fd9-photos.leclercdrive.fr/image.ashx?id=2320468&use=l&cat=p&typeid=i","cat":284741},{"id":33802,"n":"Lait Démaquillant bio Bio Naïa Visage 250ml","p":2.56,"u":"10,24 €/L","img":"https://fd9-photos.leclercdrive.fr/image.ashx?id=2399752&use=l&cat=p&typeid=i","cat":284603},{"id":33804,"n":"Déodorant Manava Douceur satin 200ml","p":1.44,"u":"7,20 €/L","img":"https://fd9-photos.leclercdrive.fr/image.ashx?id=2835202&use=l&cat=p&typeid=i","cat":284595},{"id":33805,"n":"Lingettes désinfectantes Clair Anti-bactériennes x40","p":1.05,"u":"0,03 €/P","img":"https://fd9-photos.leclercdrive.fr/image.ashx?id=2768095&use=l&cat=p&typeid=i","cat":325358},{"id":33811,"n":"Pastis de Marseille 45%vol - 1L","p":16.35,"u":"16,35 €/L","img":"https://fd9-photos.leclercdrive.fr/image.ashx?id=2637817&use=l&cat=p&typeid=i","cat":284548},{"id":33816,"n":"Bâtonnets Dentastix Pedigree Moyen chien x56 - 1440g","p":14.04,"u":"10,03 €/KG","img":"https://fd9-photos.leclercdrive.fr/image.ashx?id=2980185&use=l&cat=p&typeid=i","cat":294527},{"id":33819,"n":"Friandises chien Pedigree  Rodeo bœuf x4 - 70g","p":0.84,"u":"12,00 €/KG","img":"https://fd9-photos.leclercdrive.fr/image.ashx?id=2997202&use=l&cat=p&typeid=i","cat":294527},{"id":33820,"n":"Friandises chat Catisfactions Saumon - 60g","p":1.13,"u":"18,83 €/KG","img":"https://fd9-photos.leclercdrive.fr/image.ashx?id=2912605&use=l&cat=p&typeid=i","cat":285285},{"id":33822,"n":"Pina Colada Jafaden  Cocktail sans alcool 1L","p":2.57,"u":"2,57 €/L","img":"https://fd9-photos.leclercdrive.fr/image.ashx?id=2956104&use=l&cat=p&typeid=i","cat":284549},{"id":33847,"n":"Pur jus multifruits Jafaden Orange Ananas Mangue - 1L","p":2.29,"u":"2,29 €/L","img":"https://fd9-photos.leclercdrive.fr/image.ashx?id=2841160&use=l&cat=p&typeid=i","cat":284917},{"id":33848,"n":"Pur jus multifruits Jafaden  Orange Clémentine Banane - 1L","p":2.35,"u":"2,35 €/L","img":"https://fd9-photos.leclercdrive.fr/image.ashx?id=2841163&use=l&cat=p&typeid=i","cat":284917},{"id":33849,"n":"Shampooing bio Bio naïa 250ml","p":1.8,"u":"7,20 €/L","img":"https://fd9-photos.leclercdrive.fr/image.ashx?id=2822117&use=l&cat=p&typeid=i","cat":284606},{"id":33850,"n":"Eponges multi-usage Mamison Vertes - X6","p":1.75,"u":"0,29 €/P","img":"https://fd9-photos.leclercdrive.fr/image.ashx?id=2175768&use=l&cat=p&typeid=i","cat":284667},{"id":33852,"n":"Cubes allume-feu Silex x72 cubes","p":3.05,"u":"0,04 €/P","img":"https://fd9-photos.leclercdrive.fr/image.ashx?id=1304486&use=l&cat=p&typeid=i","cat":300578},{"id":33882,"n":"Farfalle Bio Village Bio Au blé complet - 500g","p":1.95,"u":"3,90 €/KG","img":"https://fd9-photos.leclercdrive.fr/image.ashx?id=2625373&use=l&cat=p&typeid=i","cat":284427},{"id":33885,"n":"Olives noires  Rustica Dénoyautées - 180g","p":1.23,"u":"6,83 €/KG","img":"https://fd9-photos.leclercdrive.fr/image.ashx?id=1698893&use=l&cat=p&typeid=i","cat":284458},{"id":33887,"n":"Pains grillés complet Epi d'or 400g","p":1.57,"u":"3,93 €/KG","img":"https://fd9-photos.leclercdrive.fr/image.ashx?id=2982610&use=l&cat=p&typeid=i","cat":284479},{"id":33889,"n":"Pain précuit Epi d'or Petits pains x6 - 300g","p":0.99,"u":"3,30 €/KG","img":"https://fd9-photos.leclercdrive.fr/image.ashx?id=1905869&use=l&cat=p&typeid=i","cat":325069},{"id":33891,"n":"Paëlla royale Côté Table 300g","p":3.39,"u":"11,30 €/KG","img":"https://fd9-photos.leclercdrive.fr/image.ashx?id=2393872&use=l&cat=p&typeid=i","cat":284953},{"id":33892,"n":"Poule au riz Côté table 300g","p":2.31,"u":"7,70 €/KG","img":"https://fd9-photos.leclercdrive.fr/image.ashx?id=2393875&use=l&cat=p&typeid=i","cat":284953},{"id":33893,"n":"Penne Bio Village  Bio - 500g","p":0.89,"u":"1,78 €/KG","img":"https://fd9-photos.leclercdrive.fr/image.ashx?id=2625370&use=l&cat=p&typeid=i","cat":284427},{"id":33898,"n":"Confit de canard du Sud-Ouest Nos régions ont du talent -225g","p":4.99,"u":"22,18 €/KG","img":"https://fd9-photos.leclercdrive.fr/image.ashx?id=2753511&use=l&cat=p&typeid=i","cat":284339},{"id":33909,"n":"P'tit sablé P'tit Déli Au sel de Guérande 130g","p":1.09,"u":"8,38 €/KG","img":"https://fd9-photos.leclercdrive.fr/image.ashx?id=2666566&use=l&cat=p&typeid=i","cat":284487},{"id":33910,"n":"Biscuit Petit beurre P'tit Déli Chocolat noir pocket - 250g","p":2.39,"u":"9,56 €/KG","img":"https://fd9-photos.leclercdrive.fr/image.ashx?id=750629&use=l&cat=p&typeid=i","cat":284488},{"id":33914,"n":"Tartines craquante  Sans Gluten - 2x125g","p":2.59,"u":"10,36 €/KG","img":"https://fd9-photos.leclercdrive.fr/image.ashx?id=2518550&use=l&cat=p&typeid=i","cat":318654},{"id":33915,"n":"Veau aux légumes Côté table Barquette 280g","p":2.29,"u":"8,18 €/KG","img":"https://fd9-photos.leclercdrive.fr/image.ashx?id=2476152&use=l&cat=p&typeid=i","cat":284953},{"id":33917,"n":"Thon entier Pêche Océan Huile d'olive - 160g","p":2.29,"u":"14,31 €/KG","img":"https://fd9-photos.leclercdrive.fr/image.ashx?id=2942199&use=l&cat=p&typeid=i","cat":303867},{"id":33918,"n":"Pâtes torsettes Turini Blé complet - 500g","p":0.99,"u":"1,98 €/KG","img":"https://fd9-photos.leclercdrive.fr/image.ashx?id=2607527&use=l&cat=p&typeid=i","cat":284427},{"id":33919,"n":"Son de blé Bio Village Sachet Bio - 250g","p":0.99,"u":"3,96 €/KG","img":"https://fd9-photos.leclercdrive.fr/image.ashx?id=2798383&use=l&cat=p&typeid=i","cat":309512},{"id":33921,"n":"Boisson énergisante X-tense Bouteille - 1L","p":1.8,"u":"1,80 €/L","img":"https://fd9-photos.leclercdrive.fr/image.ashx?id=2919619&use=l&cat=p&typeid=i","cat":284533},{"id":33925,"n":"Hachés au thon Pêche Océan Albacore à la tomate - 200g","p":2.7,"u":"13,50 €/KG","img":"https://fd9-photos.leclercdrive.fr/image.ashx?id=2953629&use=l&cat=p&typeid=i","cat":284344},{"id":33982,"n":"Soupe de poisson NRT à la Sétoise - 780g","p":3.99,"u":"5,12 €/KG","img":"https://fd9-photos.leclercdrive.fr/image.ashx?id=2834335&use=l&cat=p&typeid=i","cat":285192},{"id":33988,"n":"Bloc WC Syphon Activ' Effect Marine x1","p":1.58,"img":"https://fd9-photos.leclercdrive.fr/image.ashx?id=2302690&use=l&cat=p&typeid=i","cat":284662},{"id":33989,"n":"Coq au vin Côté Table 400g","p":2.54,"u":"6,35 €/KG","img":"https://fd9-photos.leclercdrive.fr/image.ashx?id=2977876&use=l&cat=p&typeid=i","cat":284441},{"id":34006,"n":"Boisson aux fruits Capri Sun Tropical - 10x20cl","p":3.38,"u":"1,69 €/L","img":"https://fd9-photos.leclercdrive.fr/image.ashx?id=2506399&use=l&cat=p&typeid=i","cat":295018},{"id":34007,"n":"Bâtonnets Dentastix Pedigree  Fresh Moyen chien x7 - 180g","p":2.46,"u":"13,67 €/KG","img":"https://fd9-photos.leclercdrive.fr/image.ashx?id=2850171&use=l&cat=p&typeid=i","cat":294527},{"id":34106,"n":"Dosettes café Plantation  Classique - x36 - 250g","p":3.72,"u":"14,88 €/KG","img":"https://fd9-photos.leclercdrive.fr/image.ashx?id=2622109&use=l&cat=p&typeid=i","cat":293238},{"id":34107,"n":"Dosettes café Plantation  Corsé - x36 - 250g","p":3.72,"u":"14,88 €/KG","img":"https://fd9-photos.leclercdrive.fr/image.ashx?id=2622112&use=l&cat=p&typeid=i","cat":293238},{"id":34175,"n":"Bouillon de boeuf Jardin Bio' Bio cube sans huile palme - x8","p":2.19,"u":"27,38 €/KG","img":"https://fd9-photos.leclercdrive.fr/image.ashx?id=2535532&use=l&cat=p&typeid=i","cat":288379},{"id":34176,"n":"Bouillon de légumes Jardin Bio' Bio cube sans huile palme x10","p":2.2,"u":"24,44 €/KG","img":"https://fd9-photos.leclercdrive.fr/image.ashx?id=2990844&use=l&cat=p&typeid=i","cat":288379},{"id":34177,"n":"Effilés aux legumes Purina One Poulet / Boeufs - 4x85g","p":2.15,"u":"6,32 €/KG","img":"https://fd9-photos.leclercdrive.fr/image.ashx?id=2467483&use=l&cat=p&typeid=i","cat":285286},{"id":34180,"n":"Gants jetables Mamison latex Taille M x100","p":5.49,"u":"0,05 €/P","img":"https://fd9-photos.leclercdrive.fr/image.ashx?id=1947725&use=l&cat=p&typeid=i","cat":284668},{"id":34183,"n":"Tortilla Tables du monde Oignons 500g","p":2.89,"u":"5,78 €/KG","img":"https://fd9-photos.leclercdrive.fr/image.ashx?id=794123&use=l&cat=p&typeid=i","cat":333673},{"id":34184,"n":"Filets poulet blanc Maître Coq 600g","p":6.4,"u":"10,67 €/KG","img":"https://fd9-photos.leclercdrive.fr/image.ashx?id=2551156&use=l&cat=p&typeid=i","cat":284336},{"id":34186,"n":"Aiguillettes poulet Maitre coq Blanc - 450g","p":6.31,"u":"14,02 €/KG","img":"https://fd9-photos.leclercdrive.fr/image.ashx?id=2551162&use=l&cat=p&typeid=i","cat":284336},{"id":34196,"n":"Gratin Fleury Michon Choux-fleur jambon 280g","p":3.18,"u":"11,36 €/KG","img":"https://fd9-photos.leclercdrive.fr/image.ashx?id=3003293&use=l&cat=p&typeid=i","cat":333665},{"id":34198,"n":"Filet poulet blanc Douce France  x2 -300G","p":3.52,"u":"11,73 €/KG","img":"https://fd9-photos.leclercdrive.fr/image.ashx?id=2305323&use=l&cat=p&typeid=i","cat":284336},{"id":34199,"n":"Filet poulet jaune Douce France x2 - 300g","p":4.09,"u":"13,63 €/KG","img":"https://fd9-photos.leclercdrive.fr/image.ashx?id=2305326&use=l&cat=p&typeid=i","cat":284336},{"id":34203,"n":"Tortilla Tables du monde Nature 500g","p":2.89,"u":"5,78 €/KG","img":"https://fd9-photos.leclercdrive.fr/image.ashx?id=654051&use=l&cat=p&typeid=i","cat":333673},{"id":34204,"n":"Lait corps bio Bio naïa 250ml","p":3.53,"u":"14,12 €/L","img":"https://fd9-photos.leclercdrive.fr/image.ashx?id=2431131&use=l&cat=p&typeid=i","cat":325349},{"id":34241,"n":"Manchons de poulet Côté Croc Barbecue - 250g","p":2.49,"u":"9,96 €/KG","img":"https://fd9-photos.leclercdrive.fr/image.ashx?id=2560482&use=l&cat=p&typeid=i","cat":333685},{"id":34258,"n":"Bière blonde spéciale 5 Lager Canette - 5%vol. - 50cl","p":0.79,"u":"1,58 €/L","img":"https://fd9-photos.leclercdrive.fr/image.ashx?id=2954094&use=l&cat=p&typeid=i","cat":334853},{"id":34326,"n":"Dosettes café Plantation  Caramel - x10 - 70g","p":1.63,"u":"23,29 €/KG","img":"https://fd9-photos.leclercdrive.fr/image.ashx?id=2824277&use=l&cat=p&typeid=i","cat":293238},{"id":34327,"n":"Dosettes café Plantation Noisette - x10 - 70g","p":1.82,"u":"26,00 €/KG","img":"https://fd9-photos.leclercdrive.fr/image.ashx?id=2664578&use=l&cat=p&typeid=i","cat":293238},{"id":34331,"n":"Boisson à base de vin rosé Very Cerise - 75cl","p":2.95,"u":"3,93 €/L","img":"https://fd9-photos.leclercdrive.fr/image.ashx?id=2443877&use=l&cat=p&typeid=i","cat":304569},{"id":34333,"n":"Boisson à base de vin rosé Very Framboise - 75cl","p":2.85,"u":"3,80 €/L","img":"https://fd9-photos.leclercdrive.fr/image.ashx?id=2446632&use=l&cat=p&typeid=i","cat":304569},{"id":34334,"n":"Boisson à base de vin blanc  Very Pech'- Pêche - 75cl","p":2.95,"u":"3,93 €/L","img":"https://fd9-photos.leclercdrive.fr/image.ashx?id=2443874&use=l&cat=p&typeid=i","cat":304569},{"id":34361,"n":"Préparation pain Tablier Blanc Farine pour pain nature - 1kg","p":1.35,"u":"1,35 €/KG","img":"https://fd9-photos.leclercdrive.fr/image.ashx?id=2832951&use=l&cat=p&typeid=i","cat":284503},{"id":34362,"n":"Préparation pain Tablier Blanc Farine pain aux céréales - 1kg","p":1.45,"u":"1,45 €/KG","img":"https://fd9-photos.leclercdrive.fr/image.ashx?id=2844836&use=l&cat=p&typeid=i","cat":284503},{"id":34406,"n":"Dosettes café Plantation  Décaféiné - x36 - 250g","p":3.99,"u":"15,96 €/KG","img":"https://fd9-photos.leclercdrive.fr/image.ashx?id=2824274&use=l&cat=p&typeid=i","cat":293238},{"id":34500,"n":"Dosettes café Plantation  Classique - x48 - 336g","p":4.95,"u":"14,73 €/KG","img":"https://fd9-photos.leclercdrive.fr/image.ashx?id=2824271&use=l&cat=p&typeid=i","cat":293238},{"id":34521,"n":"Bière blonde Falsbourg 4.2%vol. - 24x25cl","p":8.55,"u":"1,43 €/L","img":"https://fd9-photos.leclercdrive.fr/image.ashx?id=2637910&use=l&cat=p&typeid=i","cat":334873},{"id":34659,"n":"Mini chinois Epi d'Or Nature x6 - 300g","p":1.8,"u":"6,00 €/KG","img":"https://fd9-photos.leclercdrive.fr/image.ashx?id=2860739&use=l&cat=p&typeid=i","cat":296366},{"id":34660,"n":"Pruneaux d'Agen Couleurs Vives Dénoyautés - 250g","p":2.99,"u":"11,96 €/KG","img":"https://fd9-photos.leclercdrive.fr/image.ashx?id=2093129&use=l&cat=p&typeid=i","cat":284357},{"id":34672,"n":"Ail blanc Panier du Primeur A mijoter et à confire x3","p":2.99,"u":"1,00 €/P","img":"https://fd9-photos.leclercdrive.fr/image.ashx?id=2958720&use=l&cat=p&typeid=i","cat":284352},{"id":34679,"n":"Eponges grattantes Mamison Couleurs pop x2","p":1.38,"u":"0,69 €/P","img":"https://fd9-photos.leclercdrive.fr/image.ashx?id=2207724&use=l&cat=p&typeid=i","cat":284667},{"id":34684,"n":"Eponges grattantes Mamison Fibres naturelles X2","p":1.28,"u":"0,64 €/P","img":"https://fd9-photos.leclercdrive.fr/image.ashx?id=2387088&use=l&cat=p&typeid=i","cat":284667},{"id":34693,"n":"Briochettes pépites Epi d'Or Chocolat au lait x12 - 500g","p":2.44,"u":"4,88 €/KG","img":"https://fd9-photos.leclercdrive.fr/image.ashx?id=2867913&use=l&cat=p&typeid=i","cat":293505},{"id":34694,"n":"Briochettes pépites Epi d'Or Chocolat - x12 500g","p":2.79,"u":"5,58 €/KG","img":"https://fd9-photos.leclercdrive.fr/image.ashx?id=2867910&use=l&cat=p&typeid=i","cat":293505},{"id":34718,"n":"Épinards à cuire Panier Primeur 400g","p":1.99,"u":"4,98 €/KG","img":"https://fd9-photos.leclercdrive.fr/image.ashx?id=2635538&use=l&cat=p&typeid=i","cat":284353},{"id":34763,"n":"Huile Cheveux Elsève Sublimateur Cheveu sec - 100ml","p":11.05,"u":"110,50 €/L","img":"https://fd9-photos.leclercdrive.fr/image.ashx?id=2870671&use=l&cat=p&typeid=i","cat":284608},{"id":34813,"n":"Thé Britley Citron - x25 - 40g","p":0.88,"u":"22,00 €/KG","img":"https://fd9-photos.leclercdrive.fr/image.ashx?id=2897784&use=l&cat=p&typeid=i","cat":293233},{"id":34841,"n":"Rillettes Tradilège poulet rôti 220g","p":1.79,"u":"8,14 €/KG","img":"https://fd9-photos.leclercdrive.fr/image.ashx?id=2930924&use=l&cat=p&typeid=i","cat":316008},{"id":34908,"n":"Fromage frais Petit Yoplait Nature 3.8%MG - 6x60g","p":1.37,"u":"3,81 €/KG","img":"https://fd9-photos.leclercdrive.fr/image.ashx?id=2811026&use=l&cat=p&typeid=i","cat":284409},{"id":34915,"n":"Fromage frais Petit Yoplait Nature 3.8%MG - 12x60g","p":1.87,"u":"2,60 €/KG","img":"https://fd9-photos.leclercdrive.fr/image.ashx?id=2811029&use=l&cat=p&typeid=i","cat":284409},{"id":34919,"n":"Fromage frais Petit Yoplait Nature 0%MG - 12x60g","p":2.2,"u":"3,06 €/KG","img":"https://fd9-photos.leclercdrive.fr/image.ashx?id=2811023&use=l&cat=p&typeid=i","cat":315000},{"id":34928,"n":"Bière blonde Falsbourg 4.2%vol. - 10x25cl","p":4.59,"u":"1,84 €/L","img":"https://fd9-photos.leclercdrive.fr/image.ashx?id=2637907&use=l&cat=p&typeid=i","cat":334873},{"id":34952,"n":"Ratatouille à la Provençale NRT 650g","p":3.3,"u":"5,08 €/KG","img":"https://fd9-photos.leclercdrive.fr/image.ashx?id=2771390&use=l&cat=p&typeid=i","cat":312612},{"id":34955,"n":"Vin mousseux Pol Rémy Gala brut 75cl","p":2.8,"u":"3,73 €/L","img":"https://fd9-photos.leclercdrive.fr/image.ashx?id=2105518&use=l&cat=p&typeid=i","cat":284544},{"id":34957,"n":"Vin mousseux Paul Bur Brut 75cl","p":3.33,"u":"4,44 €/L","img":"https://fd9-photos.leclercdrive.fr/image.ashx?id=2101450&use=l&cat=p&typeid=i","cat":284544},{"id":34958,"n":"Vin mousseux Paul Bur Demi-sec - 75cl","p":3.5,"u":"4,67 €/L","img":"https://fd9-photos.leclercdrive.fr/image.ashx?id=2020158&use=l&cat=p&typeid=i","cat":284544},{"id":34973,"n":"Bière Trois Monts Grande réserve 9.5%vol. - 75cl","p":2.86,"u":"3,81 €/L","img":"https://fd9-photos.leclercdrive.fr/image.ashx?id=2548376&use=l&cat=p&typeid=i","cat":334852},{"id":34982,"n":"Bûche chèvre Soignon 200g","p":2.21,"u":"11,05 €/KG","img":"https://fd9-photos.leclercdrive.fr/image.ashx?id=2995325&use=l&cat=p&typeid=i","cat":314031},{"id":34999,"n":"Nuggets Croustillant Père Dodu  Poulet x10 - 200g","p":2.3,"u":"11,50 €/KG","img":"https://fd9-photos.leclercdrive.fr/image.ashx?id=2956975&use=l&cat=p&typeid=i","cat":333684},{"id":35008,"n":"Céréales Special K Kellogg's Nature - 750g","p":3.99,"u":"5,32 €/KG","img":"https://fd9-photos.leclercdrive.fr/image.ashx?id=2586288&use=l&cat=p&typeid=i","cat":309512},{"id":35010,"n":"Mélange safran Ducros 14 doses -  8.4g","p":3.02,"u":"377,50 €/KG","img":"https://fd9-photos.leclercdrive.fr/image.ashx?id=2486590&use=l&cat=p&typeid=i","cat":298297},{"id":35018,"n":"Bouillon de poule Jardin Bio' Bio cube sans huile palme - x8","p":1.77,"u":"22,13 €/KG","img":"https://fd9-photos.leclercdrive.fr/image.ashx?id=2535004&use=l&cat=p&typeid=i","cat":288379},{"id":35022,"n":"Cordon bleu Le Gaulois Dinde x4 - 400g","p":4.01,"u":"10,03 €/KG","img":"https://fd9-photos.leclercdrive.fr/image.ashx?id=2860226&use=l&cat=p&typeid=i","cat":333683},{"id":35023,"n":"Sirop d'agave bio Jardin Bio' 50cl","p":6.45,"u":"12,90 €/L","img":"https://fd9-photos.leclercdrive.fr/image.ashx?id=2747061&use=l&cat=p&typeid=i","cat":287643},{"id":35025,"n":"Infusion bio Jardin Bio' Verveine citronée x20 28g","p":2.08,"u":"74,29 €/KG","img":"https://fd9-photos.leclercdrive.fr/image.ashx?id=2985312&use=l&cat=p&typeid=i","cat":293234},{"id":35026,"n":"Concentré de tomate Jardin Bio Bio Double concentré - 200g","p":1.64,"u":"8,20 €/KG","img":"https://fd9-photos.leclercdrive.fr/image.ashx?id=2535469&use=l&cat=p&typeid=i","cat":288384},{"id":35027,"n":"Dessert fruitier bio Jardin Bio Pomme poire 680g","p":2.68,"u":"3,94 €/KG","img":"https://fd9-photos.leclercdrive.fr/image.ashx?id=2939877&use=l&cat=p&typeid=i","cat":284508},{"id":35034,"n":"Eau minérale gazeuse Perrier  Canettes - 6x33cl","p":2.79,"u":"1,41 €/L","img":"https://fd9-photos.leclercdrive.fr/image.ashx?id=2672554&use=l&cat=p&typeid=i","cat":284536},{"id":35039,"n":"Dosettes café Plantation Corsé - x48 - 336g","p":4.95,"u":"14,73 €/KG","img":"https://fd9-photos.leclercdrive.fr/image.ashx?id=2622115&use=l&cat=p&typeid=i","cat":293238},{"id":35046,"n":"Sangria Festalie 7%vol. - 3L","p":3.65,"u":"1,22 €/L","img":"https://fd9-photos.leclercdrive.fr/image.ashx?id=2515497&use=l&cat=p&typeid=i","cat":286032},{"id":35047,"n":"Vodka Novotna Pure grain - 37.5%vol - 50cl","p":8.67,"u":"17,34 €/L","img":"https://fd9-photos.leclercdrive.fr/image.ashx?id=1654468&use=l&cat=p&typeid=i","cat":284550},{"id":35049,"n":"Scotch Whisky Baird's 40%vol - 50cl","p":9.51,"u":"19,02 €/L","img":"https://fd9-photos.leclercdrive.fr/image.ashx?id=2913687&use=l&cat=p&typeid=i","cat":284547},{"id":35117,"n":"Riste d'aubergines provençale NRT - 650g","p":3.99,"u":"6,14 €/KG","img":"https://fd9-photos.leclercdrive.fr/image.ashx?id=2771387&use=l&cat=p&typeid=i","cat":284441},{"id":35138,"n":"Yaourt SMARTIES Vanille bonbons chocolat 4x120g","p":2.39,"u":"4,98 €/KG","img":"https://fd9-photos.leclercdrive.fr/image.ashx?id=2571038&use=l&cat=p&typeid=i","cat":284414},{"id":35146,"n":"Fromages râpé spécial Pizza  Les Croisés - 125g","p":1.62,"u":"12,96 €/KG","img":"https://fd9-photos.leclercdrive.fr/image.ashx?id=2946175&use=l&cat=p&typeid=i","cat":314035},{"id":35147,"n":"Fromage Cheddar Burger Les Croisés 20 Tranches - 340g","p":1.99,"u":"5,85 €/KG","img":"https://fd9-photos.leclercdrive.fr/image.ashx?id=2946844&use=l&cat=p&typeid=i","cat":314028},{"id":35148,"n":"Fromage Emmental Croque Les Croisés 20 Tranches - 340g","p":2.01,"u":"5,91 €/KG","img":"https://fd9-photos.leclercdrive.fr/image.ashx?id=2946847&use=l&cat=p&typeid=i","cat":314028},{"id":35155,"n":"Tablette de chocolat noir Lindt Fleur de sel - 100g","p":2.21,"u":"22,10 €/KG","img":"https://fd9-photos.leclercdrive.fr/image.ashx?id=2681595&use=l&cat=p&typeid=i","cat":284956},{"id":35159,"n":"Croco Haribo Sachet bonbons - 280g","p":1.27,"u":"4,54 €/KG","img":"https://fd9-photos.leclercdrive.fr/image.ashx?id=2446467&use=l&cat=p&typeid=i","cat":304250},{"id":35160,"n":"Croissants Pasquier x16 - 640g","p":3.75,"u":"5,86 €/KG","img":"https://fd9-photos.leclercdrive.fr/image.ashx?id=2853056&use=l&cat=p&typeid=i","cat":296366},{"id":35173,"n":"Joker Le Fruit Jus multifruits  1,5L","p":2.54,"u":"1,69 €/L","img":"https://fd9-photos.leclercdrive.fr/image.ashx?id=2785727&use=l&cat=p&typeid=i","cat":284917},{"id":35174,"n":"Jus d'orange Joker Le Fruit 1,5L","p":3.29,"u":"2,19 €/L","img":"https://fd9-photos.leclercdrive.fr/image.ashx?id=2785733&use=l&cat=p&typeid=i","cat":284521},{"id":35182,"n":"Boisson énergisante Monster Original - 50cl","p":1.33,"u":"2,66 €/L","img":"https://fd9-photos.leclercdrive.fr/image.ashx?id=2510163&use=l&cat=p&typeid=i","cat":284533},{"id":35185,"n":"Eau aromatisée Volvic Juicy Citronnade - 1,5L","p":1.46,"u":"0,97 €/L","img":"https://fd9-photos.leclercdrive.fr/image.ashx?id=3011008&use=l&cat=p&typeid=i","cat":284537},{"id":35230,"n":"Nonnettes de Dijon NRT Orange - 200g","p":3.99,"u":"19,95 €/KG","img":"https://fd9-photos.leclercdrive.fr/image.ashx?id=2622326&use=l&cat=p&typeid=i","cat":284493},{"id":35262,"n":"yaourt aux fruits bifidus activia 0%mg - 12x125g","p":4.76,"u":"3,17 €/KG","img":"https://fd9-photos.leclercdrive.fr/image.ashx?id=2741697&use=l&cat=p&typeid=i","cat":315000},{"id":35274,"n":"Cervelas Supérieur Herta 200g","p":1.7,"u":"8,50 €/KG","img":"https://fd9-photos.leclercdrive.fr/image.ashx?id=2310281&use=l&cat=p&typeid=i","cat":316012},{"id":35300,"n":"Jambon supérieur Tradilège À l'étouffée 6 tranches - 240g","p":2.92,"u":"12,17 €/KG","img":"https://fd9-photos.leclercdrive.fr/image.ashx?id=2991521&use=l&cat=p&typeid=i","cat":316009},{"id":35308,"n":"Beurre Tendre Elle&Vire Demi-Sel - 80% MG - 250g","p":2.91,"u":"11,64 €/KG","img":"https://fd9-photos.leclercdrive.fr/image.ashx?id=2604773&use=l&cat=p&typeid=i","cat":284379},{"id":35309,"n":"Beurre Tendre Elle&Vire Doux - 82% MG - 250g","p":2.89,"u":"11,56 €/KG","img":"https://fd9-photos.leclercdrive.fr/image.ashx?id=2765629&use=l&cat=p&typeid=i","cat":284379},{"id":35326,"n":"Miel du Gatinais  Nos Régions ont du Talent 375g","p":5.49,"u":"14,64 €/KG","img":"https://fd9-photos.leclercdrive.fr/image.ashx?id=2771393&use=l&cat=p&typeid=i","cat":287643},{"id":35327,"n":"Miel de Poitou-Charentes  NRT - 375g","p":5.79,"u":"15,44 €/KG","img":"https://fd9-photos.leclercdrive.fr/image.ashx?id=2771396&use=l&cat=p&typeid=i","cat":287643},{"id":35398,"n":"Eau Micellaire Garnier Peaux Sensibles - 400ml","p":2.82,"u":"7,05 €/L","img":"https://fd9-photos.leclercdrive.fr/image.ashx?id=2926593&use=l&cat=p&typeid=i","cat":284603},{"id":35433,"n":"Tampons Doulys Compact Super plus - x20","p":2.6,"u":"0,13 €/P","img":"https://fd9-photos.leclercdrive.fr/image.ashx?id=2965512&use=l&cat=p&typeid=i","cat":284626},{"id":35450,"n":"Recharge Savon Mains Dettol Aloe Vera Hydratant 250ml","p":3.32,"u":"13,28 €/L","img":"https://fd9-photos.leclercdrive.fr/image.ashx?id=2879134&use=l&cat=p&typeid=i","cat":284597},{"id":35503,"n":"Gel à raser Williams Peaux sensibles 200ml","p":2.38,"u":"11,90 €/L","img":"https://fd9-photos.leclercdrive.fr/image.ashx?id=1966625&use=l&cat=p&typeid=i","cat":284617},{"id":35523,"n":"Lame de rasoir Wilkinson Quattro Titanium sensitive+ -x8","p":14.59,"u":"1,82 €/P","img":"https://fd9-photos.leclercdrive.fr/image.ashx?id=2697240&use=l&cat=p&typeid=i","cat":284616},{"id":35530,"n":"Mouchoirs en papier Lotus Boîte x1 - 80 mouchoirs","p":1.41,"u":"0,02 €/P","img":"https://fd9-photos.leclercdrive.fr/image.ashx?id=2867368&use=l&cat=p&typeid=i","cat":284638},{"id":35537,"n":"Recharge savon mains Palmolive Antibactérien -  250ml","p":0.63,"u":"2,52 €/L","img":"https://fd9-photos.leclercdrive.fr/image.ashx?id=2833180&use=l&cat=p&typeid=i","cat":284597},{"id":35646,"n":"Bière blonde Falsbourg Canette - 4.2%vol. - 50cl","p":0.69,"u":"1,38 €/L","img":"https://fd9-photos.leclercdrive.fr/image.ashx?id=2637904&use=l&cat=p&typeid=i","cat":334853},{"id":35647,"n":"Bière blonde Falsbourg Canette - 4.2%vol. - 6x33cl","p":2.69,"u":"1,36 €/L","img":"https://fd9-photos.leclercdrive.fr/image.ashx?id=2637913&use=l&cat=p&typeid=i","cat":334853},{"id":35649,"n":"Petits boudins créole Tradilège Au piment de Cayenne - 300g","p":3.44,"u":"11,47 €/KG","img":"https://fd9-photos.leclercdrive.fr/image.ashx?id=2651810&use=l&cat=p&typeid=i","cat":316012},{"id":35650,"n":"Minis boudins blancs Tradilège Noix de muscade et porto - 300g","p":3.99,"u":"13,30 €/KG","img":"https://fd9-photos.leclercdrive.fr/image.ashx?id=2821007&use=l&cat=p&typeid=i","cat":316012},{"id":35716,"n":"Gourdes Goûters lactés Délisse Vanille - 4x85g","p":1.81,"u":"5,32 €/KG","img":"https://fd9-photos.leclercdrive.fr/image.ashx?id=2681427&use=l&cat=p&typeid=i","cat":284506},{"id":35728,"n":"Spécialité au soja Nat & Vie Framboise-passion 4x100g","p":1.42,"u":"3,55 €/KG","img":"https://fd9-photos.leclercdrive.fr/image.ashx?id=2901455&use=l&cat=p&typeid=i","cat":316071},{"id":35729,"n":"Tiramisu Délisse Au café - 4x80g","p":2.49,"u":"7,78 €/KG","img":"https://fd9-photos.leclercdrive.fr/image.ashx?id=2711604&use=l&cat=p&typeid=i","cat":284419},{"id":35730,"n":"Crème dessert Délisse Vanille Billes 3 chocolats 4x117g","p":2.15,"u":"4,59 €/KG","img":"https://fd9-photos.leclercdrive.fr/image.ashx?id=2965503&use=l&cat=p&typeid=i","cat":285041},{"id":35731,"n":"Crème dessert Chocolat Délisse Mix'n croc color 4x120g","p":2.09,"u":"4,35 €/KG","img":"https://fd9-photos.leclercdrive.fr/image.ashx?id=2965506&use=l&cat=p&typeid=i","cat":285041},{"id":35735,"n":"Bière blanche Hilbörg Canette - 4.5%vol. - 50cl","p":0.99,"u":"1,98 €/L","img":"https://fd9-photos.leclercdrive.fr/image.ashx?id=2913693&use=l&cat=p&typeid=i","cat":334853},{"id":35760,"n":"Céréales Miel Pops Kellogg's 620g","p":3.37,"u":"5,44 €/KG","img":"https://fd9-photos.leclercdrive.fr/image.ashx?id=2596952&use=l&cat=p&typeid=i","cat":309513},{"id":35761,"n":"Céréales Frosties Kellogg's 620g","p":3.4,"u":"5,48 €/KG","img":"https://fd9-photos.leclercdrive.fr/image.ashx?id=2589768&use=l&cat=p&typeid=i","cat":309513},{"id":35785,"n":"Bière belge Rince Cochon Fruits rouges - 7.5%vol. - 50cl","p":1.81,"u":"3,62 €/L","img":"https://fd9-photos.leclercdrive.fr/image.ashx?id=1741472&use=l&cat=p&typeid=i","cat":334853},{"id":35788,"n":"Café Soluble Nescafé 200g","p":5.73,"u":"28,65 €/KG","img":"https://fd9-photos.leclercdrive.fr/image.ashx?id=2810627&use=l&cat=p&typeid=i","cat":284843},{"id":35790,"n":"Nettoyant ménager Uni Vert Multi-surfaces 1L","p":1.53,"u":"1,53 €/L","img":"https://fd9-photos.leclercdrive.fr/image.ashx?id=2520837&use=l&cat=p&typeid=i","cat":284907},{"id":35791,"n":"Flammekueche d'Alsace NRT 600g","p":4.35,"u":"7,25 €/KG","img":"https://fd9-photos.leclercdrive.fr/image.ashx?id=2743894&use=l&cat=p&typeid=i","cat":333680},{"id":35815,"n":"Matière grasse St Hubert  Omega 3 - 52% MG - 255g","p":2.08,"u":"8,16 €/KG","img":"https://fd9-photos.leclercdrive.fr/image.ashx?id=2734093&use=l&cat=p&typeid=i","cat":315229},{"id":35816,"n":"Matière grasse St Hubert Omega3 52% MG - demi-sel - 255g","p":2.13,"u":"8,35 €/KG","img":"https://fd9-photos.leclercdrive.fr/image.ashx?id=2734096&use=l&cat=p&typeid=i","cat":315229},{"id":35820,"n":"Liquide pour cuisson Rustica végétal - 500ml","p":2.09,"u":"4,18 €/L","img":"https://fd9-photos.leclercdrive.fr/image.ashx?id=2903950&use=l&cat=p&typeid=i","cat":315229},{"id":35822,"n":"Roquefort AOP Bio Bio village - 100g","p":2.89,"u":"28,90 €/KG","img":"https://fd9-photos.leclercdrive.fr/image.ashx?id=2646023&use=l&cat=p&typeid=i","cat":314032},{"id":35823,"n":"Roquefort AOP en portions Les Croisés - 25gx4 -100g","p":2.31,"u":"23,10 €/KG","img":"https://fd9-photos.leclercdrive.fr/image.ashx?id=2645945&use=l&cat=p&typeid=i","cat":314032},{"id":35824,"n":"Fromage à tartiner Les Croisés Allégé Nature - 150g","p":1.24,"u":"8,27 €/KG","img":"https://fd9-photos.leclercdrive.fr/image.ashx?id=1676064&use=l&cat=p&typeid=i","cat":314029},{"id":35825,"n":"Fromage Pavé d'Affinois Original - 200g","p":2.37,"u":"11,85 €/KG","img":"https://fd9-photos.leclercdrive.fr/image.ashx?id=3002078&use=l&cat=p&typeid=i","cat":314033},{"id":35830,"n":"Yaourt La Laitière   Fruits panachés - 8x125g","p":3.79,"u":"3,79 €/KG","img":"https://fd9-photos.leclercdrive.fr/image.ashx?id=2744590&use=l&cat=p&typeid=i","cat":286006},{"id":35833,"n":"Yaourt La Laitière Citron - 4x125g","p":1.93,"u":"3,86 €/KG","img":"https://fd9-photos.leclercdrive.fr/image.ashx?id=2904065&use=l&cat=p&typeid=i","cat":286006},{"id":35846,"n":"Yaourt à boire Délisse Vanille - 850g","p":1.49,"u":"1,75 €/KG","img":"https://fd9-photos.leclercdrive.fr/image.ashx?id=2775890&use=l&cat=p&typeid=i","cat":284415},{"id":35847,"n":"Yaourt à boire Délisse Framboise - 850g","p":1.35,"u":"1,59 €/KG","img":"https://fd9-photos.leclercdrive.fr/image.ashx?id=2777797&use=l&cat=p&typeid=i","cat":284415},{"id":35906,"n":"Gourdes Goûters lactés Délisse Chocolat - 4x85g","p":1.75,"u":"5,15 €/KG","img":"https://fd9-photos.leclercdrive.fr/image.ashx?id=2681424&use=l&cat=p&typeid=i","cat":284506},{"id":35907,"n":"Cassoulet mitonné   William Saurin - 840g","p":2.86,"u":"3,40 €/KG","img":"https://fd9-photos.leclercdrive.fr/image.ashx?id=2890148&use=l&cat=p&typeid=i","cat":284440},{"id":35913,"n":"Vin d'Union Européenne rouge François D'Aubigné - BIB 5L","p":6.49,"u":"1,30 €/L","img":"https://fd9-photos.leclercdrive.fr/image.ashx?id=2726685&use=l&cat=p&typeid=i","cat":289560},{"id":35917,"n":"Bière blonde Forte Extra Strong Canette - 8.4%vol. - 50cl","p":1.15,"u":"2,30 €/L","img":"https://fd9-photos.leclercdrive.fr/image.ashx?id=2927998&use=l&cat=p&typeid=i","cat":334853},{"id":35919,"n":"Jus de raisin Jafaden Briquettes - 6x20cl","p":2.46,"u":"2,05 €/L","img":"https://fd9-photos.leclercdrive.fr/image.ashx?id=2989935&use=l&cat=p&typeid=i","cat":284915},{"id":35922,"n":"Bière blonde Forte Extra Strong Canette - 10%vol - 50cl","p":1.19,"u":"2,38 €/L","img":"https://fd9-photos.leclercdrive.fr/image.ashx?id=2928004&use=l&cat=p&typeid=i","cat":334853},{"id":35924,"n":"Cocktail Punch planteur Lagoa 15%vol - 70cl","p":4.29,"u":"6,13 €/L","img":"https://fd9-photos.leclercdrive.fr/image.ashx?id=2958335&use=l&cat=p&typeid=i","cat":284551},{"id":35954,"n":"AOC Buzet vin rosé Terrasses d'Autan - BIB 3L","p":12.99,"u":"4,33 €/L","img":"https://fd9-photos.leclercdrive.fr/image.ashx?id=2709668&use=l&cat=p&typeid=i","cat":289560},{"id":35979,"n":"Gaufrettes amusantes Nord NRT 175g","p":2.45,"u":"14,00 €/KG","img":"https://fd9-photos.leclercdrive.fr/image.ashx?id=724000&use=l&cat=p&typeid=i","cat":284487},{"id":35995,"n":"Lait de toilette Mots d'Enfants Bio - 250ml","p":2.35,"u":"9,40 €/L","img":"https://fd9-photos.leclercdrive.fr/image.ashx?id=2485080&use=l&cat=p&typeid=i","cat":284741},{"id":36009,"n":"Bâtonnets Trium Vanille Amandes x4 - 314g","p":2.05,"u":"6,53 €/KG","img":"https://fd9-photos.leclercdrive.fr/image.ashx?id=2931775&use=l&cat=p&typeid=i","cat":284265},{"id":36010,"n":"Bâtonnets Trium Vanille chocolat blanc x4 -308g","p":2.59,"u":"8,41 €/KG","img":"https://fd9-photos.leclercdrive.fr/image.ashx?id=2920776&use=l&cat=p&typeid=i","cat":284265},{"id":36039,"n":"Crème légère fluide UHT Délisse 12%mg - 3x20cl","p":1.84,"u":"3,07 €/L","img":"https://fd9-photos.leclercdrive.fr/image.ashx?id=2909392&use=l&cat=p&typeid=i","cat":284381},{"id":36040,"n":"Spécialité laitière UHT Délisse Semi-épaisse 4%mg - 3x20cl","p":2.21,"u":"3,68 €/L","img":"https://fd9-photos.leclercdrive.fr/image.ashx?id=3002599&use=l&cat=p&typeid=i","cat":284381},{"id":36041,"n":"Crème semi-épaisse entière UHT Délisse 30%mg - 3x20cl","p":3.5,"u":"5,83 €/L","img":"https://fd9-photos.leclercdrive.fr/image.ashx?id=2494099&use=l&cat=p&typeid=i","cat":284381},{"id":36077,"n":"Lait de toilette bébé Eco+ 300ml","p":1.07,"u":"3,57 €/L","img":"https://fd9-photos.leclercdrive.fr/image.ashx?id=2690862&use=l&cat=p&typeid=i","cat":284741},{"id":36124,"n":"Haricots blancs Notre Jardin - 500g","p":1.03,"u":"2,06 €/KG","img":"https://fd9-photos.leclercdrive.fr/image.ashx?id=2988072&use=l&cat=p&typeid=i","cat":312606},{"id":36125,"n":"Haricots blancs Notre Jardin 250g","p":0.85,"u":"3,40 €/KG","img":"https://fd9-photos.leclercdrive.fr/image.ashx?id=3002602&use=l&cat=p&typeid=i","cat":312606},{"id":36191,"n":"Allumettes fumées Tradilège VPF 2x75g","p":1.59,"u":"10,60 €/KG","img":"https://fd9-photos.leclercdrive.fr/image.ashx?id=2943680&use=l&cat=p&typeid=i","cat":316011},{"id":36193,"n":"Dés de jambon Tradilège -25% de sel - 2x75g","p":1.5,"u":"10,00 €/KG","img":"https://fd9-photos.leclercdrive.fr/image.ashx?id=2984191&use=l&cat=p&typeid=i","cat":316011},{"id":36194,"n":"Dés de jambon Tradilège Maxi format 2x125g","p":2.47,"u":"9,88 €/KG","img":"https://fd9-photos.leclercdrive.fr/image.ashx?id=2970465&use=l&cat=p&typeid=i","cat":316011},{"id":36195,"n":"Emincés de poulet Tradilège Rôti - Maxi format 2x125g","p":3.59,"u":"14,36 €/KG","img":"https://fd9-photos.leclercdrive.fr/image.ashx?id=2994372&use=l&cat=p&typeid=i","cat":316011},{"id":36199,"n":"Bougies Eco+ Blanche x10","p":2.97,"img":"https://fd9-photos.leclercdrive.fr/image.ashx?id=2635547&use=l&cat=p&typeid=i","cat":335913},{"id":36200,"n":"Coton Démaquillant Eco+ Prédécoupé - 200g","p":1.57,"u":"7,85 €/KG","img":"https://fd9-photos.leclercdrive.fr/image.ashx?id=2724535&use=l&cat=p&typeid=i","cat":285593},{"id":36201,"n":"Crème hydratante Eco+ Visage et corps - 250ml","p":1.59,"u":"6,36 €/L","img":"https://fd9-photos.leclercdrive.fr/image.ashx?id=2487410&use=l&cat=p&typeid=i","cat":325350},{"id":36202,"n":"Recharge crème lavante Eco+ Amande miel - 750ml","p":1.11,"u":"1,48 €/L","img":"https://fd9-photos.leclercdrive.fr/image.ashx?id=2933295&use=l&cat=p&typeid=i","cat":284597},{"id":36203,"n":"Gel douche Eco+ Peaux sensibles - 500ml","p":0.99,"u":"1,98 €/L","img":"https://fd9-photos.leclercdrive.fr/image.ashx?id=2174660&use=l&cat=p&typeid=i","cat":284594},{"id":36206,"n":"Mousse à raser hydratante Eco+ Peaux normales - 300ml","p":0.85,"u":"2,83 €/L","img":"https://fd9-photos.leclercdrive.fr/image.ashx?id=2422683&use=l&cat=p&typeid=i","cat":284617},{"id":36267,"n":"Noix St Jacques NRT de Normandie - 300g","p":16.95,"u":"56,50 €/KG","img":"https://fd9-photos.leclercdrive.fr/image.ashx?id=2699819&use=l&cat=p&typeid=i","cat":319787},{"id":36268,"n":"Soufflés ExtraTerrestres Tokapi Jambon fromage - 80g","p":0.84,"u":"10,50 €/KG","img":"https://fd9-photos.leclercdrive.fr/image.ashx?id=2922929&use=l&cat=p&typeid=i","cat":284449},{"id":36269,"n":"Soufflés ExtraTerrestres Tokapi Ketchup - 80g","p":0.8,"u":"10,00 €/KG","img":"https://fd9-photos.leclercdrive.fr/image.ashx?id=1915578&use=l&cat=p&typeid=i","cat":284449},{"id":36270,"n":"Soufflés ExtraTerrestres Tokapi Salé - 80g","p":0.79,"u":"9,88 €/KG","img":"https://fd9-photos.leclercdrive.fr/image.ashx?id=1932960&use=l&cat=p&typeid=i","cat":284449},{"id":36308,"n":"Shampooing Nateïs Camomille abricot - 250ml","p":1.39,"u":"5,56 €/L","img":"https://fd9-photos.leclercdrive.fr/image.ashx?id=1886499&use=l&cat=p&typeid=i","cat":284606},{"id":36309,"n":"Shampooing Nateïs Cranberry Huile de jojoba 250ml","p":1.4,"u":"5,60 €/L","img":"https://fd9-photos.leclercdrive.fr/image.ashx?id=2358700&use=l&cat=p&typeid=i","cat":284606},{"id":36310,"n":"Shampooing Nateïs Argile Pamplemousse - 250ml","p":1.39,"u":"5,56 €/L","img":"https://fd9-photos.leclercdrive.fr/image.ashx?id=2358697&use=l&cat=p&typeid=i","cat":284606},{"id":36311,"n":"Shampooing Nateïs Huile d'argan - 250ml","p":1.29,"u":"5,16 €/L","img":"https://fd9-photos.leclercdrive.fr/image.ashx?id=2652906&use=l&cat=p&typeid=i","cat":284606},{"id":36312,"n":"Shampooing Nateïs Henné / Cassis - 250ml","p":1.57,"u":"6,28 €/L","img":"https://fd9-photos.leclercdrive.fr/image.ashx?id=2652903&use=l&cat=p&typeid=i","cat":284606},{"id":36313,"n":"Shampooing extra-doux Nateïs Karité / Huile d'avocat - 250ml","p":1.39,"u":"5,56 €/L","img":"https://fd9-photos.leclercdrive.fr/image.ashx?id=2345559&use=l&cat=p&typeid=i","cat":284606},{"id":36314,"n":"Shampooing Nateïs Fleur de tilleul pomme verte - 250ml","p":1.27,"u":"5,08 €/L","img":"https://fd9-photos.leclercdrive.fr/image.ashx?id=2369645&use=l&cat=p&typeid=i","cat":284606},{"id":36317,"n":"Dessert fruitier pomme Douceur Verger s/sucre 8x100g","p":1.99,"u":"2,49 €/KG","img":"https://fd9-photos.leclercdrive.fr/image.ashx?id=1957093&use=l&cat=p&typeid=i","cat":284416},{"id":36348,"n":"Papier aluminium Alfapac Gaufré - Rouleau 20m","p":3.07,"img":"https://fd9-photos.leclercdrive.fr/image.ashx?id=2870446&use=l&cat=p&typeid=i","cat":334134},{"id":36354,"n":"Crème hydratante Mots d'Enfants Bio visage et corps - 75ml","p":2.19,"u":"29,20 €/L","img":"https://fd9-photos.leclercdrive.fr/image.ashx?id=3015078&use=l&cat=p&typeid=i","cat":284741},{"id":36355,"n":"Compote Douceur du Verger  Pomme Rhubarbe - 4x100g","p":1.28,"u":"3,20 €/KG","img":"https://fd9-photos.leclercdrive.fr/image.ashx?id=2554581&use=l&cat=p&typeid=i","cat":284416},{"id":36356,"n":"Compote Douceur du Verger Pomme Framboise - 4x100g","p":1.46,"u":"3,65 €/KG","img":"https://fd9-photos.leclercdrive.fr/image.ashx?id=724744&use=l&cat=p&typeid=i","cat":284416},{"id":36388,"n":"Bière ambrée corse Pietra 6° - 6x25cl","p":8.34,"u":"5,56 €/L","img":"https://fd9-photos.leclercdrive.fr/image.ashx?id=3011464&use=l&cat=p&typeid=i","cat":334872},{"id":36394,"n":"Yaourt aromatisé aux Fruits Panachés Frulos - 16x125g","p":3.08,"u":"1,54 €/KG","img":"https://fd9-photos.leclercdrive.fr/image.ashx?id=2799895&use=l&cat=p&typeid=i","cat":286006},{"id":36395,"n":"Yaourt Nature Sucré Yoplait - 12x125g","p":2.67,"u":"1,78 €/KG","img":"https://fd9-photos.leclercdrive.fr/image.ashx?id=2796827&use=l&cat=p&typeid=i","cat":284409},{"id":36396,"n":"Gâteau fourré Mini BN Chocolat 175g","p":1.83,"u":"10,46 €/KG","img":"https://fd9-photos.leclercdrive.fr/image.ashx?id=2746854&use=l&cat=p&typeid=i","cat":284488},{"id":36397,"n":"Biscuits Mini BN Goûter à la fraise - 175g","p":1.89,"u":"10,80 €/KG","img":"https://fd9-photos.leclercdrive.fr/image.ashx?id=2748212&use=l&cat=p&typeid=i","cat":284489},{"id":36400,"n":"Pizza La Pizz Sodebo 4 fromages - 470g","p":3.4,"u":"7,23 €/KG","img":"https://fd9-photos.leclercdrive.fr/image.ashx?id=2905366&use=l&cat=p&typeid=i","cat":333679},{"id":36401,"n":"Pizza Dolce Sodebo 4 fromaggi - 380g","p":4.27,"u":"11,24 €/KG","img":"https://fd9-photos.leclercdrive.fr/image.ashx?id=2921636&use=l&cat=p&typeid=i","cat":333679},{"id":36404,"n":"Pizza Dolce Sodebo Regina Jambon Champignons 400g","p":3.9,"u":"9,75 €/KG","img":"https://fd9-photos.leclercdrive.fr/image.ashx?id=3008251&use=l&cat=p&typeid=i","cat":333679},{"id":36412,"n":"Compote Douceur du Verger Coupelle pomme - 16x100g","p":3.09,"u":"1,93 €/KG","img":"https://fd9-photos.leclercdrive.fr/image.ashx?id=2663515&use=l&cat=p&typeid=i","cat":284508},{"id":36414,"n":"Compote Douceur du Verger Coupelle pomme - 8x100g","p":1.89,"u":"2,36 €/KG","img":"https://fd9-photos.leclercdrive.fr/image.ashx?id=2663509&use=l&cat=p&typeid=i","cat":284508},{"id":36416,"n":"Compote Douceur du Verger Coupelle pomme rhubarbe -4x100g","p":1.3,"u":"3,25 €/KG","img":"https://fd9-photos.leclercdrive.fr/image.ashx?id=2663521&use=l&cat=p&typeid=i","cat":284508},{"id":36417,"n":"Compote Douceur du Verger Gourdes multivariétés - 4x90g","p":1.69,"u":"4,69 €/KG","img":"https://fd9-photos.leclercdrive.fr/image.ashx?id=2805030&use=l&cat=p&typeid=i","cat":284508},{"id":36418,"n":"Compote Douceur du Verger Gourdes Pomme Poire - 4x90g","p":1.49,"u":"4,14 €/KG","img":"https://fd9-photos.leclercdrive.fr/image.ashx?id=2837054&use=l&cat=p&typeid=i","cat":284508},{"id":36421,"n":"Fromage Petit Livarot NRT AOP  250g","p":4.99,"u":"19,96 €/KG","img":"https://fd9-photos.leclercdrive.fr/image.ashx?id=2070440&use=l&cat=p&typeid=i","cat":329558},{"id":36424,"n":"Brownie P'tit Deli Chocolat noisette 285g","p":1.85,"u":"6,49 €/KG","img":"https://fd9-photos.leclercdrive.fr/image.ashx?id=2892055&use=l&cat=p&typeid=i","cat":294776},{"id":36437,"n":"Friandises pour chien Lydog Assortiment sticks - x15 126g","p":1.33,"u":"10,56 €/KG","img":"https://fd9-photos.leclercdrive.fr/image.ashx?id=1947271&use=l&cat=p&typeid=i","cat":294527},{"id":36438,"n":"Sticks dentaires Lydog Petit chien - x7 110g","p":0.99,"u":"9,00 €/KG","img":"https://fd9-photos.leclercdrive.fr/image.ashx?id=1878604&use=l&cat=p&typeid=i","cat":294527},{"id":36440,"n":"Sticks dentaires Lydog Grand chien - x7 - 270g","p":2.09,"u":"7,74 €/KG","img":"https://fd9-photos.leclercdrive.fr/image.ashx?id=1947274&use=l&cat=p&typeid=i","cat":294527},{"id":36441,"n":"Aiguillettes poulet Tradilège Rôti - 2x75g","p":2.02,"u":"13,47 €/KG","img":"https://fd9-photos.leclercdrive.fr/image.ashx?id=2994375&use=l&cat=p&typeid=i","cat":316011},{"id":36454,"n":"Pastilles NRT  Du Bassin de Vichy - 230g","p":0.98,"u":"4,26 €/KG","img":"https://fd9-photos.leclercdrive.fr/image.ashx?id=2771079&use=l&cat=p&typeid=i","cat":304252},{"id":36475,"n":"Thé glacé Fresh Tea Pêche - 6x25cl","p":2.85,"u":"1,90 €/L","img":"https://fd9-photos.leclercdrive.fr/image.ashx?id=2622263&use=l&cat=p&typeid=i","cat":295019},{"id":36504,"n":"Pizza La Pizz Sodebo Jambon emmental - 470g","p":2.92,"u":"6,21 €/KG","img":"https://fd9-photos.leclercdrive.fr/image.ashx?id=2886786&use=l&cat=p&typeid=i","cat":333679},{"id":36515,"n":"Dragées Choco Peanuts Cacahuètes - 300g","p":2.39,"u":"7,97 €/KG","img":"https://fd9-photos.leclercdrive.fr/image.ashx?id=2989673&use=l&cat=p&typeid=i","cat":304238},{"id":36633,"n":"Glace Cône Nestlé Extrême Crème brulée x6 - 426g","p":3.6,"u":"8,45 €/KG","img":"https://fd9-photos.leclercdrive.fr/image.ashx?id=2831672&use=l&cat=p&typeid=i","cat":284264},{"id":36649,"n":"Infusion Tiséa pomme cannelle 25 sachets 55g","p":1.38,"u":"25,09 €/KG","img":"https://fd9-photos.leclercdrive.fr/image.ashx?id=2469562&use=l&cat=p&typeid=i","cat":293234},{"id":36650,"n":"Barres céréales Bio Village Bio Fraise x6 125g","p":1.79,"u":"14,32 €/KG","img":"https://fd9-photos.leclercdrive.fr/image.ashx?id=2807306&use=l&cat=p&typeid=i","cat":285869},{"id":36651,"n":"Barres céréales Bio Village Bio Chocolat noir x6 125g","p":1.95,"u":"15,60 €/KG","img":"https://fd9-photos.leclercdrive.fr/image.ashx?id=2807309&use=l&cat=p&typeid=i","cat":285869},{"id":36656,"n":"Soupe liquide Liebig  Velouté 10 légumes - Brique 1L","p":1.65,"u":"1,65 €/L","img":"https://fd9-photos.leclercdrive.fr/image.ashx?id=2892133&use=l&cat=p&typeid=i","cat":284462},{"id":36658,"n":"Soupe liquide Liebig  Mouliné 10 légumes - Brique 1L","p":1.7,"u":"1,70 €/L","img":"https://fd9-photos.leclercdrive.fr/image.ashx?id=2651396&use=l&cat=p&typeid=i","cat":284462},{"id":36666,"n":"Miel Languedoc-Roussillon Nos Régions ont du Talent 375g","p":5.99,"u":"15,97 €/KG","img":"https://fd9-photos.leclercdrive.fr/image.ashx?id=2771402&use=l&cat=p&typeid=i","cat":287643},{"id":36710,"n":"Sucre canne Béghin Say Pure - en morceaux - 750g","p":2.47,"u":"3,29 €/KG","img":"https://fd9-photos.leclercdrive.fr/image.ashx?id=2948830&use=l&cat=p&typeid=i","cat":284502},{"id":36711,"n":"Sucre cassonade Béghin Say En poudre - 750g","p":2.43,"u":"3,24 €/KG","img":"https://fd9-photos.leclercdrive.fr/image.ashx?id=2949928&use=l&cat=p&typeid=i","cat":284502},{"id":36714,"n":"Sucre en poudre Saint Louis 1kg","p":2.19,"u":"2,19 €/KG","img":"https://fd9-photos.leclercdrive.fr/image.ashx?id=2624242&use=l&cat=p&typeid=i","cat":284502},{"id":36721,"n":"Lait chat et chaton Whiskas 3x200ml","p":2.69,"u":"4,48 €/L","img":"https://fd9-photos.leclercdrive.fr/image.ashx?id=2759670&use=l&cat=p&typeid=i","cat":285285},{"id":36756,"n":"Haricots Blancs à la tomate 800g","p":1.08,"u":"1,35 €/KG","img":"https://fd9-photos.leclercdrive.fr/image.ashx?id=2988075&use=l&cat=p&typeid=i","cat":312606},{"id":36811,"n":"Chewing-gum Freedent Fraise 5x10 dragées 70g","p":2.26,"u":"32,29 €/KG","img":"https://fd9-photos.leclercdrive.fr/image.ashx?id=2325485&use=l&cat=p&typeid=i","cat":304251},{"id":36819,"n":"Chocolat Noir After Eight Fourré Menthe - 300g","p":4.72,"u":"15,73 €/KG","img":"https://fd9-photos.leclercdrive.fr/image.ashx?id=2348782&use=l&cat=p&typeid=i","cat":284499},{"id":36821,"n":"Biscuits M&M's  x10 - 198g","p":2.14,"u":"10,81 €/KG","img":"https://fd9-photos.leclercdrive.fr/image.ashx?id=2148416&use=l&cat=p&typeid=i","cat":284488},{"id":36833,"n":"BB Crème teintée médium Inell Hydratante 5 en 1 - 50ml","p":3.45,"u":"69,00 €/L","img":"https://fd9-photos.leclercdrive.fr/image.ashx?id=2691646&use=l&cat=p&typeid=i","cat":325345},{"id":36834,"n":"BB Crème teintée clair Inell  Hydratante 5en1 - 50ml","p":3.45,"u":"69,00 €/L","img":"https://fd9-photos.leclercdrive.fr/image.ashx?id=2822123&use=l&cat=p&typeid=i","cat":325345},{"id":36835,"n":"Crochets anti-mites Insectivor Lavande 2x3ml","p":1.69,"u":"0,85 €/P","img":"https://fd9-photos.leclercdrive.fr/image.ashx?id=1899690&use=l&cat=p&typeid=i","cat":298368},{"id":36836,"n":"Gel douche Carré Homme Tonifiant 250ml","p":1.22,"u":"4,88 €/L","img":"https://fd9-photos.leclercdrive.fr/image.ashx?id=2927857&use=l&cat=p&typeid=i","cat":284619},{"id":36837,"n":"Gel douche Carré Homme Séduction 250ml","p":1.2,"u":"4,80 €/L","img":"https://fd9-photos.leclercdrive.fr/image.ashx?id=2946178&use=l&cat=p&typeid=i","cat":284619},{"id":36849,"n":"Recharges plumeaux Clair Jetables x10","p":4.46,"u":"0,45 €/P","img":"https://fd9-photos.leclercdrive.fr/image.ashx?id=2832948&use=l&cat=p&typeid=i","cat":325364},{"id":36917,"n":"Canistrelli Corse NRT Amandes - 300g","p":3.65,"u":"12,17 €/KG","img":"https://fd9-photos.leclercdrive.fr/image.ashx?id=2909422&use=l&cat=p&typeid=i","cat":284487},{"id":36919,"n":"Rillettes de thon blanc NRT Au sel de Guérande - 125g","p":2.19,"u":"17,52 €/KG","img":"https://fd9-photos.leclercdrive.fr/image.ashx?id=2775451&use=l&cat=p&typeid=i","cat":303867},{"id":36920,"n":"Protège-slips Doulys Ultra-mince - Large - x30","p":0.82,"u":"0,03 €/P","img":"https://fd9-photos.leclercdrive.fr/image.ashx?id=2847967&use=l&cat=p&typeid=i","cat":284625},{"id":36982,"n":"Assortiment biscuits P'tit Déli Boîte en fer - 750g","p":7.61,"u":"10,15 €/KG","img":"https://fd9-photos.leclercdrive.fr/image.ashx?id=2799242&use=l&cat=p&typeid=i","cat":284490},{"id":37013,"n":"Cuadro Novi Chocolat noir  - 150g","p":4.93,"u":"32,87 €/KG","img":"https://fd9-photos.leclercdrive.fr/image.ashx?id=2750096&use=l&cat=p&typeid=i","cat":327595},{"id":37049,"n":"Sauce Samourai Amora 255g","p":1.61,"u":"7,16 €/KG","img":"https://fd9-photos.leclercdrive.fr/image.ashx?id=2893838&use=l&cat=p&typeid=i","cat":318431},{"id":37053,"n":"Sucre pure canne Beghin Say Petits morceaux - 1kg","p":3.19,"u":"3,19 €/KG","img":"https://fd9-photos.leclercdrive.fr/image.ashx?id=2949922&use=l&cat=p&typeid=i","cat":284502},{"id":37054,"n":"Sucre pure canne Beghin Say Morceaux - 1kg","p":2.55,"u":"2,55 €/KG","img":"https://fd9-photos.leclercdrive.fr/image.ashx?id=2978688&use=l&cat=p&typeid=i","cat":284502},{"id":37107,"n":"Gel lavant mains Manava Spécial cuisine - 300ml","p":0.99,"u":"3,30 €/L","img":"https://fd9-photos.leclercdrive.fr/image.ashx?id=2355151&use=l&cat=p&typeid=i","cat":284597},{"id":37120,"n":"Sauce Soja sucrée Kikkoman 250ml","p":4.57,"u":"18,28 €/L","img":"https://fd9-photos.leclercdrive.fr/image.ashx?id=2536296&use=l&cat=p&typeid=i","cat":288992},{"id":37149,"n":"Cookies Méga pépites P'tit Déli Chocolat noisettes 184g","p":1.51,"u":"8,21 €/KG","img":"https://fd9-photos.leclercdrive.fr/image.ashx?id=2116149&use=l&cat=p&typeid=i","cat":325066},{"id":37198,"n":"Poêlée Notre Jardin Méditerranéenne 750g","p":3.17,"u":"4,23 €/KG","img":"https://fd9-photos.leclercdrive.fr/image.ashx?id=2835029&use=l&cat=p&typeid=i","cat":319823},{"id":37199,"n":"Poêlée Notre Jardin Parisienne 750g","p":2.24,"u":"2,99 €/KG","img":"https://fd9-photos.leclercdrive.fr/image.ashx?id=2865062&use=l&cat=p&typeid=i","cat":319823},{"id":37255,"n":"Céréales Extra Kellogg's Noisettes Caramelisées - 500g","p":3.21,"u":"6,42 €/KG","img":"https://fd9-photos.leclercdrive.fr/image.ashx?id=2736598&use=l&cat=p&typeid=i","cat":309512},{"id":37260,"n":"Boisson au thé Fresh Tea Citron vert - 1,5L","p":1.22,"u":"0,81 €/L","img":"https://fd9-photos.leclercdrive.fr/image.ashx?id=2622257&use=l&cat=p&typeid=i","cat":295019},{"id":37261,"n":"Boisson au thé Fresh Tea Mangue - 1,5L","p":1.24,"u":"0,83 €/L","img":"https://fd9-photos.leclercdrive.fr/image.ashx?id=2622260&use=l&cat=p&typeid=i","cat":295019},{"id":37262,"n":"Boisson au thé Fresh Tea Framboise - 1,5L","p":1.33,"u":"0,89 €/L","img":"https://fd9-photos.leclercdrive.fr/image.ashx?id=2982619&use=l&cat=p&typeid=i","cat":295019},{"id":37281,"n":"Bonbons Longfizz Lutti 200g","p":1.34,"u":"6,70 €/KG","img":"https://fd9-photos.leclercdrive.fr/image.ashx?id=2962173&use=l&cat=p&typeid=i","cat":304250},{"id":37283,"n":"Compote bio Bio Village Pomme châtaigne - 4x100g","p":1.89,"u":"4,73 €/KG","img":"https://fd9-photos.leclercdrive.fr/image.ashx?id=725380&use=l&cat=p&typeid=i","cat":284416},{"id":37286,"n":"Paëlla royale Marie 900g","p":4.69,"u":"5,21 €/KG","img":"https://fd9-photos.leclercdrive.fr/image.ashx?id=2996770&use=l&cat=p&typeid=i","cat":284254},{"id":37417,"n":"Boisson à base de vin rosé  Festalie - 75 cl","p":2.52,"u":"3,36 €/L","img":"https://fd9-photos.leclercdrive.fr/image.ashx?id=2774900&use=l&cat=p&typeid=i","cat":304569},{"id":37426,"n":"Bière blonde Kronenbourg 4,2° - 6x50cl canettes","p":5.59,"u":"1,86 €/L","img":"https://fd9-photos.leclercdrive.fr/image.ashx?id=2203508&use=l&cat=p&typeid=i","cat":334853},{"id":37438,"n":"Papier cuisson Elembal Rouleau 15m","p":1.79,"img":"https://fd9-photos.leclercdrive.fr/image.ashx?id=2158218&use=l&cat=p&typeid=i","cat":334134},{"id":37449,"n":"Pistaches Couleurs Vives Sans sel - 250g","p":4.75,"u":"19,00 €/KG","img":"https://fd9-photos.leclercdrive.fr/image.ashx?id=2266422&use=l&cat=p&typeid=i","cat":316002},{"id":37453,"n":"Lardons de volaille Tradilège Fumés 2x75g","p":1.75,"u":"11,67 €/KG","img":"https://fd9-photos.leclercdrive.fr/image.ashx?id=2882358&use=l&cat=p&typeid=i","cat":316011},{"id":37456,"n":"Saucisse fumée Tradilège VPF x3 375g","p":3.18,"u":"8,48 €/KG","img":"https://fd9-photos.leclercdrive.fr/image.ashx?id=2659085&use=l&cat=p&typeid=i","cat":316012},{"id":37467,"n":"Infusion Tiséa Fruits rouges 25 sachets 40g","p":0.92,"u":"23,00 €/KG","img":"https://fd9-photos.leclercdrive.fr/image.ashx?id=2757930&use=l&cat=p&typeid=i","cat":293234},{"id":37468,"n":"Jambon cru Fine Fondante Aoste Sans conservateur - x6 - 100g","p":3.44,"u":"34,40 €/KG","img":"https://fd9-photos.leclercdrive.fr/image.ashx?id=2937172&use=l&cat=p&typeid=i","cat":316007},{"id":37540,"n":"Compote bébé Bio Village Bio Pomme vanille 4 mois 4x100g","p":1.99,"u":"4,98 €/KG","img":"https://fd9-photos.leclercdrive.fr/image.ashx?id=2704750&use=l&cat=p&typeid=i","cat":312387},{"id":37541,"n":"Compote bébé Bio Village Bio Pomme /Banane 4 mois 4x100g","p":1.89,"u":"4,73 €/KG","img":"https://fd9-photos.leclercdrive.fr/image.ashx?id=2704753&use=l&cat=p&typeid=i","cat":312387},{"id":37542,"n":"Compote bébé Bio Village bio Poire williams - 4 mois -4x100g","p":1.89,"u":"4,73 €/KG","img":"https://fd9-photos.leclercdrive.fr/image.ashx?id=2704747&use=l&cat=p&typeid=i","cat":312387},{"id":37580,"n":"Soupe Régal Soupe Légumes et vermicelles - 1L","p":1.84,"u":"1,84 €/L","img":"https://fd9-photos.leclercdrive.fr/image.ashx?id=2983802&use=l&cat=p&typeid=i","cat":284462},{"id":37593,"n":"Snacks chats Tous mes amis Poulet fromage - 60g","p":0.84,"u":"14,00 €/KG","img":"https://fd9-photos.leclercdrive.fr/image.ashx?id=726854&use=l&cat=p&typeid=i","cat":285285},{"id":37594,"n":"Snacks chats Tous mes amis Boeuf - 60g","p":0.94,"u":"15,67 €/KG","img":"https://fd9-photos.leclercdrive.fr/image.ashx?id=2046107&use=l&cat=p&typeid=i","cat":285285},{"id":37595,"n":"Snacks chats Tous mes amis Saumon - 60g","p":0.89,"u":"14,83 €/KG","img":"https://fd9-photos.leclercdrive.fr/image.ashx?id=1938588&use=l&cat=p&typeid=i","cat":285285},{"id":37596,"n":"Snacks chats Tous mes amis Contre les boules de poils- 60g","p":0.99,"u":"16,50 €/KG","img":"https://fd9-photos.leclercdrive.fr/image.ashx?id=1947277&use=l&cat=p&typeid=i","cat":285285},{"id":37605,"n":"Protège-slips Doulys Extra fin - Plié - x32","p":1.36,"u":"0,04 €/P","img":"https://fd9-photos.leclercdrive.fr/image.ashx?id=2824757&use=l&cat=p&typeid=i","cat":284625},{"id":37615,"n":"Rasoirs jetables Eco+ x10","p":0.71,"u":"0,07 €/P","img":"https://fd9-photos.leclercdrive.fr/image.ashx?id=2913642&use=l&cat=p&typeid=i","cat":284616},{"id":37623,"n":"Trancetto Balconi Cacao x10 280g","p":1.39,"u":"4,96 €/KG","img":"https://fd9-photos.leclercdrive.fr/image.ashx?id=2878414&use=l&cat=p&typeid=i","cat":284495},{"id":37712,"n":"Haricots Verts Cassegrain Extra Fins Cueillis main 390g","p":3.05,"u":"7,82 €/KG","img":"https://fd9-photos.leclercdrive.fr/image.ashx?id=2913025&use=l&cat=p&typeid=i","cat":312606},{"id":37719,"n":"Noix de macadamia Tokapi 100g","p":2.48,"u":"24,80 €/KG","img":"https://fd9-photos.leclercdrive.fr/image.ashx?id=2790519&use=l&cat=p&typeid=i","cat":284448},{"id":37774,"n":"Recharge Dentamyl Brosse à dents électrique x2","p":6.99,"u":"3,50 €/P","img":"https://fd9-photos.leclercdrive.fr/image.ashx?id=2790967&use=l&cat=p&typeid=i","cat":297133},{"id":37775,"n":"Serviette incontinence Chorys Maxi - x12","p":3.65,"u":"0,30 €/P","img":"https://fd9-photos.leclercdrive.fr/image.ashx?id=2393884&use=l&cat=p&typeid=i","cat":284628},{"id":37778,"n":"Lait corps Inell Réparateur - 250ml","p":2.33,"u":"9,32 €/L","img":"https://fd9-photos.leclercdrive.fr/image.ashx?id=2691664&use=l&cat=p&typeid=i","cat":325349},{"id":37842,"n":"Thé glacé zéro Fresh Tea  Pêche - 1,5L","p":1.29,"u":"0,86 €/L","img":"https://fd9-photos.leclercdrive.fr/image.ashx?id=2622266&use=l&cat=p&typeid=i","cat":295019},{"id":37843,"n":"100% Pur jus d'orange Jafaden Sans pulpe - 2L","p":3.54,"u":"1,77 €/L","img":"https://fd9-photos.leclercdrive.fr/image.ashx?id=2796052&use=l&cat=p&typeid=i","cat":284521},{"id":37862,"n":"Couches Bébé Eco+ T5 - x52 changes","p":6.94,"u":"0,13 €/P","img":"https://fd9-photos.leclercdrive.fr/image.ashx?id=2487144&use=l&cat=p&typeid=i","cat":284737},{"id":37863,"n":"Compresses stériles Primoplast Ultra-douces x20","p":2.6,"u":"0,13 €/P","img":"https://fd9-photos.leclercdrive.fr/image.ashx?id=2832960&use=l&cat=p&typeid=i","cat":284630},{"id":37864,"n":"Bouchons oreilles Primoplast Mousse x8","p":3.99,"u":"0,50 €/P","img":"https://fd9-photos.leclercdrive.fr/image.ashx?id=2856516&use=l&cat=p&typeid=i","cat":284630},{"id":37867,"n":"Rillettes Tradilège poulet 110g","p":1.4,"u":"12,73 €/KG","img":"https://fd9-photos.leclercdrive.fr/image.ashx?id=2683586&use=l&cat=p&typeid=i","cat":316008},{"id":38000,"n":"Shampooing douche Petit Manava Pomme-poire - 500ml","p":2.19,"u":"4,38 €/L","img":"https://fd9-photos.leclercdrive.fr/image.ashx?id=2403694&use=l&cat=p&typeid=i","cat":284606},{"id":38026,"n":"Soufflés Frites Tokapi Bacon - 80g","p":0.79,"u":"9,88 €/KG","img":"https://fd9-photos.leclercdrive.fr/image.ashx?id=2597028&use=l&cat=p&typeid=i","cat":284449},{"id":38035,"n":"Shampooing Petit Nateis 2en1 Enfants - 250ml","p":1.35,"u":"5,40 €/L","img":"https://fd9-photos.leclercdrive.fr/image.ashx?id=2626799&use=l&cat=p&typeid=i","cat":284606},{"id":38100,"n":"Chocolat en poudre Nesquik Boîte 490g","p":3.69,"u":"7,53 €/KG","img":"https://fd9-photos.leclercdrive.fr/image.ashx?id=3005305&use=l&cat=p&typeid=i","cat":293235},{"id":38124,"n":"Piles rechargeables Foxter AA/HR6 1,2V - x4","p":8.99,"u":"2,25 €/P","img":"https://fd9-photos.leclercdrive.fr/image.ashx?id=2162405&use=l&cat=p&typeid=i","cat":300572},{"id":38131,"n":"Miel de tilleul de Bourgogne NRT - 375g","p":6.03,"u":"16,08 €/KG","img":"https://fd9-photos.leclercdrive.fr/image.ashx?id=2771405&use=l&cat=p&typeid=i","cat":287643},{"id":38220,"n":"Pansements Primoplast Anti-ampoules x6","p":3.15,"img":"https://fd9-photos.leclercdrive.fr/image.ashx?id=2955716&use=l&cat=p&typeid=i","cat":284630},{"id":38226,"n":"Compresses stériles Primoplast Gaze x60","p":4.99,"u":"0,08 €/P","img":"https://fd9-photos.leclercdrive.fr/image.ashx?id=2834181&use=l&cat=p&typeid=i","cat":284630},{"id":38227,"n":"Compresses stériles Primoplast Gaze x10","p":1.3,"u":"0,13 €/P","img":"https://fd9-photos.leclercdrive.fr/image.ashx?id=2856510&use=l&cat=p&typeid=i","cat":284630},{"id":38228,"n":"Vaseline Primoplast Tube 50ml","p":1.47,"u":"29,40 €/L","img":"https://fd9-photos.leclercdrive.fr/image.ashx?id=2856519&use=l&cat=p&typeid=i","cat":284630},{"id":38230,"n":"Mouchoirs blancs 4 plis Caresse Pock kid mouchoirs papier x10","p":1.12,"u":"0,11 €/P","img":"https://fd9-photos.leclercdrive.fr/image.ashx?id=2856687&use=l&cat=p&typeid=i","cat":284638},{"id":38232,"n":"Mouchoirs blancs 3 plis Caresse Boîte décor aléatoire Kids -x60","p":1.75,"u":"0,03 €/P","img":"https://fd9-photos.leclercdrive.fr/image.ashx?id=2814432&use=l&cat=p&typeid=i","cat":284638},{"id":38234,"n":"Dessert - P'tit Brassé Nestlé Banane - dès 6 mois - 4x100g","p":1.93,"u":"4,83 €/KG","img":"https://fd9-photos.leclercdrive.fr/image.ashx?id=2615131&use=l&cat=p&typeid=i","cat":312392},{"id":38235,"n":"Dessert - P'tit Brassé Nestlé Framboise - dès 6 mois - 4x100g","p":1.69,"u":"4,23 €/KG","img":"https://fd9-photos.leclercdrive.fr/image.ashx?id=2604876&use=l&cat=p&typeid=i","cat":312392},{"id":38236,"n":"Dessert - P'tit Brassé Nestlé Abricot - dès 6 mois - 4x100g","p":1.64,"u":"4,10 €/KG","img":"https://fd9-photos.leclercdrive.fr/image.ashx?id=2600569&use=l&cat=p&typeid=i","cat":312392},{"id":38237,"n":"Dessert - P'tit Brassé Nestlé Poire - dès 6 mois - 4x100g","p":1.8,"u":"4,50 €/KG","img":"https://fd9-photos.leclercdrive.fr/image.ashx?id=2615756&use=l&cat=p&typeid=i","cat":312392},{"id":38238,"n":"Dessert - P'tit Brassé Nestlé Fraise - dès 6 mois - 4x100g","p":1.64,"u":"4,10 €/KG","img":"https://fd9-photos.leclercdrive.fr/image.ashx?id=2510187&use=l&cat=p&typeid=i","cat":312392},{"id":38239,"n":"Dessert - P'tit Brassé Nestlé Myrtille - dès 6 mois - 4x100g","p":1.65,"u":"4,13 €/KG","img":"https://fd9-photos.leclercdrive.fr/image.ashx?id=2583235&use=l&cat=p&typeid=i","cat":312392},{"id":38297,"n":"Matière grasse St Hubert Omega3 52%mg - demi-sel - 510g","p":3.65,"u":"7,16 €/KG","img":"https://fd9-photos.leclercdrive.fr/image.ashx?id=2734099&use=l&cat=p&typeid=i","cat":315229},{"id":38298,"n":"Matière grasse St Hubert Omega 3 - 52%mg - doux - 510g","p":3.4,"u":"6,67 €/KG","img":"https://fd9-photos.leclercdrive.fr/image.ashx?id=2734108&use=l&cat=p&typeid=i","cat":315229},{"id":38304,"n":"Taboulé Pierre Martinet Au poulet - 300g","p":1.74,"u":"5,80 €/KG","img":"https://fd9-photos.leclercdrive.fr/image.ashx?id=2990529&use=l&cat=p&typeid=i","cat":333657},{"id":38322,"n":"Compote Douceur du Verger Gourdes multivariétés - 20x90g","p":5.95,"u":"3,31 €/KG","img":"https://fd9-photos.leclercdrive.fr/image.ashx?id=2837057&use=l&cat=p&typeid=i","cat":284508},{"id":38337,"n":"Huile sèche corps Inell Nourrissante - 150ml","p":3.82,"u":"25,47 €/L","img":"https://fd9-photos.leclercdrive.fr/image.ashx?id=2604349&use=l&cat=p&typeid=i","cat":325349},{"id":38379,"n":"Shampooing Manava Aux oeufs 500ml","p":1.0,"u":"2,00 €/L","img":"https://fd9-photos.leclercdrive.fr/image.ashx?id=2852243&use=l&cat=p&typeid=i","cat":284606},{"id":38380,"n":"Rasoir Gillette Proglide Flexball manuel x1","p":10.84,"img":"https://fd9-photos.leclercdrive.fr/image.ashx?id=2682394&use=l&cat=p&typeid=i","cat":284616},{"id":38383,"n":"Terrine de Bretagne Jean Flo'ch Verrine - 4x170g + 2 offertes","p":6.14,"u":"6,02 €/KG","img":"https://fd9-photos.leclercdrive.fr/image.ashx?id=737701&use=l&cat=p&typeid=i","cat":305149},{"id":38524,"n":"Tendres perles Blé Tipiak Prêt en 5 min - 350g","p":1.62,"u":"4,63 €/KG","img":"https://fd9-photos.leclercdrive.fr/image.ashx?id=2640614&use=l&cat=p&typeid=i","cat":284429},{"id":38562,"n":"Cône Nestlé Extrême  Vanille de Madagascar x6 - 426g","p":3.39,"u":"7,96 €/KG","img":"https://fd9-photos.leclercdrive.fr/image.ashx?id=3000432&use=l&cat=p&typeid=i","cat":284264},{"id":38563,"n":"Cône Extrême Nestlé Chocolat intense 6x71g","p":3.5,"u":"8,22 €/KG","img":"https://fd9-photos.leclercdrive.fr/image.ashx?id=2353089&use=l&cat=p&typeid=i","cat":284264},{"id":38575,"n":"Feutres de coloriage Maped Jungle Colorpep's x18+6 offerts","p":4.45,"img":"https://fd9-photos.leclercdrive.fr/image.ashx?id=2384304&use=l&cat=p&typeid=i","cat":284696},{"id":38685,"n":"Actifidus Delisse Nature - 16x125g","p":2.97,"u":"1,49 €/KG","img":"https://fd9-photos.leclercdrive.fr/image.ashx?id=2452675&use=l&cat=p&typeid=i","cat":315000},{"id":38703,"n":"Pain complet tranché   400g","p":1.7,"u":"4,25 €/KG","img":"https://fd9-photos.leclercdrive.fr/image.ashx?id=2063056&use=l&cat=p&typeid=i","cat":284359},{"id":38724,"n":"Madeleines coquilles NRT 330g","p":3.29,"u":"9,97 €/KG","img":"https://fd9-photos.leclercdrive.fr/image.ashx?id=2704903&use=l&cat=p&typeid=i","cat":284492},{"id":38735,"n":"Lait de douche Manava Lait et miel - 250ml","p":0.94,"u":"3,76 €/L","img":"https://fd9-photos.leclercdrive.fr/image.ashx?id=1628283&use=l&cat=p&typeid=i","cat":284594},{"id":38744,"n":"Beurre allégé Les Croisés Demi-sel - 60% MG - 250g","p":1.89,"u":"7,56 €/KG","img":"https://fd9-photos.leclercdrive.fr/image.ashx?id=2897787&use=l&cat=p&typeid=i","cat":284379},{"id":38757,"n":"Bâtonnets Trium Pistache - x4 280g","p":3.6,"u":"12,86 €/KG","img":"https://fd9-photos.leclercdrive.fr/image.ashx?id=2920773&use=l&cat=p&typeid=i","cat":284265},{"id":38764,"n":"Cidre artisanal Les Goelleries Brut 5,5% - 75cl","p":2.49,"u":"3,32 €/L","img":"https://fd9-photos.leclercdrive.fr/image.ashx?id=2842301&use=l&cat=p&typeid=i","cat":334880},{"id":38765,"n":"Soda Jean's Cola Cherry Bouteille - 1,5L","p":1.49,"u":"0,99 €/L","img":"https://fd9-photos.leclercdrive.fr/image.ashx?id=2637916&use=l&cat=p&typeid=i","cat":284530},{"id":38773,"n":"Pur jus d'orange Jafaden Avec pulpe - 1,5L","p":3.0,"u":"2,00 €/L","img":"https://fd9-photos.leclercdrive.fr/image.ashx?id=2796058&use=l&cat=p&typeid=i","cat":284521},{"id":38776,"n":"AOC Côtes du Marmandais vin rosé Terrasses d'Autan - 75cl","p":2.99,"u":"3,99 €/L","img":"https://fd9-photos.leclercdrive.fr/image.ashx?id=2710497&use=l&cat=p&typeid=i","cat":289558},{"id":38781,"n":"Mouchoirs blancs 4 plis Caresse Boîte mouchoirs papier - x80","p":1.1,"u":"0,01 €/P","img":"https://fd9-photos.leclercdrive.fr/image.ashx?id=2801049&use=l&cat=p&typeid=i","cat":284638},{"id":38786,"n":"Couches Huggies Little Swimmers Taille 2/3 - x20","p":13.05,"u":"0,65 €/P","img":"https://fd9-photos.leclercdrive.fr/image.ashx?id=2844706&use=l&cat=p&typeid=i","cat":290634},{"id":38787,"n":"Huggies® Little Swimmers® Maxipack Taille 5-6 x19","p":9.7,"u":"0,51 €/P","img":"https://fd9-photos.leclercdrive.fr/image.ashx?id=2844709&use=l&cat=p&typeid=i","cat":290634},{"id":38801,"n":"Déodorant spray Manava Vanille 100ml","p":1.39,"u":"13,90 €/L","img":"https://fd9-photos.leclercdrive.fr/image.ashx?id=2671408&use=l&cat=p&typeid=i","cat":284595},{"id":38803,"n":"Déodorant spray grenade Manava A l'huile sauge sclarée - 100ml","p":1.39,"u":"13,90 €/L","img":"https://fd9-photos.leclercdrive.fr/image.ashx?id=2656448&use=l&cat=p&typeid=i","cat":284595},{"id":38804,"n":"Déodorant spray Manava Invisible 100ml","p":1.39,"u":"13,90 €/L","img":"https://fd9-photos.leclercdrive.fr/image.ashx?id=2692958&use=l&cat=p&typeid=i","cat":284595},{"id":38857,"n":"Fromage Boursin cuisine Ail & fines herbes - 240g","p":2.41,"u":"10,04 €/KG","img":"https://fd9-photos.leclercdrive.fr/image.ashx?id=2615418&use=l&cat=p&typeid=i","cat":314029},{"id":38868,"n":"Chips ondulées Pom'Lisse Poulet rôti - 135g","p":1.05,"u":"7,78 €/KG","img":"https://fd9-photos.leclercdrive.fr/image.ashx?id=2919625&use=l&cat=p&typeid=i","cat":284447},{"id":38922,"n":"Tablette de chocolat noir Lindt Noir : Fleur de sel - 2x100g","p":4.48,"u":"22,40 €/KG","img":"https://fd9-photos.leclercdrive.fr/image.ashx?id=2153264&use=l&cat=p&typeid=i","cat":284956},{"id":38985,"n":"Beurre Grand Fermage  Demi-sel - 80% MG - 250g","p":2.62,"u":"10,48 €/KG","img":"https://fd9-photos.leclercdrive.fr/image.ashx?id=2915569&use=l&cat=p&typeid=i","cat":284379},{"id":38994,"n":"Edulcorant liquide Ginko 200ml","p":5.93,"u":"29,65 €/L","img":"https://fd9-photos.leclercdrive.fr/image.ashx?id=2231055&use=l&cat=p&typeid=i","cat":324846},{"id":39021,"n":"AOP Saumur Champigny rouge Plessis Duval Champigny - 75cl","p":6.19,"u":"8,25 €/L","img":"https://fd9-photos.leclercdrive.fr/image.ashx?id=2941041&use=l&cat=p&typeid=i","cat":289556},{"id":39024,"n":"AOP Entre-deux-mers blanc Cuvée Hortense - 75cl","p":4.96,"u":"6,61 €/L","img":"https://fd9-photos.leclercdrive.fr/image.ashx?id=2516068&use=l&cat=p&typeid=i","cat":289557},{"id":39056,"n":"AOC Côtes de Provence rosé Billette - BIB 3L","p":20.1,"u":"6,70 €/L","img":"https://fd9-photos.leclercdrive.fr/image.ashx?id=2863434&use=l&cat=p&typeid=i","cat":289560},{"id":39061,"n":"Film étirable Alfapac Rouleau 35m x 29cm","p":1.55,"img":"https://fd9-photos.leclercdrive.fr/image.ashx?id=2918268&use=l&cat=p&typeid=i","cat":334134},{"id":39067,"n":"Tablettes lave vaisselle Sun Classic x60 - 570g","p":7.28,"u":"12,77 €/KG","img":"https://fd9-photos.leclercdrive.fr/image.ashx?id=2775745&use=l&cat=p&typeid=i","cat":284656},{"id":39100,"n":"Rasoirs jetables Bic 3 lames - 2x8","p":6.5,"pp":4.29,"u":"0,27 €/P","img":"https://fd9-photos.leclercdrive.fr/image.ashx?id=2957005&use=l&cat=p&typeid=i","cat":284616},{"id":39107,"n":"Gel lavant Manava Savon de Marseille - 300ml","p":1.06,"u":"3,53 €/L","img":"https://fd9-photos.leclercdrive.fr/image.ashx?id=2935498&use=l&cat=p&typeid=i","cat":284597},{"id":39122,"n":"Fromage de chèvre Soignon Bûche Sainte Maure - 300g","p":3.22,"u":"10,73 €/KG","img":"https://fd9-photos.leclercdrive.fr/image.ashx?id=2963331&use=l&cat=p&typeid=i","cat":314031},{"id":39145,"n":"Mouchoirs blancs 4 plis Caresse Etuis x15 - Mentholés","p":1.98,"u":"0,13 €/P","img":"https://fd9-photos.leclercdrive.fr/image.ashx?id=2572996&use=l&cat=p&typeid=i","cat":284638},{"id":39155,"n":"Chips La classique Vico Nature - 6x27,5g","p":1.74,"u":"10,55 €/KG","img":"https://fd9-photos.leclercdrive.fr/image.ashx?id=2917813&use=l&cat=p&typeid=i","cat":284447},{"id":39172,"n":"AOP Cabernet d'Anjou vin rosé Les Caractères - 75cl","p":3.99,"u":"5,32 €/L","img":"https://fd9-photos.leclercdrive.fr/image.ashx?id=2908846&use=l&cat=p&typeid=i","cat":289558},{"id":39182,"n":"Pain de mie 100% Mie Harrys Complet sans croûte Maxi - 650g","p":2.34,"u":"3,60 €/KG","img":"https://fd9-photos.leclercdrive.fr/image.ashx?id=2517438&use=l&cat=p&typeid=i","cat":284477},{"id":39199,"n":"Pizza Turini Cuite sur pierre Campagnarde - 400g","p":2.99,"u":"7,48 €/KG","img":"https://fd9-photos.leclercdrive.fr/image.ashx?id=2816576&use=l&cat=p&typeid=i","cat":284256},{"id":39206,"n":"Tartinable Ronde des Mers Surimi-crabe - 120g","p":1.69,"u":"14,08 €/KG","img":"https://fd9-photos.leclercdrive.fr/image.ashx?id=2631438&use=l&cat=p&typeid=i","cat":285191},{"id":39232,"n":"AOP Champagne rosé Demoiselle Brut Vranken - 75cl","p":30.03,"u":"40,04 €/L","img":"https://fd9-photos.leclercdrive.fr/image.ashx?id=2020254&use=l&cat=p&typeid=i","cat":284542},{"id":39259,"n":"Planteur Jafaden Cocktail sans alcool - 1L","p":2.35,"u":"2,35 €/L","img":"https://fd9-photos.leclercdrive.fr/image.ashx?id=2956726&use=l&cat=p&typeid=i","cat":284916},{"id":39261,"n":"Cidre doux Les Goelleries 2%vol. - 3x33cl","p":3.35,"u":"3,38 €/L","img":"https://fd9-photos.leclercdrive.fr/image.ashx?id=2856528&use=l&cat=p&typeid=i","cat":334880},{"id":39265,"n":"AOC Picpoul de Pinet vin blanc Prieur Barsanne - 75cl","p":4.8,"u":"6,40 €/L","img":"https://fd9-photos.leclercdrive.fr/image.ashx?id=2869796&use=l&cat=p&typeid=i","cat":289557},{"id":39266,"n":"AOP Corse vin rosé Terres Ocrées - 75cl","p":4.99,"u":"6,65 €/L","img":"https://fd9-photos.leclercdrive.fr/image.ashx?id=2865242&use=l&cat=p&typeid=i","cat":289558},{"id":39267,"n":"AOC Languedoc vin rosé Prieur Barsanne - 75cl","p":2.99,"u":"3,99 €/L","img":"https://fd9-photos.leclercdrive.fr/image.ashx?id=2460452&use=l&cat=p&typeid=i","cat":289558},{"id":39268,"n":"AOP Bergerac vin blanc sec Terrasses d'Autan - 75cl","p":2.99,"u":"3,99 €/L","img":"https://fd9-photos.leclercdrive.fr/image.ashx?id=2858108&use=l&cat=p&typeid=i","cat":289557},{"id":39269,"n":"AOC Cabernet d'Anjou vin rosé Les Caractères - 37,5cl","p":2.99,"u":"7,97 €/L","img":"https://fd9-photos.leclercdrive.fr/image.ashx?id=2898248&use=l&cat=p&typeid=i","cat":289558},{"id":39270,"n":"AOP Touraine Sauvignon vin Blanc - Les Caractères - 75cl","p":4.99,"u":"6,65 €/L","img":"https://fd9-photos.leclercdrive.fr/image.ashx?id=2699693&use=l&cat=p&typeid=i","cat":289557},{"id":39271,"n":"AOP Alsace Pinot gris  vin blanc Rebmann - 75 cl","p":4.99,"u":"6,65 €/L","img":"https://fd9-photos.leclercdrive.fr/image.ashx?id=2907467&use=l&cat=p&typeid=i","cat":289557},{"id":39331,"n":"Shampooing Manava Beurre de karité 500ml","p":1.35,"u":"2,70 €/L","img":"https://fd9-photos.leclercdrive.fr/image.ashx?id=1884643&use=l&cat=p&typeid=i","cat":284606},{"id":39332,"n":"Shampooing Manava Cheveux normaux à gras 500ml","p":1.28,"u":"2,56 €/L","img":"https://fd9-photos.leclercdrive.fr/image.ashx?id=1885059&use=l&cat=p&typeid=i","cat":284606},{"id":39338,"n":"Moutarde Savora Amora 385g","p":2.27,"u":"5,90 €/KG","img":"https://fd9-photos.leclercdrive.fr/image.ashx?id=2775685&use=l&cat=p&typeid=i","cat":288850},{"id":39339,"n":"Moutarde Amora Fine & douce - 190g","p":1.59,"u":"8,37 €/KG","img":"https://fd9-photos.leclercdrive.fr/image.ashx?id=2738791&use=l&cat=p&typeid=i","cat":288850},{"id":39376,"n":"Pur jus d'orange Tropicana Sans pulpe - 1,5L","p":3.25,"u":"2,17 €/L","img":"https://fd9-photos.leclercdrive.fr/image.ashx?id=2509637&use=l&cat=p&typeid=i","cat":284521},{"id":39388,"n":"Haricots verts Bio Village Bio - 360g","p":1.89,"u":"5,25 €/KG","img":"https://fd9-photos.leclercdrive.fr/image.ashx?id=3002659&use=l&cat=p&typeid=i","cat":312606},{"id":39389,"n":"Haricots beurre Notre Jardin Extra fins 1kg","p":2.29,"u":"2,29 €/KG","img":"https://fd9-photos.leclercdrive.fr/image.ashx?id=2431134&use=l&cat=p&typeid=i","cat":319805},{"id":39390,"n":"Soupe Velouté bolet Régal soupe Déshydratée - 66g","p":1.86,"u":"28,18 €/KG","img":"https://fd9-photos.leclercdrive.fr/image.ashx?id=2188844&use=l&cat=p&typeid=i","cat":284463},{"id":39403,"n":"Joker Pur Jus Engagé Orange  sans pulpe - 1L","p":2.58,"u":"2,58 €/L","img":"https://fd9-photos.leclercdrive.fr/image.ashx?id=2984982&use=l&cat=p&typeid=i","cat":284521},{"id":39418,"n":"Boisson Sunny Delight Doux California - 1,25L","p":2.18,"u":"1,74 €/L","img":"https://fd9-photos.leclercdrive.fr/image.ashx?id=2309963&use=l&cat=p&typeid=i","cat":285435},{"id":39421,"n":"Jus innocent pomme 900ml","p":2.71,"u":"3,01 €/L","img":"https://fd9-photos.leclercdrive.fr/image.ashx?id=2891703&use=l&cat=p&typeid=i","cat":284354},{"id":39443,"n":"Jus innocent  orange avec pulpe 1.5L","p":3.9,"u":"2,60 €/L","img":"https://fd9-photos.leclercdrive.fr/image.ashx?id=2891223&use=l&cat=p&typeid=i","cat":285435},{"id":39444,"n":"Jus innocent orange avec pulpe 900ml","p":2.76,"u":"3,07 €/L","img":"https://fd9-photos.leclercdrive.fr/image.ashx?id=2891700&use=l&cat=p&typeid=i","cat":285435},{"id":39445,"n":"Confiture Douceur Du Verger Extra myrtilles allegée - 340g","p":1.89,"u":"5,56 €/KG","img":"https://fd9-photos.leclercdrive.fr/image.ashx?id=2965515&use=l&cat=p&typeid=i","cat":284480},{"id":39471,"n":"Mousse aux oeufs Bonne Maman Chocolat - 4x50g","p":2.4,"u":"12,00 €/KG","img":"https://fd9-photos.leclercdrive.fr/image.ashx?id=2571509&use=l&cat=p&typeid=i","cat":284417},{"id":39472,"n":"Mousse aux oeufs Bonne Maman Chocolat au lait - 4x50g","p":2.31,"u":"11,55 €/KG","img":"https://fd9-photos.leclercdrive.fr/image.ashx?id=2571512&use=l&cat=p&typeid=i","cat":284417},{"id":39482,"n":"Brownie P'tit Déli Chocolat noisette - 240g","p":1.83,"u":"7,63 €/KG","img":"https://fd9-photos.leclercdrive.fr/image.ashx?id=2891779&use=l&cat=p&typeid=i","cat":294776},{"id":39485,"n":"Barre chocolatée Balisto Miel amande - x10 barres - 185g","p":2.96,"u":"16,00 €/KG","img":"https://fd9-photos.leclercdrive.fr/image.ashx?id=1930977&use=l&cat=p&typeid=i","cat":284498},{"id":39497,"n":"Barre chocolatée P'tit Déli Bille de riz - 162g","p":1.5,"u":"9,26 €/KG","img":"https://fd9-photos.leclercdrive.fr/image.ashx?id=2529599&use=l&cat=p&typeid=i","cat":284488},{"id":39498,"n":"Biscottes Epi d'Or Gout brioché x36 - 300g","p":1.51,"u":"5,03 €/KG","img":"https://fd9-photos.leclercdrive.fr/image.ashx?id=2684028&use=l&cat=p&typeid=i","cat":284479},{"id":39502,"n":"Biscuits Cookies P'tit Déli Coeur fondant noisette - 200g","p":1.44,"u":"7,20 €/KG","img":"https://fd9-photos.leclercdrive.fr/image.ashx?id=2577296&use=l&cat=p&typeid=i","cat":325066},{"id":39503,"n":"Chocolat Pâtissier Tablette dOr Praliné - 200g","p":2.15,"u":"10,75 €/KG","img":"https://fd9-photos.leclercdrive.fr/image.ashx?id=2565619&use=l&cat=p&typeid=i","cat":285562},{"id":39509,"n":"Pain au seigle complet Epi d'Or 500g","p":1.83,"u":"3,66 €/KG","img":"https://fd9-photos.leclercdrive.fr/image.ashx?id=1879287&use=l&cat=p&typeid=i","cat":325069},{"id":39513,"n":"Soupe Velouté Régal  Poireaux St Jacques - 1L","p":3.8,"u":"3,80 €/L","img":"https://fd9-photos.leclercdrive.fr/image.ashx?id=2800243&use=l&cat=p&typeid=i","cat":284462},{"id":39514,"n":"Soupe Velouté Regal Soupe Cèpes et bolets - 1L","p":2.25,"u":"2,25 €/L","img":"https://fd9-photos.leclercdrive.fr/image.ashx?id=2607545&use=l&cat=p&typeid=i","cat":284462},{"id":39515,"n":"Friandises pour chien Lydog Sticks au poulet - x5 - 42g","p":0.94,"u":"22,38 €/KG","img":"https://fd9-photos.leclercdrive.fr/image.ashx?id=766306&use=l&cat=p&typeid=i","cat":294527},{"id":39517,"n":"Thé vert Twinings Citron x25 sachets -50g","p":2.28,"u":"45,60 €/KG","img":"https://fd9-photos.leclercdrive.fr/image.ashx?id=2893012&use=l&cat=p&typeid=i","cat":293233},{"id":39521,"n":"Cacahuètes enrobées Tokapi Salées - 150g","p":0.85,"u":"5,67 €/KG","img":"https://fd9-photos.leclercdrive.fr/image.ashx?id=1957812&use=l&cat=p&typeid=i","cat":284448},{"id":39522,"n":"Cacahuètes enrobées Tokapi Bacon - 150g","p":0.85,"u":"5,67 €/KG","img":"https://fd9-photos.leclercdrive.fr/image.ashx?id=1951858&use=l&cat=p&typeid=i","cat":284448},{"id":39523,"n":"Cacahuètes enrobées Tokapi Paprika - 150g","p":0.99,"u":"6,60 €/KG","img":"https://fd9-photos.leclercdrive.fr/image.ashx?id=2790531&use=l&cat=p&typeid=i","cat":284448},{"id":39524,"n":"Cacahuètes enrobées Tokapi Epicées - 150g","p":0.85,"u":"5,67 €/KG","img":"https://fd9-photos.leclercdrive.fr/image.ashx?id=2033239&use=l&cat=p&typeid=i","cat":284448},{"id":39529,"n":"Jus de citron Rustica Sicile - 50cl","p":1.67,"u":"3,34 €/L","img":"https://fd9-photos.leclercdrive.fr/image.ashx?id=2974804&use=l&cat=p&typeid=i","cat":288383},{"id":39530,"n":"Dessert bébé BabyBio Bio 6 mois Pomme / Fraise - 260g","p":2.05,"u":"7,88 €/KG","img":"https://fd9-photos.leclercdrive.fr/image.ashx?id=2827509&use=l&cat=p&typeid=i","cat":312388},{"id":39531,"n":"Compote bébé Babybio Bio 4 mois Pomme / Mangue - 260g","p":2.0,"u":"7,69 €/KG","img":"https://fd9-photos.leclercdrive.fr/image.ashx?id=2827500&use=l&cat=p&typeid=i","cat":312387},{"id":39539,"n":"Tablette chocolat Equador Noir fourré menthe 150g","p":2.25,"u":"15,00 €/KG","img":"https://fd9-photos.leclercdrive.fr/image.ashx?id=2834305&use=l&cat=p&typeid=i","cat":284956},{"id":39545,"n":"Soupe Poule au pot Régal Soupe  Déshydratée - 72g","p":0.84,"u":"11,67 €/KG","img":"https://fd9-photos.leclercdrive.fr/image.ashx?id=2656381&use=l&cat=p&typeid=i","cat":284463},{"id":39548,"n":"Haricots verts Notre Jardin Extra fins - 3x110g","p":1.83,"u":"5,55 €/KG","img":"https://fd9-photos.leclercdrive.fr/image.ashx?id=3002605&use=l&cat=p&typeid=i","cat":312606},{"id":39550,"n":"Sirop d'agave bio Bio Village 345g","p":1.99,"u":"5,77 €/KG","img":"https://fd9-photos.leclercdrive.fr/image.ashx?id=2175777&use=l&cat=p&typeid=i","cat":287643},{"id":39551,"n":"Tablettes pour chien Lydog Boeuf, poulet, agneau - 104g","p":1.22,"u":"11,73 €/KG","img":"https://fd9-photos.leclercdrive.fr/image.ashx?id=1201189&use=l&cat=p&typeid=i","cat":294527},{"id":39554,"n":"Mélange 4 champignons N.Jardin 230g","p":2.57,"u":"11,17 €/KG","img":"https://fd9-photos.leclercdrive.fr/image.ashx?id=2072719&use=l&cat=p&typeid=i","cat":312610},{"id":39555,"n":"Repas bébé bio Babybio - 6 mois Veau / Légumes - 2x200g","p":2.9,"u":"7,25 €/KG","img":"https://fd9-photos.leclercdrive.fr/image.ashx?id=2850545&use=l&cat=p&typeid=i","cat":312236},{"id":39556,"n":"Gaufres liégeoises P'tit Déli Sucrées - 550g","p":2.69,"u":"4,89 €/KG","img":"https://fd9-photos.leclercdrive.fr/image.ashx?id=2430219&use=l&cat=p&typeid=i","cat":294777},{"id":39558,"n":"Croquettes chat Tous mes amis Stérilisés - 2kg","p":3.24,"u":"1,62 €/KG","img":"https://fd9-photos.leclercdrive.fr/image.ashx?id=2301490&use=l&cat=p&typeid=i","cat":284680},{"id":39559,"n":"Céréales Jordans Spécial Muesli Fruits et Noix - 750g","p":3.55,"u":"4,73 €/KG","img":"https://fd9-photos.leclercdrive.fr/image.ashx?id=2966770&use=l&cat=p&typeid=i","cat":309512},{"id":39560,"n":"Duo Haricots verts et beurre Notre Jardin - 455g","p":1.99,"u":"4,37 €/KG","img":"https://fd9-photos.leclercdrive.fr/image.ashx?id=2291408&use=l&cat=p&typeid=i","cat":312606},{"id":39569,"n":"Céréales Jordans Country Crisp Chocolat Noir 70% - 550g","p":3.61,"u":"6,56 €/KG","img":"https://fd9-photos.leclercdrive.fr/image.ashx?id=3000836&use=l&cat=p&typeid=i","cat":309512},{"id":39570,"n":"Céréales Jordans Country Crisp 4 Noix - 550g","p":3.11,"u":"5,65 €/KG","img":"https://fd9-photos.leclercdrive.fr/image.ashx?id=2973487&use=l&cat=p&typeid=i","cat":309512},{"id":39576,"n":"AOP Côtes de Provence rosé Berne Grande récolte - 75cl","p":9.88,"u":"13,17 €/L","img":"https://fd9-photos.leclercdrive.fr/image.ashx?id=2857530&use=l&cat=p&typeid=i","cat":289558},{"id":39584,"n":"AOP Côtes de Provence rosé Berne Grande récolte - 1,5L","p":24.9,"u":"16,60 €/L","img":"https://fd9-photos.leclercdrive.fr/image.ashx?id=2857536&use=l&cat=p&typeid=i","cat":289558},{"id":39616,"n":"Sirop Moulin de Valdonne Fraise - 70cl","p":3.31,"u":"4,73 €/L","img":"https://fd9-photos.leclercdrive.fr/image.ashx?id=2170559&use=l&cat=p&typeid=i","cat":295020},{"id":39621,"n":"Boisson énergisante Red Bull 4x355ml","p":6.15,"u":"4,33 €/L","img":"https://fd9-photos.leclercdrive.fr/image.ashx?id=3011983&use=l&cat=p&typeid=i","cat":284533},{"id":39686,"n":"Protection incontinence Chorys Homme - Normal - x20","p":5.32,"u":"0,27 €/P","img":"https://fd9-photos.leclercdrive.fr/image.ashx?id=2672936&use=l&cat=p&typeid=i","cat":291514},{"id":39704,"n":"Recharge de gaz Clairgaz Butane - 6kg","p":21.9,"u":"3,65 €/KG","img":"https://fd9-photos.leclercdrive.fr/image.ashx?id=764893&use=l&cat=p&typeid=i","cat":335916},{"id":39706,"n":"Recharge de gaz Clairgaz Butane - 13kg","p":33.9,"u":"2,61 €/KG","img":"https://fd9-photos.leclercdrive.fr/image.ashx?id=764901&use=l&cat=p&typeid=i","cat":335916},{"id":39707,"n":"Recharge de gaz Clairgaz Propane - 11kg","p":32.9,"u":"2,99 €/KG","img":"https://fd9-photos.leclercdrive.fr/image.ashx?id=764897&use=l&cat=p&typeid=i","cat":335916},{"id":39711,"n":"Recharge de gaz Butagaz Propane - Cube - 5kg","p":18.9,"u":"3,78 €/KG","img":"https://fd9-photos.leclercdrive.fr/image.ashx?id=1759306&use=l&cat=p&typeid=i","cat":335916},{"id":39743,"n":"Bière blonde 8.6 Gold Canette 50cl - 8.6%vol","p":1.45,"u":"2,90 €/L","img":"https://fd9-photos.leclercdrive.fr/image.ashx?id=1883591&use=l&cat=p&typeid=i","cat":334853},{"id":39777,"n":"AOP Crémant d'Alsace Blanc Brut Arthur Metz - 75cl","p":6.9,"u":"9,20 €/L","img":"https://fd9-photos.leclercdrive.fr/image.ashx?id=2422926&use=l&cat=p&typeid=i","cat":284544},{"id":39783,"n":"Liqueur Malibu Coco 18% vol - 1L","p":15.45,"u":"15,45 €/L","img":"https://fd9-photos.leclercdrive.fr/image.ashx?id=2396881&use=l&cat=p&typeid=i","cat":284551},{"id":39827,"n":"Sauce Algerienne Colona 500ml","p":2.95,"u":"5,90 €/L","img":"https://fd9-photos.leclercdrive.fr/image.ashx?id=2687182&use=l&cat=p&typeid=i","cat":318431},{"id":39856,"n":"Sirop Frucci  Citron vert - 75cl","p":3.29,"u":"4,39 €/L","img":"https://fd9-photos.leclercdrive.fr/image.ashx?id=2842307&use=l&cat=p&typeid=i","cat":295020},{"id":39858,"n":"Sirop Frucci Fruits exotiques - 75cl","p":2.65,"u":"3,53 €/L","img":"https://fd9-photos.leclercdrive.fr/image.ashx?id=2842313&use=l&cat=p&typeid=i","cat":295020},{"id":39870,"n":"Jus multifruits Jafaden 4x20cl","p":2.94,"u":"3,68 €/L","img":"https://fd9-photos.leclercdrive.fr/image.ashx?id=2802296&use=l&cat=p&typeid=i","cat":284524},{"id":39871,"n":"Pur jus d'orange Jafaden 4x20cl","p":3.33,"u":"4,16 €/L","img":"https://fd9-photos.leclercdrive.fr/image.ashx?id=2802293&use=l&cat=p&typeid=i","cat":284521},{"id":39872,"n":"Pur jus d'ananas Jafaden 4x20cl","p":3.35,"u":"4,19 €/L","img":"https://fd9-photos.leclercdrive.fr/image.ashx?id=2553333&use=l&cat=p&typeid=i","cat":284524},{"id":39894,"n":"Bière blanche Hilbörg 4,5%vol. -  6x25cl","p":3.45,"u":"2,30 €/L","img":"https://fd9-photos.leclercdrive.fr/image.ashx?id=2913706&use=l&cat=p&typeid=i","cat":334878},{"id":39927,"n":"AOC Bordeaux vin blanc moelleux Chantet Blanet - 75cl","p":3.49,"u":"4,65 €/L","img":"https://fd9-photos.leclercdrive.fr/image.ashx?id=2918463&use=l&cat=p&typeid=i","cat":289557},{"id":39934,"n":"Yaourts à la Grecque Délisse Nature - 8x125g","p":2.15,"u":"2,15 €/KG","img":"https://fd9-photos.leclercdrive.fr/image.ashx?id=2699480&use=l&cat=p&typeid=i","cat":314999},{"id":39943,"n":"Laque fixation Extra-Forte Dop Vivelle - 250ml","p":4.17,"u":"16,68 €/L","img":"https://fd9-photos.leclercdrive.fr/image.ashx?id=2457236&use=l&cat=p&typeid=i","cat":284609},{"id":39947,"n":"Soin de jour L'Oréal Paris Revitalift Anti-rides - 50ml","p":8.19,"u":"163,80 €/L","img":"https://fd9-photos.leclercdrive.fr/image.ashx?id=2851078&use=l&cat=p&typeid=i","cat":325345},{"id":39950,"n":"Yaourts Lait de brebis Délisse Nature - 4x125g","p":2.19,"u":"4,38 €/KG","img":"https://fd9-photos.leclercdrive.fr/image.ashx?id=1872007&use=l&cat=p&typeid=i","cat":314998},{"id":39951,"n":"Crème dessert Délisse Pistache - 4x125g","p":0.89,"u":"1,78 €/KG","img":"https://fd9-photos.leclercdrive.fr/image.ashx?id=2441333&use=l&cat=p&typeid=i","cat":285041},{"id":39952,"n":"Dessert Liégeois Délisse Vanille Chocolat - 8x100g","p":2.09,"u":"2,61 €/KG","img":"https://fd9-photos.leclercdrive.fr/image.ashx?id=2631444&use=l&cat=p&typeid=i","cat":285042},{"id":39953,"n":"crème dessert chocolat danette pop billes 3 chocolats - 4x117g","p":2.5,"u":"5,34 €/KG","img":"https://fd9-photos.leclercdrive.fr/image.ashx?id=2926230&use=l&cat=p&typeid=i","cat":285041},{"id":39954,"n":"Crème dessert vanille Danette  Billes 3 chocolats - 4x117g","p":2.51,"u":"5,36 €/KG","img":"https://fd9-photos.leclercdrive.fr/image.ashx?id=2926227&use=l&cat=p&typeid=i","cat":285041},{"id":39961,"n":"Emiettés de sardines Gastromer Citron - 150g","p":1.99,"pp":1.31,"u":"8,73 €/KG","img":"https://fd9-photos.leclercdrive.fr/image.ashx?id=1605758&use=l&cat=p&typeid=i","cat":285191},{"id":39973,"n":"Plat bébé Blédina 12 mois  Boulghour tomate saumon -2x200g","p":2.8,"u":"7,00 €/KG","img":"https://fd9-photos.leclercdrive.fr/image.ashx?id=2975083&use=l&cat=p&typeid=i","cat":312237},{"id":39974,"n":"Plat bébé Blédina 6 mois  Purée butternut poulet - 2x200g","p":2.84,"u":"7,10 €/KG","img":"https://fd9-photos.leclercdrive.fr/image.ashx?id=2975080&use=l&cat=p&typeid=i","cat":312236},{"id":39988,"n":"Crème de douche Manava Douceur de crème - 250ml","p":1.05,"u":"4,20 €/L","img":"https://fd9-photos.leclercdrive.fr/image.ashx?id=2699282&use=l&cat=p&typeid=i","cat":284594},{"id":39989,"n":"Savon douceur Manava 1/4 de crème 100g","p":0.93,"u":"9,30 €/KG","img":"https://fd9-photos.leclercdrive.fr/image.ashx?id=2331318&use=l&cat=p&typeid=i","cat":284597},{"id":39990,"n":"Savon Manava Fleur de Tiaré orchidée 100g","p":0.89,"u":"8,90 €/KG","img":"https://fd9-photos.leclercdrive.fr/image.ashx?id=2751898&use=l&cat=p&typeid=i","cat":284597},{"id":39992,"n":"Gel douche Manava Monoï de Polynésie 250ml","p":1.15,"u":"4,60 €/L","img":"https://fd9-photos.leclercdrive.fr/image.ashx?id=2626805&use=l&cat=p&typeid=i","cat":284594},{"id":39994,"n":"Lait douche Manava Fleur d'oranger 250ml","p":1.29,"u":"5,16 €/L","img":"https://fd9-photos.leclercdrive.fr/image.ashx?id=1636782&use=l&cat=p&typeid=i","cat":284594},{"id":39995,"n":"Recharge gel lavant Manava Savon de Marseil. Olive - 250ml","p":0.66,"u":"2,64 €/L","img":"https://fd9-photos.leclercdrive.fr/image.ashx?id=2935501&use=l&cat=p&typeid=i","cat":284597},{"id":40003,"n":"Saucisson Justin Bridou La Juste Sèche - 275g","p":3.71,"u":"13,49 €/KG","img":"https://fd9-photos.leclercdrive.fr/image.ashx?id=2756927&use=l&cat=p&typeid=i","cat":316006},{"id":40004,"n":"Saucisson Mini Justin Bridou  Bâton de Berger - 100g","p":2.2,"u":"22,00 €/KG","img":"https://fd9-photos.leclercdrive.fr/image.ashx?id=3011440&use=l&cat=p&typeid=i","cat":316006},{"id":40006,"n":"Houmous Extra l'Atelier Blini 175g","p":2.66,"u":"15,20 €/KG","img":"https://fd9-photos.leclercdrive.fr/image.ashx?id=2795093&use=l&cat=p&typeid=i","cat":315999},{"id":40017,"n":"Tzatziki Blini Extra - 175g","p":2.71,"u":"15,49 €/KG","img":"https://fd9-photos.leclercdrive.fr/image.ashx?id=2973703&use=l&cat=p&typeid=i","cat":315999},{"id":40033,"n":"Yaourt nature sucré Yoplait - 16x125g","p":3.19,"u":"1,60 €/KG","img":"https://fd9-photos.leclercdrive.fr/image.ashx?id=2796821&use=l&cat=p&typeid=i","cat":284409},{"id":40034,"n":"Menthe Pastille Giffard 24%vol - 70cl","p":11.85,"pp":10.85,"u":"15,50 €/L","img":"https://fd9-photos.leclercdrive.fr/image.ashx?id=2529903&use=l&cat=p&typeid=i","cat":286032},{"id":40038,"n":"Bière Lindemans Kriek 3.5%vol. - 25cl","p":1.69,"u":"6,76 €/L","img":"https://fd9-photos.leclercdrive.fr/image.ashx?id=2830894&use=l&cat=p&typeid=i","cat":334872},{"id":40084,"n":"Blanc de dinde Tradilège 4 tranches 160g","p":2.3,"u":"14,38 €/KG","img":"https://fd9-photos.leclercdrive.fr/image.ashx?id=2994363&use=l&cat=p&typeid=i","cat":316010},{"id":40089,"n":"Gel douche Manava Cranberry myrtille - 250ml","p":1.15,"u":"4,60 €/L","img":"https://fd9-photos.leclercdrive.fr/image.ashx?id=2626802&use=l&cat=p&typeid=i","cat":284594},{"id":40090,"n":"Lait corps Inell Nourrissant - 250ml","p":2.33,"u":"9,32 €/L","img":"https://fd9-photos.leclercdrive.fr/image.ashx?id=1732820&use=l&cat=p&typeid=i","cat":325349},{"id":40092,"n":"Saucisson sec Saint Azay Stick au noix 100g","p":1.99,"u":"19,90 €/KG","img":"https://fd9-photos.leclercdrive.fr/image.ashx?id=2469565&use=l&cat=p&typeid=i","cat":316006},{"id":40102,"n":"Savon de toilette Manava Fleur oranger 100g","p":0.79,"u":"7,90 €/KG","img":"https://fd9-photos.leclercdrive.fr/image.ashx?id=2930048&use=l&cat=p&typeid=i","cat":284597},{"id":40103,"n":"Aiguillettes poulet jaune Volandrie - 210g","p":2.95,"u":"14,05 €/KG","img":"https://fd9-photos.leclercdrive.fr/image.ashx?id=2595930&use=l&cat=p&typeid=i","cat":284336},{"id":40106,"n":"Aiguillettes poulet blanc Volandrie - 210g","p":2.95,"u":"14,05 €/KG","img":"https://fd9-photos.leclercdrive.fr/image.ashx?id=2647883&use=l&cat=p&typeid=i","cat":284336},{"id":40107,"n":"Adoucissant Hyperdou Provence - 750ml","p":1.99,"u":"2,65 €/L","img":"https://fd9-photos.leclercdrive.fr/image.ashx?id=2614473&use=l&cat=p&typeid=i","cat":284650},{"id":40108,"n":"Adoucissant Hyperdou Rêve fraicheur - 750ml","p":1.89,"u":"2,52 €/L","img":"https://fd9-photos.leclercdrive.fr/image.ashx?id=2602850&use=l&cat=p&typeid=i","cat":284650},{"id":40122,"n":"AOP Côtes de Provence vin rosé Terres Ocrées - 75cl - 13%","p":4.99,"u":"6,65 €/L","img":"https://fd9-photos.leclercdrive.fr/image.ashx?id=2896895&use=l&cat=p&typeid=i","cat":289558},{"id":40133,"n":"Gaufrettes Paille d'Or LU Framboise - 170g","p":1.84,"u":"10,82 €/KG","img":"https://fd9-photos.leclercdrive.fr/image.ashx?id=2883753&use=l&cat=p&typeid=i","cat":284489},{"id":40135,"n":"Biscottes Heudebert  Nature - 300g","p":1.31,"u":"4,37 €/KG","img":"https://fd9-photos.leclercdrive.fr/image.ashx?id=2368291&use=l&cat=p&typeid=i","cat":284479},{"id":40137,"n":"Biscuits Pocket Petit Ecolier  LU Chocolat au lait - 250g","p":3.01,"u":"12,04 €/KG","img":"https://fd9-photos.leclercdrive.fr/image.ashx?id=3005326&use=l&cat=p&typeid=i","cat":284488},{"id":40142,"n":"Compote Douceur du Verger Coupelle multivariétés -16x100g","p":3.99,"u":"2,49 €/KG","img":"https://fd9-photos.leclercdrive.fr/image.ashx?id=2663533&use=l&cat=p&typeid=i","cat":284508},{"id":40169,"n":"IGP Sel fin Le Guérandais  Label rouge - 250g","p":2.17,"u":"8,68 €/KG","img":"https://fd9-photos.leclercdrive.fr/image.ashx?id=2457887&use=l&cat=p&typeid=i","cat":284457},{"id":40180,"n":"Emiettés surimi crabe Gastromer 150g","p":1.99,"pp":1.31,"u":"8,73 €/KG","img":"https://fd9-photos.leclercdrive.fr/image.ashx?id=1605662&use=l&cat=p&typeid=i","cat":285191},{"id":40214,"n":"Sauce Pesto Barilla Basilic et Roquette - 190g","p":1.94,"u":"10,21 €/KG","img":"https://fd9-photos.leclercdrive.fr/image.ashx?id=2457980&use=l&cat=p&typeid=i","cat":287599},{"id":40215,"n":"Petit pot soir Babybio Bio P.pois maïs riz, 6 mois 2x200g","p":2.66,"u":"6,65 €/KG","img":"https://fd9-photos.leclercdrive.fr/image.ashx?id=2827476&use=l&cat=p&typeid=i","cat":312239},{"id":40277,"n":"Barres glacées Bounty  Chocolat & Noix de Coco x6 235g","p":2.41,"u":"10,26 €/KG","img":"https://fd9-photos.leclercdrive.fr/image.ashx?id=1935069&use=l&cat=p&typeid=i","cat":284264},{"id":40278,"n":"Barres glacées Twix  Caramel & Biscuit x6 - 205g","p":2.73,"u":"13,32 €/KG","img":"https://fd9-photos.leclercdrive.fr/image.ashx?id=2906742&use=l&cat=p&typeid=i","cat":284264},{"id":40279,"n":"Jus innocent orange sans pulpe 900ml","p":2.46,"u":"2,73 €/L","img":"https://fd9-photos.leclercdrive.fr/image.ashx?id=2736583&use=l&cat=p&typeid=i","cat":285435},{"id":40311,"n":"Biscuits cacao P'tit Déli Chocolat noir/blanc - 115g","p":2.0,"u":"17,39 €/KG","img":"https://fd9-photos.leclercdrive.fr/image.ashx?id=2566197&use=l&cat=p&typeid=i","cat":284488},{"id":40312,"n":"Cèpes déshydratés Notre Jardin 40g","p":3.11,"u":"77,75 €/KG","img":"https://fd9-photos.leclercdrive.fr/image.ashx?id=2403276&use=l&cat=p&typeid=i","cat":284352},{"id":40313,"n":"Madeleines marbrées P'tit Déli Chocolat 400g","p":2.15,"u":"5,38 €/KG","img":"https://fd9-photos.leclercdrive.fr/image.ashx?id=2646065&use=l&cat=p&typeid=i","cat":284492},{"id":40315,"n":"Chips ondulées Pom'Lisse Epicé - 135g","p":1.17,"u":"8,67 €/KG","img":"https://fd9-photos.leclercdrive.fr/image.ashx?id=2919628&use=l&cat=p&typeid=i","cat":284447},{"id":40318,"n":"Mini cornichons Rustica 210g","p":2.03,"u":"9,67 €/KG","img":"https://fd9-photos.leclercdrive.fr/image.ashx?id=2916704&use=l&cat=p&typeid=i","cat":284458},{"id":40321,"n":"Bonbons Confiseo Menthe Extrême - 250g","p":1.49,"u":"5,96 €/KG","img":"https://fd9-photos.leclercdrive.fr/image.ashx?id=2934712&use=l&cat=p&typeid=i","cat":304252},{"id":40329,"n":"Chocolat en poudre Equador Pur Cacao non sucré - 250g","p":3.28,"u":"13,12 €/KG","img":"https://fd9-photos.leclercdrive.fr/image.ashx?id=2120290&use=l&cat=p&typeid=i","cat":284504},{"id":40330,"n":"Sablés P'tit Déli Pur beurre framboise - 100g","p":1.18,"u":"11,80 €/KG","img":"https://fd9-photos.leclercdrive.fr/image.ashx?id=2669747&use=l&cat=p&typeid=i","cat":284487},{"id":40336,"n":"Bière blonde Heineken 12x33cl","p":11.3,"u":"2,85 €/L","img":"https://fd9-photos.leclercdrive.fr/image.ashx?id=3008110&use=l&cat=p&typeid=i","cat":334873},{"id":40337,"n":"Morilles déshydratées Notre Jardin pot 30g","p":12.78,"u":"426,00 €/KG","img":"https://fd9-photos.leclercdrive.fr/image.ashx?id=2418332&use=l&cat=p&typeid=i","cat":284352},{"id":40342,"n":"Serviette Tena Lady - Maxi Night - x12","p":5.67,"u":"0,47 €/P","img":"https://fd9-photos.leclercdrive.fr/image.ashx?id=2597232&use=l&cat=p&typeid=i","cat":284628},{"id":40345,"n":"Cotons Démaquillants Demak'Up Original ovale x70","p":1.81,"u":"0,03 €/P","img":"https://fd9-photos.leclercdrive.fr/image.ashx?id=2791458&use=l&cat=p&typeid=i","cat":285593},{"id":40412,"n":"Thon entier Petit Navire Huile de tournesol - 160g","p":1.91,"u":"11,94 €/KG","img":"https://fd9-photos.leclercdrive.fr/image.ashx?id=2523846&use=l&cat=p&typeid=i","cat":303867},{"id":40430,"n":"Plat bébé soir Blédiner 8 mois  Patate douce carotte - 2x200g","p":2.15,"u":"5,38 €/KG","img":"https://fd9-photos.leclercdrive.fr/image.ashx?id=2902969&use=l&cat=p&typeid=i","cat":312239},{"id":40490,"n":"Compote Andros Pomme abricot - 8x100g","p":3.69,"u":"4,61 €/KG","img":"https://fd9-photos.leclercdrive.fr/image.ashx?id=2968097&use=l&cat=p&typeid=i","cat":284416},{"id":40491,"n":"Compotes Andros Pomme poire 8x100g","p":2.76,"u":"3,45 €/KG","img":"https://fd9-photos.leclercdrive.fr/image.ashx?id=2883943&use=l&cat=p&typeid=i","cat":284416},{"id":40494,"n":"Compotes Andros Pomme châtaigne 8x100g","p":2.67,"u":"3,34 €/KG","img":"https://fd9-photos.leclercdrive.fr/image.ashx?id=2988611&use=l&cat=p&typeid=i","cat":284416},{"id":40495,"n":"Gâteau mix max Balconi Cacao 350g","p":1.93,"u":"5,51 €/KG","img":"https://fd9-photos.leclercdrive.fr/image.ashx?id=2878408&use=l&cat=p&typeid=i","cat":284495},{"id":40516,"n":"Compote Douceur du Verger Gourdes multivariétés - 12x90g","p":4.09,"u":"3,79 €/KG","img":"https://fd9-photos.leclercdrive.fr/image.ashx?id=2837048&use=l&cat=p&typeid=i","cat":284508},{"id":40519,"n":"Kit fajitas Old El Paso extra doux - 478g","p":5.2,"u":"10,88 €/KG","img":"https://fd9-photos.leclercdrive.fr/image.ashx?id=2765405&use=l&cat=p&typeid=i","cat":288993},{"id":40522,"n":"Préparation cassis NRT D'Ile de France - 315g","p":3.77,"u":"11,97 €/KG","img":"https://fd9-photos.leclercdrive.fr/image.ashx?id=779320&use=l&cat=p&typeid=i","cat":284480},{"id":40563,"n":"Soda La Meuh Cola Bouteille - 1,5L","p":3.03,"u":"2,02 €/L","img":"https://fd9-photos.leclercdrive.fr/image.ashx?id=1568638&use=l&cat=p&typeid=i","cat":284530},{"id":40573,"n":"Tablette chocolat Milka Chocolat lait/Noisette - 2x100g","p":3.41,"u":"17,05 €/KG","img":"https://fd9-photos.leclercdrive.fr/image.ashx?id=2832422&use=l&cat=p&typeid=i","cat":284497},{"id":40574,"n":"Tablette chocolat Milka Chocolat lait/Riz - 2x100g","p":2.94,"u":"14,70 €/KG","img":"https://fd9-photos.leclercdrive.fr/image.ashx?id=2400448&use=l&cat=p&typeid=i","cat":284497},{"id":40586,"n":"Glaces Yéti Best Of - 8 bâtonnets - 360g","p":3.4,"u":"9,44 €/KG","img":"https://fd9-photos.leclercdrive.fr/image.ashx?id=1921194&use=l&cat=p&typeid=i","cat":285250},{"id":40612,"n":"Fromage de Brebis Etorki  180g","p":3.3,"u":"18,33 €/KG","img":"https://fd9-photos.leclercdrive.fr/image.ashx?id=2702816&use=l&cat=p&typeid=i","cat":329184},{"id":40620,"n":"Jus innocent  orange sans pulpe 1.5L","p":3.52,"u":"2,35 €/L","img":"https://fd9-photos.leclercdrive.fr/image.ashx?id=2889811&use=l&cat=p&typeid=i","cat":285435},{"id":40626,"n":"AOC Rosé de Loire vin rosé Les Caractères - 75cl","p":3.69,"u":"4,92 €/L","img":"https://fd9-photos.leclercdrive.fr/image.ashx?id=2756149&use=l&cat=p&typeid=i","cat":289558},{"id":40627,"n":"AOC Rosé d'Anjou vin rosé Les Caractères - 75cl","p":3.89,"u":"5,19 €/L","img":"https://fd9-photos.leclercdrive.fr/image.ashx?id=2756146&use=l&cat=p&typeid=i","cat":289558},{"id":40631,"n":"Levure Chimique Alsacienne alsa 8 sachets - 88g","p":0.68,"u":"7,73 €/KG","img":"https://fd9-photos.leclercdrive.fr/image.ashx?id=3009335&use=l&cat=p&typeid=i","cat":294686},{"id":40649,"n":"Pansement Primoplast Transparents x40","p":0.99,"u":"0,02 €/P","img":"https://fd9-photos.leclercdrive.fr/image.ashx?id=2832957&use=l&cat=p&typeid=i","cat":284630},{"id":40653,"n":"Jus de grenade Gayelord Hauser - 75cl","p":3.22,"u":"4,29 €/L","img":"https://fd9-photos.leclercdrive.fr/image.ashx?id=2923789&use=l&cat=p&typeid=i","cat":284915},{"id":40657,"n":"Gel douche Manava Hypoallergenique - 500ml","p":1.85,"u":"3,70 €/L","img":"https://fd9-photos.leclercdrive.fr/image.ashx?id=2799165&use=l&cat=p&typeid=i","cat":284594},{"id":40659,"n":"Crème décolorante Vitanove 165ml","p":3.92,"u":"23,76 €/L","img":"https://fd9-photos.leclercdrive.fr/image.ashx?id=2522533&use=l&cat=p&typeid=i","cat":288899},{"id":40666,"n":"Antiseptique Primoplast Spray - 100ml","p":2.4,"u":"24,00 €/L","img":"https://fd9-photos.leclercdrive.fr/image.ashx?id=1724578&use=l&cat=p&typeid=i","cat":284630},{"id":40667,"n":"Shampooing Vitanove Nutrition - 750ml","p":3.99,"u":"5,32 €/L","img":"https://fd9-photos.leclercdrive.fr/image.ashx?id=2478925&use=l&cat=p&typeid=i","cat":284606},{"id":40670,"n":"Shampooing Vitanove Couleur - 750ml","p":3.99,"u":"5,32 €/L","img":"https://fd9-photos.leclercdrive.fr/image.ashx?id=1923577&use=l&cat=p&typeid=i","cat":284606},{"id":40676,"n":"Beurre Tendre Président Demi-sel - 80% MG - 250g","p":3.43,"u":"13,72 €/KG","img":"https://fd9-photos.leclercdrive.fr/image.ashx?id=2731420&use=l&cat=p&typeid=i","cat":284379},{"id":40723,"n":"Fromage à tartiner Les Croisés Echalote et Ciboulette - 150g","p":1.66,"u":"11,07 €/KG","img":"https://fd9-photos.leclercdrive.fr/image.ashx?id=1537468&use=l&cat=p&typeid=i","cat":314029},{"id":40736,"n":"Saumon fumé Labeyrie Norvège 2 tranches - 75g","p":4.49,"u":"59,87 €/KG","img":"https://fd9-photos.leclercdrive.fr/image.ashx?id=2729905&use=l&cat=p&typeid=i","cat":285188},{"id":40739,"n":"AOC Savoie vin blanc Antoine Barrier - 75cl","p":6.79,"u":"9,05 €/L","img":"https://fd9-photos.leclercdrive.fr/image.ashx?id=2684829&use=l&cat=p&typeid=i","cat":289557},{"id":40774,"n":"Lingettes nettoyantes La Croix Désinfectant Javel - x 25","p":1.49,"u":"0,06 €/P","img":"https://fd9-photos.leclercdrive.fr/image.ashx?id=2540106&use=l&cat=p&typeid=i","cat":325358},{"id":40776,"n":"Détachant avant lavage K2R  Tâche incrustée mousse  - 400mL","p":2.77,"u":"6,93 €/L","img":"https://fd9-photos.leclercdrive.fr/image.ashx?id=2101177&use=l&cat=p&typeid=i","cat":284651},{"id":40786,"n":"Riz au lait Bio Bio Village Vanille - 4x100g","p":1.79,"u":"4,48 €/KG","img":"https://fd9-photos.leclercdrive.fr/image.ashx?id=2992636&use=l&cat=p&typeid=i","cat":284418},{"id":40789,"n":"Yaourts à boire Délisse Fraise - 8x100g","p":1.95,"u":"2,44 €/KG","img":"https://fd9-photos.leclercdrive.fr/image.ashx?id=2762504&use=l&cat=p&typeid=i","cat":284415},{"id":40790,"n":"Yaourt brassé Bio Bio Village Nature - 4x125g","p":1.2,"u":"2,40 €/KG","img":"https://fd9-photos.leclercdrive.fr/image.ashx?id=2064624&use=l&cat=p&typeid=i","cat":284409},{"id":40796,"n":"Rôti de porc Tradilège Supérieur Maxiformat 8tr- 240 g","p":3.17,"u":"13,21 €/KG","img":"https://fd9-photos.leclercdrive.fr/image.ashx?id=2930763&use=l&cat=p&typeid=i","cat":316009},{"id":40908,"n":"Sauce pizza Tomapizza Panzani aux tomates et origan - 390g","p":1.36,"u":"3,49 €/KG","img":"https://fd9-photos.leclercdrive.fr/image.ashx?id=2744626&use=l&cat=p&typeid=i","cat":288384},{"id":40946,"n":"Whisky Chivas Regal 18 ans Blended Scotch 40% vol - 70cl","p":50.9,"pp":45.81,"u":"65,44 €/L","img":"https://fd9-photos.leclercdrive.fr/image.ashx?id=2884084&use=l&cat=p&typeid=i","cat":284547},{"id":40955,"n":"Whisky Bourbon Woodford Reserve 70cL","p":33.38,"u":"47,69 €/L","img":"https://fd9-photos.leclercdrive.fr/image.ashx?id=2581337&use=l&cat=p&typeid=i","cat":284547},{"id":40956,"n":"Whisky Jack Daniel's Single Barrel 70cL","p":34.47,"u":"49,24 €/L","img":"https://fd9-photos.leclercdrive.fr/image.ashx?id=2540013&use=l&cat=p&typeid=i","cat":284547},{"id":40967,"n":"AOP Bourgogne Aligoté vin blanc Antoine Barrier - 75cl","p":6.49,"u":"8,65 €/L","img":"https://fd9-photos.leclercdrive.fr/image.ashx?id=2883011&use=l&cat=p&typeid=i","cat":289557},{"id":40968,"n":"AOP Bordeaux Supérieur rouge Château Labatut Prestige - 75cl","p":5.8,"u":"7,73 €/L","img":"https://fd9-photos.leclercdrive.fr/image.ashx?id=2860973&use=l&cat=p&typeid=i","cat":289556},{"id":40980,"n":"Chargeur universel Foxter x1","p":17.99,"u":"Dont 0,10 € d'éco-part.","img":"https://fd9-photos.leclercdrive.fr/image.ashx?id=2162318&use=l&cat=p&typeid=i","cat":300572},{"id":40981,"n":"Torche mini Foxter x1","p":3.5,"u":"Dont 0,10 € d'éco-part.","img":"https://fd9-photos.leclercdrive.fr/image.ashx?id=788340&use=l&cat=p&typeid=i","cat":300613},{"id":40984,"n":"Chargeur piles Basic' Foxter AA/HR6 1 AAA/HR3 + 4 piles HR6","p":14.79,"u":"Dont 0,10 € d'éco-part.","img":"https://fd9-photos.leclercdrive.fr/image.ashx?id=2034160&use=l&cat=p&typeid=i","cat":300572},{"id":40985,"n":"Chargeur piles Rapid' Foxter AA/HR6 & AAA/HR3 +4 piles HR6","p":19.99,"u":"Dont 0,10 € d'éco-part.","img":"https://fd9-photos.leclercdrive.fr/image.ashx?id=2162402&use=l&cat=p&typeid=i","cat":300572},{"id":40997,"n":"Panier forestier déshydraté  30g","p":1.93,"u":"64,33 €/KG","img":"https://fd9-photos.leclercdrive.fr/image.ashx?id=2618853&use=l&cat=p&typeid=i","cat":312610},{"id":41002,"n":"Repas fraicheur pour chat Sheba Volaille en sauce - 6x50g","p":2.45,"u":"8,17 €/KG","img":"https://fd9-photos.leclercdrive.fr/image.ashx?id=2888097&use=l&cat=p&typeid=i","cat":285286},{"id":41004,"n":"Bâtonnets Dentastix Pedigree  Fresh Petit chien x7 - 110g","p":2.23,"u":"20,27 €/KG","img":"https://fd9-photos.leclercdrive.fr/image.ashx?id=2850168&use=l&cat=p&typeid=i","cat":294527},{"id":41016,"n":"Sachet fraîcheur chat Sheba Poissons en sauce - 4x85g","p":2.2,"u":"6,47 €/KG","img":"https://fd9-photos.leclercdrive.fr/image.ashx?id=2759625&use=l&cat=p&typeid=i","cat":285286},{"id":41018,"n":"Pur jus d'ananas Jafaden Bouteille 1L","p":1.99,"u":"1,99 €/L","img":"https://fd9-photos.leclercdrive.fr/image.ashx?id=2956729&use=l&cat=p&typeid=i","cat":284916},{"id":41019,"n":"Pur jus de raisin Jafaden Bouteille 1L","p":1.54,"u":"1,54 €/L","img":"https://fd9-photos.leclercdrive.fr/image.ashx?id=2860757&use=l&cat=p&typeid=i","cat":284915},{"id":41020,"n":"Pur jus Jafaden Clémentine - 1L","p":1.91,"u":"1,91 €/L","img":"https://fd9-photos.leclercdrive.fr/image.ashx?id=2895786&use=l&cat=p&typeid=i","cat":284915},{"id":41022,"n":"Sachet fraicheur chat Sheba Thon cabillaud en sauce - 6x50g","p":2.45,"u":"8,17 €/KG","img":"https://fd9-photos.leclercdrive.fr/image.ashx?id=2347128&use=l&cat=p&typeid=i","cat":285286},{"id":41117,"n":"Vinaigre de nettoyage Clair Citron - 750ml","p":1.95,"u":"2,60 €/L","img":"https://fd9-photos.leclercdrive.fr/image.ashx?id=1947728&use=l&cat=p&typeid=i","cat":325365},{"id":41140,"n":"Filets maquereaux Pêche Océan Naturel - 95g","p":1.48,"u":"15,58 €/KG","img":"https://fd9-photos.leclercdrive.fr/image.ashx?id=2515685&use=l&cat=p&typeid=i","cat":303868},{"id":41147,"n":"Bain de bouche Dentamyl Expert Sensitive - 500ml","p":1.89,"u":"3,78 €/L","img":"https://fd9-photos.leclercdrive.fr/image.ashx?id=2594570&use=l&cat=p&typeid=i","cat":284613},{"id":41162,"n":"Olives Apéritives Cassées à l'ail - 250g","p":2.83,"u":"11,32 €/KG","img":"https://fd9-photos.leclercdrive.fr/image.ashx?id=2833696&use=l&cat=p&typeid=i","cat":316002},{"id":41168,"n":"Alcool pour fruits Dob 40° - 1L","p":15.9,"u":"15,90 €/L","img":"https://fd9-photos.leclercdrive.fr/image.ashx?id=2179356&use=l&cat=p&typeid=i","cat":286032},{"id":41185,"n":"Coloration permanente Vitanove  Blond foncé","p":3.08,"img":"https://fd9-photos.leclercdrive.fr/image.ashx?id=2522530&use=l&cat=p&typeid=i","cat":288899},{"id":41190,"n":"Liqueur de Whisky Jack Daniel's Honey 70cL","p":19.95,"pp":17.95,"u":"25,64 €/L","img":"https://fd9-photos.leclercdrive.fr/image.ashx?id=2973982&use=l&cat=p&typeid=i","cat":286032},{"id":41192,"n":"Absorbeur Aero 360° Rubson Stop humidité - 20m²+1 recharge","p":21.9,"img":"https://fd9-photos.leclercdrive.fr/image.ashx?id=2380955&use=l&cat=p&typeid=i","cat":300576},{"id":41223,"n":"Chips natures paysannes Bret's Au sel de Guérande 250g","p":2.27,"u":"9,08 €/KG","img":"https://fd9-photos.leclercdrive.fr/image.ashx?id=2217651&use=l&cat=p&typeid=i","cat":284447},{"id":41237,"n":"Beurre La Motte Président Doux - 82%mg - 250g","p":3.19,"u":"12,76 €/KG","img":"https://fd9-photos.leclercdrive.fr/image.ashx?id=2896955&use=l&cat=p&typeid=i","cat":284379},{"id":41238,"n":"Beurre La Motte Président Sel de mer - 80% MG - 250g","p":3.19,"u":"12,76 €/KG","img":"https://fd9-photos.leclercdrive.fr/image.ashx?id=2896958&use=l&cat=p&typeid=i","cat":284379},{"id":41268,"n":"Croquettes chat  Eco+ Viandes légumes-  2kg","p":2.33,"u":"1,17 €/KG","img":"https://fd9-photos.leclercdrive.fr/image.ashx?id=2932381&use=l&cat=p&typeid=i","cat":284680},{"id":41269,"n":"Croquettes chat Eco+ Poisson, céréales, légumes 2kg","p":2.48,"u":"1,24 €/KG","img":"https://fd9-photos.leclercdrive.fr/image.ashx?id=2046980&use=l&cat=p&typeid=i","cat":284680},{"id":41271,"n":"Croquettes chiens Eco+ Adulte - Boeuf - 10kg","p":9.97,"u":"1,00 €/KG","img":"https://fd9-photos.leclercdrive.fr/image.ashx?id=2368647&use=l&cat=p&typeid=i","cat":284672},{"id":41275,"n":"Croquettes chat Purina One Sterilisé - Poulet - 1,5kg","p":6.96,"u":"4,64 €/KG","img":"https://fd9-photos.leclercdrive.fr/image.ashx?id=2488046&use=l&cat=p&typeid=i","cat":284680},{"id":41278,"n":"Croquettes chiens Eco+ Adulte - Viande -  4kg","p":3.93,"u":"0,98 €/KG","img":"https://fd9-photos.leclercdrive.fr/image.ashx?id=2046986&use=l&cat=p&typeid=i","cat":284672},{"id":41283,"n":"Sachets pour chats Gourmet Multivariétés - 12x85g","p":5.47,"u":"5,36 €/KG","img":"https://fd9-photos.leclercdrive.fr/image.ashx?id=2902343&use=l&cat=p&typeid=i","cat":285286},{"id":41285,"n":"Croquettes chaton Purina One  Junior -Poulet/Céréales - 1,5kg","p":7.34,"u":"4,89 €/KG","img":"https://fd9-photos.leclercdrive.fr/image.ashx?id=2433563&use=l&cat=p&typeid=i","cat":284680},{"id":41286,"n":"Croquettes chat Purina One  Stérilisé Adulte-Saumon/Blé-3kg","p":13.01,"u":"4,34 €/KG","img":"https://fd9-photos.leclercdrive.fr/image.ashx?id=2488049&use=l&cat=p&typeid=i","cat":284680},{"id":41289,"n":"Croquettes chat Purina One Urinary care - Poulet - 450g","p":2.85,"u":"6,33 €/KG","img":"https://fd9-photos.leclercdrive.fr/image.ashx?id=2459940&use=l&cat=p&typeid=i","cat":284680},{"id":41291,"n":"Croquettes chat Purina One Stérilisé Adulte-Boeuf/blé -3kg","p":13.19,"u":"4,40 €/KG","img":"https://fd9-photos.leclercdrive.fr/image.ashx?id=2488043&use=l&cat=p&typeid=i","cat":284680},{"id":41293,"n":"Sachets repas chats Purina One Stérilisés - Saumon Dinde 4x85g","p":2.07,"u":"6,09 €/KG","img":"https://fd9-photos.leclercdrive.fr/image.ashx?id=2902349&use=l&cat=p&typeid=i","cat":285286},{"id":41337,"n":"Lait céréales Blédidej 9 mois Madeleine - 4x250ml","p":3.58,"u":"3,58 €/L","img":"https://fd9-photos.leclercdrive.fr/image.ashx?id=2921052&use=l&cat=p&typeid=i","cat":312226},{"id":41352,"n":"Gommage visage Inell Douceur - 75ml","p":2.0,"u":"26,67 €/L","img":"https://fd9-photos.leclercdrive.fr/image.ashx?id=2686344&use=l&cat=p&typeid=i","cat":284603},{"id":41357,"n":"Steak *** Charal 130g","p":3.32,"u":"25,54 €/KG","img":"https://fd9-photos.leclercdrive.fr/image.ashx?id=1893005&use=l&cat=p&typeid=i","cat":284328},{"id":41359,"n":"Bavette d'Aloyau *** Charal 260g","p":8.3,"u":"31,92 €/KG","img":"https://fd9-photos.leclercdrive.fr/image.ashx?id=1889183&use=l&cat=p&typeid=i","cat":284328},{"id":41364,"n":"Cordon bleu Côté Croc Comté - 200g","p":2.05,"u":"10,25 €/KG","img":"https://fd9-photos.leclercdrive.fr/image.ashx?id=2800240&use=l&cat=p&typeid=i","cat":333683},{"id":41366,"n":"Nuggets de poulet Côté Croc Croustillant - 200g","p":1.79,"u":"8,95 €/KG","img":"https://fd9-photos.leclercdrive.fr/image.ashx?id=2462257&use=l&cat=p&typeid=i","cat":333684},{"id":41377,"n":"Manchons de poulet Côté Croc Croustillant - 250g","p":2.59,"u":"10,36 €/KG","img":"https://fd9-photos.leclercdrive.fr/image.ashx?id=2843042&use=l&cat=p&typeid=i","cat":333685},{"id":41383,"n":"Piles boutons Enegizer LR44/A76 Alkaline 1,5V - x2","p":3.03,"u":"1,52 €/P","img":"https://fd9-photos.leclercdrive.fr/image.ashx?id=1855274&use=l&cat=p&typeid=i","cat":300572},{"id":41422,"n":"Fromage à Tartiner St Môret  Nature - 300g","p":3.41,"u":"11,37 €/KG","img":"https://fd9-photos.leclercdrive.fr/image.ashx?id=2755465&use=l&cat=p&typeid=i","cat":314029},{"id":41447,"n":"Fromage fruité bloc Les Croisés 220g","p":2.75,"u":"12,50 €/KG","img":"https://fd9-photos.leclercdrive.fr/image.ashx?id=1961168&use=l&cat=p&typeid=i","cat":314034},{"id":41460,"n":"Pain de mie 100% Mie Harrys Complet sans croûte - 500g","p":1.79,"u":"3,58 €/KG","img":"https://fd9-photos.leclercdrive.fr/image.ashx?id=2731864&use=l&cat=p&typeid=i","cat":284477},{"id":41463,"n":"Autocollants Insectivor Anti-mouches - x4","p":2.54,"u":"0,64 €/P","img":"https://fd9-photos.leclercdrive.fr/image.ashx?id=2606828&use=l&cat=p&typeid=i","cat":298368},{"id":41465,"n":"Cotons Inell Maxi confort x80","p":1.78,"img":"https://fd9-photos.leclercdrive.fr/image.ashx?id=1926969&use=l&cat=p&typeid=i","cat":284636},{"id":41467,"n":"Sauce Pesto Tradizioni d'Italia Rosso - 180g","p":1.82,"u":"10,11 €/KG","img":"https://fd9-photos.leclercdrive.fr/image.ashx?id=2840034&use=l&cat=p&typeid=i","cat":287599},{"id":41488,"n":"Sachets Insectivor Anti-mites anti-acariens - x24","p":2.89,"u":"0,12 €/P","img":"https://fd9-photos.leclercdrive.fr/image.ashx?id=2852952&use=l&cat=p&typeid=i","cat":298368},{"id":41492,"n":"Tartines croustillantes Wasa Fibres - 230g","p":1.51,"u":"6,57 €/KG","img":"https://fd9-photos.leclercdrive.fr/image.ashx?id=3011854&use=l&cat=p&typeid=i","cat":284479},{"id":41493,"n":"Tartines croustillantes Wasa Authentique - 275g","p":1.43,"u":"5,20 €/KG","img":"https://fd9-photos.leclercdrive.fr/image.ashx?id=3011857&use=l&cat=p&typeid=i","cat":284479},{"id":41494,"n":"Bière Red 8.6 Canette - 7.9%vol. - 50cl","p":1.54,"u":"3,08 €/L","img":"https://fd9-photos.leclercdrive.fr/image.ashx?id=2687329&use=l&cat=p&typeid=i","cat":334853},{"id":41517,"n":"Couches bébé Mots d'Enfants T6 Douceur - 16kg+ - x58 changes","p":12.75,"img":"https://fd9-photos.leclercdrive.fr/image.ashx?id=2904577&use=l&cat=p&typeid=i","cat":284737},{"id":41524,"n":"Ossau Iraty AOP Istara Fromage de brebis - 180g","p":3.62,"u":"20,11 €/KG","img":"https://fd9-photos.leclercdrive.fr/image.ashx?id=2766193&use=l&cat=p&typeid=i","cat":329184},{"id":41532,"n":"Gressins Tradizioni d'Italia A la turinoise - 250g","p":2.29,"u":"9,16 €/KG","img":"https://fd9-photos.leclercdrive.fr/image.ashx?id=2743918&use=l&cat=p&typeid=i","cat":297000},{"id":41534,"n":"Déodorant Spray Homme Nivea Men Black&White Original - 200ml","p":2.39,"u":"11,95 €/L","img":"https://fd9-photos.leclercdrive.fr/image.ashx?id=3005218&use=l&cat=p&typeid=i","cat":284618},{"id":41549,"n":"Piles Duracell CR2032 Lithium 3V - x2","p":2.65,"u":"1,33 €/P","img":"https://fd9-photos.leclercdrive.fr/image.ashx?id=3003411&use=l&cat=p&typeid=i","cat":300572},{"id":41551,"n":"Soda Schweppes Saveur Citron - 1,5L","p":1.91,"u":"1,27 €/L","img":"https://fd9-photos.leclercdrive.fr/image.ashx?id=2852417&use=l&cat=p&typeid=i","cat":284532},{"id":41556,"n":"Boisson aux fruits Oasis Orange - 2L","p":2.46,"u":"1,23 €/L","img":"https://fd9-photos.leclercdrive.fr/image.ashx?id=2688653&use=l&cat=p&typeid=i","cat":295018},{"id":41579,"n":"Macédoine déjà égouttée D'aucy  530g","p":2.21,"u":"4,17 €/KG","img":"https://fd9-photos.leclercdrive.fr/image.ashx?id=2835833&use=l&cat=p&typeid=i","cat":312612},{"id":41602,"n":"Fond d'artichauts Eco + 210g","p":1.75,"u":"8,33 €/KG","img":"https://fd9-photos.leclercdrive.fr/image.ashx?id=2822917&use=l&cat=p&typeid=i","cat":312611},{"id":41603,"n":"Coeurs d'artichauts Eco + 240g","p":1.6,"u":"6,67 €/KG","img":"https://fd9-photos.leclercdrive.fr/image.ashx?id=2674020&use=l&cat=p&typeid=i","cat":312611},{"id":41606,"n":"Artichauts Tradizioni d'Italia  Demi coeurs - 280g","p":3.89,"u":"13,89 €/KG","img":"https://fd9-photos.leclercdrive.fr/image.ashx?id=2840040&use=l&cat=p&typeid=i","cat":312611},{"id":41625,"n":"Tomates Tradizioni d'Italia Séchées à huile d'olive - 270g","p":3.49,"u":"12,93 €/KG","img":"https://fd9-photos.leclercdrive.fr/image.ashx?id=2840037&use=l&cat=p&typeid=i","cat":284458},{"id":41646,"n":"AOC Buzet vin rosé Terrasses d'Autan - 75cl","p":3.99,"u":"5,32 €/L","img":"https://fd9-photos.leclercdrive.fr/image.ashx?id=2709671&use=l&cat=p&typeid=i","cat":289558},{"id":41647,"n":"AOP Alsace Gewurztraminer   vin blanc Rebmann - 75 cl","p":5.99,"u":"7,99 €/L","img":"https://fd9-photos.leclercdrive.fr/image.ashx?id=2836322&use=l&cat=p&typeid=i","cat":289557},{"id":41673,"n":"Mouchoirs papier Kleenex Boîte x48 mouchoirs","p":1.21,"u":"0,03 €/P","img":"https://fd9-photos.leclercdrive.fr/image.ashx?id=2944924&use=l&cat=p&typeid=i","cat":284638},{"id":41691,"n":"AOP Cabernet d'Anjou BIO vin  rosé Les Caractères - 75cl","p":4.99,"u":"6,65 €/L","img":"https://fd9-photos.leclercdrive.fr/image.ashx?id=2946871&use=l&cat=p&typeid=i","cat":289558},{"id":41700,"n":"Sauce Tomate Cuisinée Heinz Ail & Oignon - 520g","p":1.37,"u":"2,63 €/KG","img":"https://fd9-photos.leclercdrive.fr/image.ashx?id=2950849&use=l&cat=p&typeid=i","cat":288384},{"id":41775,"n":"La Teurgoule Fermière À la Cannelle - 830g","p":3.35,"u":"4,04 €/KG","img":"https://fd9-photos.leclercdrive.fr/image.ashx?id=1746167&use=l&cat=p&typeid=i","cat":284418},{"id":41797,"n":"Sauce Barbecue Heinz Classic - 480g","p":1.95,"u":"4,06 €/KG","img":"https://fd9-photos.leclercdrive.fr/image.ashx?id=2928351&use=l&cat=p&typeid=i","cat":318431},{"id":41800,"n":"Mayonnaise Fine & Douce Lesieur 475g","p":2.25,"u":"4,74 €/KG","img":"https://fd9-photos.leclercdrive.fr/image.ashx?id=2918541&use=l&cat=p&typeid=i","cat":298295},{"id":41801,"n":"Châtaignes entières D'aucy 510g","p":9.54,"u":"18,71 €/KG","img":"https://fd9-photos.leclercdrive.fr/image.ashx?id=2542962&use=l&cat=p&typeid=i","cat":312612},{"id":41803,"n":"Asperges vertes d'aucy  21,2cl","p":2.21,"u":"22,10 €/KG","img":"https://fd9-photos.leclercdrive.fr/image.ashx?id=2597723&use=l&cat=p&typeid=i","cat":312611},{"id":41828,"n":"AOC Bergerac vin rosé  Terrasses d'Autan - 75cl","p":2.99,"u":"3,99 €/L","img":"https://fd9-photos.leclercdrive.fr/image.ashx?id=1913171&use=l&cat=p&typeid=i","cat":289558},{"id":41829,"n":"AOP Bordeaux vin rosé  Chantet Blanet - 75cl","p":2.99,"u":"3,99 €/L","img":"https://fd9-photos.leclercdrive.fr/image.ashx?id=1913559&use=l&cat=p&typeid=i","cat":289558},{"id":41831,"n":"AOC Bordeaux Sauvignon vin  blanc Chantet Blanet - 75cl","p":3.95,"u":"5,27 €/L","img":"https://fd9-photos.leclercdrive.fr/image.ashx?id=2647889&use=l&cat=p&typeid=i","cat":289557},{"id":41833,"n":"AOC Bourgogne Chardonnay vin  blanc Antoine Barrier - 37,5cl","p":4.25,"u":"11,33 €/L","img":"https://fd9-photos.leclercdrive.fr/image.ashx?id=2893564&use=l&cat=p&typeid=i","cat":289557},{"id":41834,"n":"AOC Bandol vin rosé Terres Ocrées - 75cl","p":7.49,"u":"9,99 €/L","img":"https://fd9-photos.leclercdrive.fr/image.ashx?id=2900151&use=l&cat=p&typeid=i","cat":289558},{"id":41835,"n":"AOC Bourgueil vin rouge Les Caractères - 75cl","p":4.49,"u":"5,99 €/L","img":"https://fd9-photos.leclercdrive.fr/image.ashx?id=2691336&use=l&cat=p&typeid=i","cat":289556},{"id":41836,"n":"AOP Bergerac vin rouge Terrasses d'Autan - 75cl","p":2.99,"u":"3,99 €/L","img":"https://fd9-photos.leclercdrive.fr/image.ashx?id=2943100&use=l&cat=p&typeid=i","cat":289556},{"id":41837,"n":"AOC Alsace Riesling Prestique vin blanc Rebmann - 75 cl","p":6.99,"u":"9,32 €/L","img":"https://fd9-photos.leclercdrive.fr/image.ashx?id=2639903&use=l&cat=p&typeid=i","cat":289557},{"id":41838,"n":"AOP Alsace Sylvaner  vin blanc Rebmann - 75 cl","p":4.49,"u":"5,99 €/L","img":"https://fd9-photos.leclercdrive.fr/image.ashx?id=2717355&use=l&cat=p&typeid=i","cat":289557},{"id":41839,"n":"AOC Côtes du Rhône vin rouge Grégoire XI - 37,5 cl","p":2.39,"u":"6,37 €/L","img":"https://fd9-photos.leclercdrive.fr/image.ashx?id=2714986&use=l&cat=p&typeid=i","cat":289556},{"id":41840,"n":"AOC Costières de Nîmes vin rouge Rives & Terrasses - 75cl","p":2.99,"u":"3,99 €/L","img":"https://fd9-photos.leclercdrive.fr/image.ashx?id=2645800&use=l&cat=p&typeid=i","cat":289556},{"id":41841,"n":"AOP Bordeaux vin rouge Chantet Blanet - 75cl","p":2.89,"u":"3,85 €/L","img":"https://fd9-photos.leclercdrive.fr/image.ashx?id=2530302&use=l&cat=p&typeid=i","cat":289556},{"id":41844,"n":"AOC Côtes du Rhône Villages vin rouge Plan de Diey - 75cl","p":4.99,"u":"6,65 €/L","img":"https://fd9-photos.leclercdrive.fr/image.ashx?id=2981454&use=l&cat=p&typeid=i","cat":289556},{"id":41845,"n":"Génoise fourrée Kinder Pingui Lait et cacao x8 - 240g","p":2.24,"u":"9,33 €/KG","img":"https://fd9-photos.leclercdrive.fr/image.ashx?id=2855352&use=l&cat=p&typeid=i","cat":284420},{"id":41846,"n":"Compotes Andros Panachés 16x100g","p":4.83,"u":"3,02 €/KG","img":"https://fd9-photos.leclercdrive.fr/image.ashx?id=2921343&use=l&cat=p&typeid=i","cat":284416},{"id":41857,"n":"Bière Alveringem Abbaye Rouge 5%vol. - 6x25cl","p":3.78,"u":"2,52 €/L","img":"https://fd9-photos.leclercdrive.fr/image.ashx?id=2637919&use=l&cat=p&typeid=i","cat":334878},{"id":41858,"n":"Yaourt SMARTIES Fraise bonbons chocolat 4x120g","p":2.39,"u":"4,98 €/KG","img":"https://fd9-photos.leclercdrive.fr/image.ashx?id=2890046&use=l&cat=p&typeid=i","cat":284414},{"id":41860,"n":"AOC Côtes de Provence vin rosé Prestige Terres Ocrées - 75cl","p":6.49,"u":"8,65 €/L","img":"https://fd9-photos.leclercdrive.fr/image.ashx?id=2925704&use=l&cat=p&typeid=i","cat":289558},{"id":41861,"n":"AOC Luberon Rosé Rives & Terrasses - 75cl","p":3.49,"u":"4,65 €/L","img":"https://fd9-photos.leclercdrive.fr/image.ashx?id=2709680&use=l&cat=p&typeid=i","cat":289558},{"id":41862,"n":"Compotes Andros 6 Pommes  et 6 pommes fraises - 12x100g","p":3.48,"u":"2,90 €/KG","img":"https://fd9-photos.leclercdrive.fr/image.ashx?id=2988318&use=l&cat=p&typeid=i","cat":284416},{"id":41865,"n":"AOC Coteaux Varois en Provence vin rosé Terres Ocrées - 75cl","p":4.49,"u":"5,99 €/L","img":"https://fd9-photos.leclercdrive.fr/image.ashx?id=2750141&use=l&cat=p&typeid=i","cat":289558},{"id":41868,"n":"Bûche de chèvre Soignon 400g","p":4.17,"u":"10,43 €/KG","img":"https://fd9-photos.leclercdrive.fr/image.ashx?id=2840988&use=l&cat=p&typeid=i","cat":314031},{"id":41869,"n":"AOC Gros Plant du Pays nantais vin blanc Les Caractères - 75cl","p":3.9,"u":"5,20 €/L","img":"https://fd9-photos.leclercdrive.fr/image.ashx?id=2705086&use=l&cat=p&typeid=i","cat":289557},{"id":41870,"n":"Pur jus d'orange Jafaden Sans pulpe - 50cl","p":1.15,"u":"2,30 €/L","img":"https://fd9-photos.leclercdrive.fr/image.ashx?id=2917652&use=l&cat=p&typeid=i","cat":284521},{"id":41874,"n":"AOC Muscadet Sèvre et Maine sur Lie Les Caractères - 37,5cl","p":3.29,"u":"8,77 €/L","img":"https://fd9-photos.leclercdrive.fr/image.ashx?id=2750144&use=l&cat=p&typeid=i","cat":289557},{"id":41876,"n":"AOP Tavel vin rosé Rives & Terrasses - 75cl","p":6.85,"u":"9,13 €/L","img":"https://fd9-photos.leclercdrive.fr/image.ashx?id=2890015&use=l&cat=p&typeid=i","cat":289558},{"id":41878,"n":"Bière aromatisée Desquiles Red 5,9%vol. - 50cl","p":1.49,"u":"2,98 €/L","img":"https://fd9-photos.leclercdrive.fr/image.ashx?id=2664809&use=l&cat=p&typeid=i","cat":334853},{"id":41880,"n":"AOC Graves vin rouge Chantet Blanet - 75cl","p":4.75,"u":"6,33 €/L","img":"https://fd9-photos.leclercdrive.fr/image.ashx?id=2943656&use=l&cat=p&typeid=i","cat":289556},{"id":41881,"n":"AOC Gaillac vin rouge Terrasses d'Autan - 75cl","p":2.99,"u":"3,99 €/L","img":"https://fd9-photos.leclercdrive.fr/image.ashx?id=2623443&use=l&cat=p&typeid=i","cat":289556},{"id":41882,"n":"AOC Fronton vin rouge Terrasses d'Autan - 75cl","p":2.99,"u":"3,99 €/L","img":"https://fd9-photos.leclercdrive.fr/image.ashx?id=2686476&use=l&cat=p&typeid=i","cat":289556},{"id":41883,"n":"Steaks Hachés Charolais Charal Pur Bœuf 12%MG - 10x100g - 1kg","p":15.23,"u":"15,23 €/KG","img":"https://fd9-photos.leclercdrive.fr/image.ashx?id=2741943&use=l&cat=p&typeid=i","cat":319778},{"id":41892,"n":"Pur jus multifruits Jafaden 50cl","p":0.99,"u":"1,98 €/L","img":"https://fd9-photos.leclercdrive.fr/image.ashx?id=2919631&use=l&cat=p&typeid=i","cat":284917},{"id":41903,"n":"Jus de pomme Jafaden A base de concentré - 2L","p":1.85,"u":"0,93 €/L","img":"https://fd9-photos.leclercdrive.fr/image.ashx?id=2470240&use=l&cat=p&typeid=i","cat":284522},{"id":41910,"n":"Sirop de pêche de Provence NRT 70cl","p":3.2,"u":"4,57 €/L","img":"https://fd9-photos.leclercdrive.fr/image.ashx?id=2699825&use=l&cat=p&typeid=i","cat":295020},{"id":41912,"n":"Sirop fraise de Plougastel NRT 70cl","p":3.2,"u":"4,57 €/L","img":"https://fd9-photos.leclercdrive.fr/image.ashx?id=2590481&use=l&cat=p&typeid=i","cat":295020},{"id":41914,"n":"Crème hydratante Inell Visage-corps 200ml","p":2.07,"u":"10,35 €/L","img":"https://fd9-photos.leclercdrive.fr/image.ashx?id=1903869&use=l&cat=p&typeid=i","cat":325345},{"id":41915,"n":"AOP Morgon vin rouge Antoine Barrier - 75cl","p":6.99,"u":"9,32 €/L","img":"https://fd9-photos.leclercdrive.fr/image.ashx?id=2751907&use=l&cat=p&typeid=i","cat":289556},{"id":41917,"n":"AOC Ventoux vin rouge Rives & Terrasses - 75cl","p":2.99,"u":"3,99 €/L","img":"https://fd9-photos.leclercdrive.fr/image.ashx?id=2905916&use=l&cat=p&typeid=i","cat":289556},{"id":41920,"n":"Patch pureté Inell x6","p":2.4,"u":"0,40 €/P","img":"https://fd9-photos.leclercdrive.fr/image.ashx?id=2657727&use=l&cat=p&typeid=i","cat":284603},{"id":41921,"n":"Vin d'Union Européenne blanc Adrien Champaud - 75 cl","p":1.85,"u":"2,47 €/L","img":"https://fd9-photos.leclercdrive.fr/image.ashx?id=2955722&use=l&cat=p&typeid=i","cat":289557},{"id":41922,"n":"Vin d'Union Européenne rosé Adrien Champaud - 75 cl","p":1.85,"u":"2,47 €/L","img":"https://fd9-photos.leclercdrive.fr/image.ashx?id=2955728&use=l&cat=p&typeid=i","cat":289558},{"id":41924,"n":"Vin d'Union Européenne rouge Adrien Champaud 12% vol BIB 5L","p":8.49,"u":"1,70 €/L","img":"https://fd9-photos.leclercdrive.fr/image.ashx?id=2959713&use=l&cat=p&typeid=i","cat":289560},{"id":42041,"n":"Olives vertes Tropic Apéro Dénoyautées à l'ail - 110g","p":1.95,"u":"17,73 €/KG","img":"https://fd9-photos.leclercdrive.fr/image.ashx?id=2438972&use=l&cat=p&typeid=i","cat":316002},{"id":42044,"n":"Noix de cajou Maître Prunille Sans sel, grillé, sachet 200g","p":4.57,"u":"22,85 €/KG","img":"https://fd9-photos.leclercdrive.fr/image.ashx?id=1750478&use=l&cat=p&typeid=i","cat":284357},{"id":42045,"n":"Amande grillée Maître Prunille Décortiquée sans sel 250g","p":4.1,"u":"16,40 €/KG","img":"https://fd9-photos.leclercdrive.fr/image.ashx?id=1750481&use=l&cat=p&typeid=i","cat":284448},{"id":42063,"n":"Madeleines Saint Michel Oeufs de poule plein air - 500g","p":1.97,"u":"3,94 €/KG","img":"https://fd9-photos.leclercdrive.fr/image.ashx?id=2936191&use=l&cat=p&typeid=i","cat":284492},{"id":42067,"n":"Biscuits p'tit déjeuner BN Chocolat - 200g","p":1.52,"u":"7,60 €/KG","img":"https://fd9-photos.leclercdrive.fr/image.ashx?id=2603468&use=l&cat=p&typeid=i","cat":284491},{"id":42070,"n":"Pizza 4 fromages  500g","p":6.95,"u":"13,90 €/KG","img":"https://fd9-photos.leclercdrive.fr/image.ashx?id=726068&use=l&cat=p&typeid=i","cat":333679},{"id":42123,"n":"Jus de pruneaux Gayelord Hauser - 75cl","p":3.2,"u":"4,27 €/L","img":"https://fd9-photos.leclercdrive.fr/image.ashx?id=2962482&use=l&cat=p&typeid=i","cat":284915},{"id":42140,"n":"Sirop La Maison Guiot Grenadine - 70cl","p":2.95,"u":"4,21 €/L","img":"https://fd9-photos.leclercdrive.fr/image.ashx?id=2857195&use=l&cat=p&typeid=i","cat":295020},{"id":42218,"n":"Bloc WC Bref Power  Activ'Océan toilettes - 50g x1","p":1.39,"u":"27,80 €/KG","img":"https://fd9-photos.leclercdrive.fr/image.ashx?id=2789802&use=l&cat=p&typeid=i","cat":284662},{"id":42289,"n":"Huile pimentée pizza Cauvin A l'huile d'olive - 25cl","p":2.15,"u":"8,60 €/L","img":"https://fd9-photos.leclercdrive.fr/image.ashx?id=2539857&use=l&cat=p&typeid=i","cat":284453},{"id":42290,"n":"Huile de colza Eco + 1L","p":1.46,"u":"1,46 €/L","img":"https://fd9-photos.leclercdrive.fr/image.ashx?id=3002503&use=l&cat=p&typeid=i","cat":284453},{"id":42291,"n":"Huile pour friture Eco + 1L","p":2.23,"u":"2,23 €/L","img":"https://fd9-photos.leclercdrive.fr/image.ashx?id=2913639&use=l&cat=p&typeid=i","cat":284453},{"id":42292,"n":"Vinaigrette allégée Eco + Nature - 1L","p":1.02,"u":"1,02 €/L","img":"https://fd9-photos.leclercdrive.fr/image.ashx?id=2900516&use=l&cat=p&typeid=i","cat":284456},{"id":42295,"n":"Vinaigrette bi-phase Rustica Vin rouge/échalote - 50cl","p":2.49,"u":"4,98 €/L","img":"https://fd9-photos.leclercdrive.fr/image.ashx?id=2142190&use=l&cat=p&typeid=i","cat":284456},{"id":42297,"n":"Sauce caesar Rustica 50cl","p":2.59,"u":"5,18 €/L","img":"https://fd9-photos.leclercdrive.fr/image.ashx?id=1972928&use=l&cat=p&typeid=i","cat":284456},{"id":42298,"n":"Boisson végétale Bio Village Avoine bio - 1l","p":1.39,"u":"1,39 €/L","img":"https://fd9-photos.leclercdrive.fr/image.ashx?id=2739538&use=l&cat=p&typeid=i","cat":316067},{"id":42331,"n":"Saucisses Knacki Herta Poulet x10 - 350g","p":1.49,"u":"4,26 €/KG","img":"https://fd9-photos.leclercdrive.fr/image.ashx?id=2290431&use=l&cat=p&typeid=i","cat":316012},{"id":42426,"n":"Lingettes Vanish  Anti-décoloration - x30","p":5.64,"img":"https://fd9-photos.leclercdrive.fr/image.ashx?id=2224145&use=l&cat=p&typeid=i","cat":290450},{"id":42428,"n":"Pains au chocolat Pasquier x8 - 360g","p":2.2,"u":"6,11 €/KG","img":"https://fd9-photos.leclercdrive.fr/image.ashx?id=2863446&use=l&cat=p&typeid=i","cat":296366},{"id":42442,"n":"Moutarde forte Eco + 370g","p":0.73,"u":"1,97 €/KG","img":"https://fd9-photos.leclercdrive.fr/image.ashx?id=2954319&use=l&cat=p&typeid=i","cat":288850},{"id":42443,"n":"Cornichons Pasteur Eco + Au vinaigre - 360g","p":1.24,"u":"3,44 €/KG","img":"https://fd9-photos.leclercdrive.fr/image.ashx?id=2974714&use=l&cat=p&typeid=i","cat":284458},{"id":42448,"n":"Capsules Nescafé Dolce Gusto  Ricoré Latte - x16","p":4.53,"u":"26,96 €/KG","img":"https://fd9-photos.leclercdrive.fr/image.ashx?id=2818085&use=l&cat=p&typeid=i","cat":293239},{"id":42452,"n":"Moutarde douce Amora Flacon souple - 260g","p":1.92,"u":"7,38 €/KG","img":"https://fd9-photos.leclercdrive.fr/image.ashx?id=3005401&use=l&cat=p&typeid=i","cat":288850},{"id":42460,"n":"Olives vertes entières Eco + 400g","p":1.07,"u":"2,68 €/KG","img":"https://fd9-photos.leclercdrive.fr/image.ashx?id=2609261&use=l&cat=p&typeid=i","cat":284458},{"id":42461,"n":"Olives vertes Eco + Dénoyautées - 320g","p":1.88,"u":"5,88 €/KG","img":"https://fd9-photos.leclercdrive.fr/image.ashx?id=2609264&use=l&cat=p&typeid=i","cat":284458},{"id":42560,"n":"Jus innocent ananas passion 900ml","p":2.69,"u":"2,99 €/L","img":"https://fd9-photos.leclercdrive.fr/image.ashx?id=2861740&use=l&cat=p&typeid=i","cat":285435},{"id":42563,"n":"Boisson végétale lait d'amande bio bjorg sans sucre - 1l","p":1.7,"u":"1,70 €/L","img":"https://fd9-photos.leclercdrive.fr/image.ashx?id=2939415&use=l&cat=p&typeid=i","cat":316067},{"id":42565,"n":"Vinaigre blanc d'alcool Eco +  - 1,5L","p":0.6,"u":"0,40 €/L","img":"https://fd9-photos.leclercdrive.fr/image.ashx?id=2722375&use=l&cat=p&typeid=i","cat":298543},{"id":42567,"n":"Pâte à tartiner Bio Jardin Bio - 750g","p":7.02,"u":"9,36 €/KG","img":"https://fd9-photos.leclercdrive.fr/image.ashx?id=2918925&use=l&cat=p&typeid=i","cat":284481},{"id":42569,"n":"Double concentré Bio Jardin Bio Tomate - 140g","p":0.92,"u":"6,57 €/KG","img":"https://fd9-photos.leclercdrive.fr/image.ashx?id=2944867&use=l&cat=p&typeid=i","cat":288384},{"id":42599,"n":"Manche bois brut Sillage x1","p":2.95,"img":"https://fd9-photos.leclercdrive.fr/image.ashx?id=815786&use=l&cat=p&typeid=i","cat":284669},{"id":42604,"n":"Lave pont nylon Sillage x1","p":3.35,"img":"https://fd9-photos.leclercdrive.fr/image.ashx?id=814156&use=l&cat=p&typeid=i","cat":284669},{"id":42624,"n":"Pâtes coudes rayés Panzani 1kg","p":2.13,"u":"2,13 €/KG","img":"https://fd9-photos.leclercdrive.fr/image.ashx?id=2876029&use=l&cat=p&typeid=i","cat":284427},{"id":42628,"n":"Chips Bret's Fromage du Jura - 125g","p":1.08,"u":"8,64 €/KG","img":"https://fd9-photos.leclercdrive.fr/image.ashx?id=1916976&use=l&cat=p&typeid=i","cat":284447},{"id":42649,"n":"Crème douche Manava Surgras - 250ml","p":0.94,"u":"3,76 €/L","img":"https://fd9-photos.leclercdrive.fr/image.ashx?id=2456147&use=l&cat=p&typeid=i","cat":284594},{"id":42655,"n":"Huile merveilleuse Garnier Huile d'argan & camélia - 150ml","p":6.08,"u":"40,53 €/L","img":"https://fd9-photos.leclercdrive.fr/image.ashx?id=2661730&use=l&cat=p&typeid=i","cat":284608},{"id":42667,"n":"Soin de jour L'Oréal Paris Revitalift Anti-Âge - 50ml","p":14.05,"u":"281,00 €/L","img":"https://fd9-photos.leclercdrive.fr/image.ashx?id=2921876&use=l&cat=p&typeid=i","cat":325345},{"id":42677,"n":"Soin cheveux nutrition Dessange Cheveux secs - 100ml","p":5.8,"u":"58,00 €/L","img":"https://fd9-photos.leclercdrive.fr/image.ashx?id=2400969&use=l&cat=p&typeid=i","cat":284608},{"id":42680,"n":"Gorgonzola AOP Tradizioni d'Italia - 200g","p":3.35,"u":"16,75 €/KG","img":"https://fd9-photos.leclercdrive.fr/image.ashx?id=794147&use=l&cat=p&typeid=i","cat":314032},{"id":42681,"n":"Mozzarella Tradizioni d'Italia Di Bufala Campana AOP - 200g","p":3.31,"u":"16,55 €/KG","img":"https://fd9-photos.leclercdrive.fr/image.ashx?id=2954190&use=l&cat=p&typeid=i","cat":314026},{"id":42682,"n":"Parmigiano Tradizioni d'Italia Reggiano AOP 30 mois - 200g","p":5.99,"u":"29,95 €/KG","img":"https://fd9-photos.leclercdrive.fr/image.ashx?id=2661963&use=l&cat=p&typeid=i","cat":314034},{"id":42757,"n":"Emmental rapé Eco + 30% MG - 500g","p":3.7,"u":"7,40 €/KG","img":"https://fd9-photos.leclercdrive.fr/image.ashx?id=2615801&use=l&cat=p&typeid=i","cat":314035},{"id":42759,"n":"Copeaux Parmigiano Reggiano AOP Les Croisés - 80g","p":1.9,"u":"23,75 €/KG","img":"https://fd9-photos.leclercdrive.fr/image.ashx?id=2935504&use=l&cat=p&typeid=i","cat":314035},{"id":42761,"n":"Tranchette de gouda Les Croisés Au cumin - 16,8% MG - 200g","p":2.99,"u":"14,95 €/KG","img":"https://fd9-photos.leclercdrive.fr/image.ashx?id=2051383&use=l&cat=p&typeid=i","cat":314028},{"id":42788,"n":"Tranchettes de chèvre 32.4% MG Les Croisés - 200g","p":3.19,"u":"15,95 €/KG","img":"https://fd9-photos.leclercdrive.fr/image.ashx?id=2796061&use=l&cat=p&typeid=i","cat":314028},{"id":42789,"n":"Cheddar Les Croisés 32% MG Tranchettes - 200g","p":2.64,"u":"13,20 €/KG","img":"https://fd9-photos.leclercdrive.fr/image.ashx?id=2796064&use=l&cat=p&typeid=i","cat":314028},{"id":42798,"n":"Miel de fleurs d'Oranger Nid d'Abeille - 250g","p":2.99,"u":"11,96 €/KG","img":"https://fd9-photos.leclercdrive.fr/image.ashx?id=2434242&use=l&cat=p&typeid=i","cat":287643},{"id":42799,"n":"Miel liquide Bio Squeezer Bio village - 250g","p":2.95,"u":"11,80 €/KG","img":"https://fd9-photos.leclercdrive.fr/image.ashx?id=795654&use=l&cat=p&typeid=i","cat":287643},{"id":42809,"n":"Berlingots de javel Clair Eucalyptus - 3x250ml","p":1.3,"u":"1,73 €/L","img":"https://fd9-photos.leclercdrive.fr/image.ashx?id=2949194&use=l&cat=p&typeid=i","cat":284661},{"id":42826,"n":"Nettoyant vitre cristal Clair 750 ml","p":1.75,"u":"2,33 €/L","img":"https://fd9-photos.leclercdrive.fr/image.ashx?id=1647715&use=l&cat=p&typeid=i","cat":325363},{"id":42846,"n":"Cacahuètes Menguy's Grillées et salées - 800g","p":5.23,"u":"6,54 €/KG","img":"https://fd9-photos.leclercdrive.fr/image.ashx?id=2979800&use=l&cat=p&typeid=i","cat":284448},{"id":42847,"n":"Pop corn salé Menguy's Micro-ondes - 3x90g","p":1.99,"u":"7,37 €/KG","img":"https://fd9-photos.leclercdrive.fr/image.ashx?id=2966023&use=l&cat=p&typeid=i","cat":284449},{"id":42872,"n":"Jus innocent pomme framboise 900ml","p":2.76,"u":"3,07 €/L","img":"https://fd9-photos.leclercdrive.fr/image.ashx?id=2862877&use=l&cat=p&typeid=i","cat":285435},{"id":42874,"n":"Jus innocent poire pêche 900ml","p":2.84,"u":"3,16 €/L","img":"https://fd9-photos.leclercdrive.fr/image.ashx?id=2893000&use=l&cat=p&typeid=i","cat":285435},{"id":42964,"n":"Os à mâcher Lydog Fourrés boeuf - 2x100g","p":2.3,"u":"11,50 €/KG","img":"https://fd9-photos.leclercdrive.fr/image.ashx?id=1947283&use=l&cat=p&typeid=i","cat":294527},{"id":42965,"n":"Pepites de chocolat au lait Tablier Blanc - 100g","p":2.03,"u":"20,30 €/KG","img":"https://fd9-photos.leclercdrive.fr/image.ashx?id=2723141&use=l&cat=p&typeid=i","cat":284504},{"id":42966,"n":"Haricots verts Notre Jardin Extra fins - 455g","p":1.97,"u":"4,33 €/KG","img":"https://fd9-photos.leclercdrive.fr/image.ashx?id=2988084&use=l&cat=p&typeid=i","cat":312606},{"id":42968,"n":"Petits pois doux Notre Jardin Vapeur - 530g","p":1.91,"u":"3,60 €/KG","img":"https://fd9-photos.leclercdrive.fr/image.ashx?id=3002608&use=l&cat=p&typeid=i","cat":312607},{"id":42969,"n":"Petits pois doux Notre Jardin Vapeur - 265g","p":1.29,"u":"4,87 €/KG","img":"https://fd9-photos.leclercdrive.fr/image.ashx?id=3002611&use=l&cat=p&typeid=i","cat":312607},{"id":42974,"n":"Haricots rouges Notre Jardin A la mexicaine - 800g","p":2.42,"u":"3,03 €/KG","img":"https://fd9-photos.leclercdrive.fr/image.ashx?id=3002614&use=l&cat=p&typeid=i","cat":312612},{"id":42977,"n":"Mini crackers Bio Village Bio Fromage/courges - 110g","p":2.49,"u":"22,64 €/KG","img":"https://fd9-photos.leclercdrive.fr/image.ashx?id=1944150&use=l&cat=p&typeid=i","cat":297000},{"id":42980,"n":"Goûter fourré Bio Village Bio Chocolat noir - 185g","p":2.03,"u":"10,97 €/KG","img":"https://fd9-photos.leclercdrive.fr/image.ashx?id=2704502&use=l&cat=p&typeid=i","cat":284488},{"id":42981,"n":"Goûter fourré Bio Village Bio - Chocolat au lait - 185g","p":2.06,"u":"11,14 €/KG","img":"https://fd9-photos.leclercdrive.fr/image.ashx?id=2704505&use=l&cat=p&typeid=i","cat":284488},{"id":42992,"n":"Tortillas chips Tokapi Fromage - 150g","p":0.99,"u":"6,60 €/KG","img":"https://fd9-photos.leclercdrive.fr/image.ashx?id=2647961&use=l&cat=p&typeid=i","cat":287899},{"id":43006,"n":"Colorants alimentaires  Tablier Blanc - 3x6ml","p":1.24,"u":"68,89 €/L","img":"https://fd9-photos.leclercdrive.fr/image.ashx?id=2487470&use=l&cat=p&typeid=i","cat":284504},{"id":43009,"n":"Biscuits fourrés P'tit Deli Noisette - 225g","p":1.38,"u":"6,13 €/KG","img":"https://fd9-photos.leclercdrive.fr/image.ashx?id=2861419&use=l&cat=p&typeid=i","cat":284488},{"id":43010,"n":"Biscuit roulé P'tit Deli Cacao/vanille - 154g","p":0.88,"u":"5,71 €/KG","img":"https://fd9-photos.leclercdrive.fr/image.ashx?id=2124110&use=l&cat=p&typeid=i","cat":284488},{"id":43016,"n":"Asperges blanches moyennes Notre Jardin - 205g","p":1.99,"u":"9,71 €/KG","img":"https://fd9-photos.leclercdrive.fr/image.ashx?id=2049058&use=l&cat=p&typeid=i","cat":312611},{"id":43017,"n":"Betterave en Dés Notre Jardin 265g","p":1.02,"u":"3,85 €/KG","img":"https://fd9-photos.leclercdrive.fr/image.ashx?id=1993203&use=l&cat=p&typeid=i","cat":312611},{"id":43019,"n":"Biscuits animaux P'tit Déli Nappés chocolat lait - 225g","p":1.64,"u":"7,29 €/KG","img":"https://fd9-photos.leclercdrive.fr/image.ashx?id=2529602&use=l&cat=p&typeid=i","cat":284488},{"id":43022,"n":"Consigne Clairgaz Gaz : Butane - 6kg","p":5.0,"img":"https://fd9-photos.leclercdrive.fr/image.ashx?id=796466&use=l&cat=p&typeid=i","cat":335916},{"id":43023,"n":"Consigne Clairgaz Gaz : Butane - 13kg","p":5.0,"img":"https://fd9-photos.leclercdrive.fr/image.ashx?id=796474&use=l&cat=p&typeid=i","cat":335916},{"id":43024,"n":"Consigne Clairgaz Gaz : Propane - 11kg","p":5.0,"img":"https://fd9-photos.leclercdrive.fr/image.ashx?id=796470&use=l&cat=p&typeid=i","cat":335916},{"id":43039,"n":"Consigne Butagaz Gaz : Butane - 13kg","p":9.0,"img":"https://fd9-photos.leclercdrive.fr/image.ashx?id=1971746&use=l&cat=p&typeid=i","cat":335916},{"id":43040,"n":"Consigne Butagaz Gaz : Propane - Cube 5kg","p":34.0,"img":"https://fd9-photos.leclercdrive.fr/image.ashx?id=2873637&use=l&cat=p&typeid=i","cat":335916},{"id":43041,"n":"Consigne Butagaz Gaz : Propane - 13kg","p":9.0,"u":"0,69 €/KG","img":"https://fd9-photos.leclercdrive.fr/image.ashx?id=1971749&use=l&cat=p&typeid=i","cat":335916},{"id":43049,"n":"Steak haché charolais Férial  15%mg x4 - 400g","p":6.39,"u":"15,98 €/KG","img":"https://fd9-photos.leclercdrive.fr/image.ashx?id=2823762&use=l&cat=p&typeid=i","cat":319778},{"id":43113,"n":"Yaourt entier Ferme du Manège Caramel beurre salé - 180g","p":1.42,"u":"7,89 €/KG","img":"https://fd9-photos.leclercdrive.fr/image.ashx?id=2107330&use=l&cat=p&typeid=i","cat":286006},{"id":43151,"n":"Rasoir jetable Wilkinson Xtreme3 Ultimate x8","p":9.99,"u":"1,25 €/P","img":"https://fd9-photos.leclercdrive.fr/image.ashx?id=2215179&use=l&cat=p&typeid=i","cat":284616},{"id":43152,"n":"Culottes Drynites Huggies Garçon - 3-5 ans x16","p":14.5,"u":"0,91 €/P","img":"https://fd9-photos.leclercdrive.fr/image.ashx?id=2844712&use=l&cat=p&typeid=i","cat":290633},{"id":43153,"n":"Culottes Huggies Drynites Fille 3-5 ans - x16","p":11.87,"u":"0,74 €/P","img":"https://fd9-photos.leclercdrive.fr/image.ashx?id=2844715&use=l&cat=p&typeid=i","cat":290633},{"id":43197,"n":"Tartine Grilletine de Pasquier Briochées - x18 - 242g","p":1.82,"u":"7,52 €/KG","img":"https://fd9-photos.leclercdrive.fr/image.ashx?id=2333054&use=l&cat=p&typeid=i","cat":284479},{"id":43237,"n":"Lotion démaquillante Inell Douceur yeux - 150ml","p":1.6,"u":"10,67 €/L","img":"https://fd9-photos.leclercdrive.fr/image.ashx?id=1993197&use=l&cat=p&typeid=i","cat":284603},{"id":43246,"n":"Nouilles de Savoie NRT 250g","p":1.19,"u":"4,76 €/KG","img":"https://fd9-photos.leclercdrive.fr/image.ashx?id=2704906&use=l&cat=p&typeid=i","cat":284427},{"id":43247,"n":"Tuiles apéritives Tokapi Poulet braisé - 170g","p":1.55,"u":"9,12 €/KG","img":"https://fd9-photos.leclercdrive.fr/image.ashx?id=2815752&use=l&cat=p&typeid=i","cat":287899},{"id":43266,"n":"Formule boost Daco Bello Fruits secs - 200g","p":3.68,"u":"18,40 €/KG","img":"https://fd9-photos.leclercdrive.fr/image.ashx?id=2576955&use=l&cat=p&typeid=i","cat":284357},{"id":43279,"n":"Sorbet plein fruit L'Angelys Framboise - 500g","p":5.21,"u":"10,42 €/KG","img":"https://fd9-photos.leclercdrive.fr/image.ashx?id=2963556&use=l&cat=p&typeid=i","cat":284263},{"id":43286,"n":"Masque tissu Inell apaisant Hydratant x1","p":0.99,"img":"https://fd9-photos.leclercdrive.fr/image.ashx?id=2691667&use=l&cat=p&typeid=i","cat":325346},{"id":43287,"n":"Dentifrice Dentamyl Blancheur extrême - 75ml","p":0.95,"u":"12,67 €/L","img":"https://fd9-photos.leclercdrive.fr/image.ashx?id=2613837&use=l&cat=p&typeid=i","cat":284612},{"id":43292,"n":"Gel peau nette Inell Imperfection - 200ml","p":3.25,"u":"16,25 €/L","img":"https://fd9-photos.leclercdrive.fr/image.ashx?id=2078353&use=l&cat=p&typeid=i","cat":284603},{"id":43293,"n":"Lotion nettoyante Inell 200ml","p":3.29,"u":"16,45 €/L","img":"https://fd9-photos.leclercdrive.fr/image.ashx?id=2691670&use=l&cat=p&typeid=i","cat":284603},{"id":43303,"n":"Panna Cotta Fruits rouges Rians 2x120g","p":2.57,"u":"10,71 €/KG","img":"https://fd9-photos.leclercdrive.fr/image.ashx?id=2555412&use=l&cat=p&typeid=i","cat":284419},{"id":43330,"n":"Crème dessert chocolat Danette Pop billes magix - 4x120g","p":2.42,"u":"5,04 €/KG","img":"https://fd9-photos.leclercdrive.fr/image.ashx?id=2935717&use=l&cat=p&typeid=i","cat":285041},{"id":43341,"n":"Thon mariné Petit Navire Basilic - 110g","p":1.99,"u":"18,09 €/KG","img":"https://fd9-photos.leclercdrive.fr/image.ashx?id=2542965&use=l&cat=p&typeid=i","cat":303867},{"id":43344,"n":"Coriandre France Sainte Lucie Flacon 8g","p":1.5,"u":"187,50 €/KG","img":"https://fd9-photos.leclercdrive.fr/image.ashx?id=2774301&use=l&cat=p&typeid=i","cat":298297},{"id":43369,"n":"Boisson végétale avoine Bio  Bjorg- 1L","p":1.75,"u":"1,75 €/L","img":"https://fd9-photos.leclercdrive.fr/image.ashx?id=2939430&use=l&cat=p&typeid=i","cat":316067},{"id":43371,"n":"AOC Saint-Nicolas-de-Bourgueil vin rouge Les Caractères - 75cl","p":4.99,"u":"6,65 €/L","img":"https://fd9-photos.leclercdrive.fr/image.ashx?id=2894734&use=l&cat=p&typeid=i","cat":289556},{"id":43372,"n":"AOP Saumur-Champigny vin rouge Les Caractères - 75cl","p":4.99,"u":"6,65 €/L","img":"https://fd9-photos.leclercdrive.fr/image.ashx?id=2745478&use=l&cat=p&typeid=i","cat":289556},{"id":43373,"n":"AOP Vin rouge  Alsace Pinot noir - 75 cl","p":5.99,"u":"7,99 €/L","img":"https://fd9-photos.leclercdrive.fr/image.ashx?id=2919637&use=l&cat=p&typeid=i","cat":289556},{"id":43374,"n":"AOC Bordeaux BIO vin rouge Chantet Blanet - 75cl","p":4.75,"u":"6,33 €/L","img":"https://fd9-photos.leclercdrive.fr/image.ashx?id=2750174&use=l&cat=p&typeid=i","cat":289556},{"id":43381,"n":"Dessert liégeois Viennois  Chocolat - 12x100g","p":3.92,"u":"3,27 €/KG","img":"https://fd9-photos.leclercdrive.fr/image.ashx?id=2875987&use=l&cat=p&typeid=i","cat":285042},{"id":43394,"n":"Spaghetti  Tradizioni d'Italia n°118  Pasta di Gragnano 500g","p":1.52,"u":"3,04 €/KG","img":"https://fd9-photos.leclercdrive.fr/image.ashx?id=2657301&use=l&cat=p&typeid=i","cat":284427},{"id":43396,"n":"Farfalle Tradizioni d'Italia N°210 - 500g","p":1.52,"u":"3,04 €/KG","img":"https://fd9-photos.leclercdrive.fr/image.ashx?id=2657304&use=l&cat=p&typeid=i","cat":284427},{"id":43398,"n":"Fusilli Tradizioni d'Italia N°140 - 500g","p":1.52,"u":"3,04 €/KG","img":"https://fd9-photos.leclercdrive.fr/image.ashx?id=2657307&use=l&cat=p&typeid=i","cat":284427},{"id":43403,"n":"Orechiette Tradizioni d'Italia N°292 - 500g","p":1.69,"u":"3,38 €/KG","img":"https://fd9-photos.leclercdrive.fr/image.ashx?id=2699507&use=l&cat=p&typeid=i","cat":284427},{"id":43407,"n":"Glace à l'eau Smicy Star  Framboise Orange Citron x8 480g","p":2.59,"u":"5,40 €/KG","img":"https://fd9-photos.leclercdrive.fr/image.ashx?id=2954884&use=l&cat=p&typeid=i","cat":285250},{"id":43408,"n":"AOP Chinon vin rouge Les Caractères - 75cl","p":4.95,"u":"6,60 €/L","img":"https://fd9-photos.leclercdrive.fr/image.ashx?id=2745484&use=l&cat=p&typeid=i","cat":289556},{"id":43409,"n":"AOP Côtes de Bergerac moelleux Terrasses d'Autan - 75cl","p":3.89,"u":"5,19 €/L","img":"https://fd9-photos.leclercdrive.fr/image.ashx?id=2756152&use=l&cat=p&typeid=i","cat":289557},{"id":43410,"n":"AOC Corbières vin rouge Prieur Barsanne - 75cl","p":2.99,"u":"3,99 €/L","img":"https://fd9-photos.leclercdrive.fr/image.ashx?id=2623992&use=l&cat=p&typeid=i","cat":289556},{"id":43509,"n":"Ktipiti Tables du Monde 200g","p":1.69,"u":"8,45 €/KG","img":"https://fd9-photos.leclercdrive.fr/image.ashx?id=2872448&use=l&cat=p&typeid=i","cat":315999},{"id":43602,"n":"Jus d'orange Jafaden Avec pulpe - 1.5L","p":3.39,"u":"2,26 €/L","img":"https://fd9-photos.leclercdrive.fr/image.ashx?id=2723144&use=l&cat=p&typeid=i","cat":285435},{"id":43604,"n":"Jus d'orange Jafaden Sans pulpe - 1.5L","p":3.13,"u":"2,09 €/L","img":"https://fd9-photos.leclercdrive.fr/image.ashx?id=2723147&use=l&cat=p&typeid=i","cat":285435},{"id":43605,"n":"Jus de clémentine Jafaden  1.5L","p":2.99,"u":"1,99 €/L","img":"https://fd9-photos.leclercdrive.fr/image.ashx?id=2723150&use=l&cat=p&typeid=i","cat":285435},{"id":43619,"n":"AOC Blaye Côtes de Bordeaux vin rouge Chantet Blanet - 75cl","p":3.8,"u":"5,07 €/L","img":"https://fd9-photos.leclercdrive.fr/image.ashx?id=2727395&use=l&cat=p&typeid=i","cat":289556},{"id":43621,"n":"Liquide vaisselle Uni vert Ecologique PSS 500ml","p":1.15,"u":"2,30 €/L","img":"https://fd9-photos.leclercdrive.fr/image.ashx?id=2999508&use=l&cat=p&typeid=i","cat":284655},{"id":43623,"n":"AOC Bordeaux vin rouge Chantet Blanet - 37,5cl","p":1.99,"u":"5,31 €/L","img":"https://fd9-photos.leclercdrive.fr/image.ashx?id=2718611&use=l&cat=p&typeid=i","cat":289556},{"id":43669,"n":"AOC Puisseguin Saint-Émilion vin rouge Chantet Blanet - 75cl","p":6.49,"u":"8,65 €/L","img":"https://fd9-photos.leclercdrive.fr/image.ashx?id=2476984&use=l&cat=p&typeid=i","cat":289556},{"id":43670,"n":"AOC Juliénas vin rouge Antoine Barrier - 75cl","p":6.99,"u":"9,32 €/L","img":"https://fd9-photos.leclercdrive.fr/image.ashx?id=2909401&use=l&cat=p&typeid=i","cat":289556},{"id":43693,"n":"Couches Mots d'Enfants Activ+ T3 : 4/9kg - x47 changes","p":14.35,"u":"0,31 €/P","img":"https://fd9-photos.leclercdrive.fr/image.ashx?id=2699486&use=l&cat=p&typeid=i","cat":284737},{"id":43696,"n":"AOC Côtes du Marmandais vin rouge Terrasses d'Autan - 75cl","p":2.99,"u":"3,99 €/L","img":"https://fd9-photos.leclercdrive.fr/image.ashx?id=2750150&use=l&cat=p&typeid=i","cat":289556},{"id":43718,"n":"Croquettes chat Whiskas Stérilisé saumon - 1,75kg","p":5.17,"u":"2,95 €/KG","img":"https://fd9-photos.leclercdrive.fr/image.ashx?id=2915597&use=l&cat=p&typeid=i","cat":284680},{"id":43719,"n":"Croquettes chat Whiskas Stérilisé poulet - 1.75kg","p":5.22,"u":"2,98 €/KG","img":"https://fd9-photos.leclercdrive.fr/image.ashx?id=2952872&use=l&cat=p&typeid=i","cat":284680},{"id":43758,"n":"AOP Brouilly vin rouge Antoine Barrier - 75cl","p":6.79,"u":"9,05 €/L","img":"https://fd9-photos.leclercdrive.fr/image.ashx?id=3004552&use=l&cat=p&typeid=i","cat":289556},{"id":43761,"n":"Flacon persil de France 7g","p":1.59,"u":"227,14 €/KG","img":"https://fd9-photos.leclercdrive.fr/image.ashx?id=2973583&use=l&cat=p&typeid=i","cat":298297},{"id":43763,"n":"Safran en poudre 4x0.1g","p":4.9,"img":"https://fd9-photos.leclercdrive.fr/image.ashx?id=2774424&use=l&cat=p&typeid=i","cat":298297},{"id":43770,"n":"Après-shampooing Vitanov Nutrition - 750ml","p":4.08,"u":"5,44 €/L","img":"https://fd9-photos.leclercdrive.fr/image.ashx?id=1923583&use=l&cat=p&typeid=i","cat":284607},{"id":43771,"n":"Spray démelant  200ml","p":2.55,"u":"12,75 €/L","img":"https://fd9-photos.leclercdrive.fr/image.ashx?id=2712986&use=l&cat=p&typeid=i","cat":284608},{"id":43772,"n":"Baies roses poivre doux 25g","p":2.21,"u":"88,40 €/KG","img":"https://fd9-photos.leclercdrive.fr/image.ashx?id=1867012&use=l&cat=p&typeid=i","cat":284457},{"id":43778,"n":"Morceaux de thon Listao Eco+ 130g","p":0.99,"u":"7,62 €/KG","img":"https://fd9-photos.leclercdrive.fr/image.ashx?id=2610669&use=l&cat=p&typeid=i","cat":303867},{"id":43816,"n":"Gourmandise Novi 198g","p":8.49,"pp":5.6,"u":"28,28 €/KG","img":"https://fd9-photos.leclercdrive.fr/image.ashx?id=2615179&use=l&cat=p&typeid=i","cat":327595},{"id":43844,"n":"Friandises chats Tous mes amis Sticks au Poulet - 3x5g - 15g","p":0.56,"u":"37,33 €/KG","img":"https://fd9-photos.leclercdrive.fr/image.ashx?id=2858986&use=l&cat=p&typeid=i","cat":285285},{"id":43845,"n":"Friandises chats Tous mes amis Sticks au Saumon  - 3x5g - 15g","p":0.56,"u":"37,33 €/KG","img":"https://fd9-photos.leclercdrive.fr/image.ashx?id=802043&use=l&cat=p&typeid=i","cat":285285},{"id":43924,"n":"AOP Vin blanc italien  Prosecco Vilaveroni 75cl","p":7.29,"u":"9,72 €/L","img":"https://fd9-photos.leclercdrive.fr/image.ashx?id=2492351&use=l&cat=p&typeid=i","cat":289461},{"id":43943,"n":"Champagne Cordon rouge Mumm Millésime - 75cl","p":37.95,"u":"50,60 €/L","img":"https://fd9-photos.leclercdrive.fr/image.ashx?id=2953758&use=l&cat=p&typeid=i","cat":284542},{"id":43944,"n":"Champagne rosé G.H. Mumm Brut - 12%vol - 75cl","p":35.9,"u":"47,87 €/L","img":"https://fd9-photos.leclercdrive.fr/image.ashx?id=2998913&use=l&cat=p&typeid=i","cat":284542},{"id":44016,"n":"Bocal Morilles extra séchées   Borde - 25g","p":14.99,"pp":9.89,"u":"395,60 €/KG","img":"https://fd9-photos.leclercdrive.fr/image.ashx?id=2731081&use=l&cat=p&typeid=i","cat":284352},{"id":44039,"n":"Soufflés Grignot' Tokapi Barbecue - 90g","p":0.99,"u":"11,00 €/KG","img":"https://fd9-photos.leclercdrive.fr/image.ashx?id=803080&use=l&cat=p&typeid=i","cat":284449},{"id":44040,"n":"Soufflé grignot' Tokapi  jambon fromage 90g","p":0.89,"u":"9,89 €/KG","img":"https://fd9-photos.leclercdrive.fr/image.ashx?id=2059489&use=l&cat=p&typeid=i","cat":284449},{"id":44057,"n":"Soufflés Tornades 3D Goût emmental - 85g","p":0.72,"u":"8,47 €/KG","img":"https://fd9-photos.leclercdrive.fr/image.ashx?id=2900139&use=l&cat=p&typeid=i","cat":284449},{"id":44081,"n":"Eau aromatisée Volvic Juicy Fraise - 1,5L","p":1.33,"u":"0,89 €/L","img":"https://fd9-photos.leclercdrive.fr/image.ashx?id=2964664&use=l&cat=p&typeid=i","cat":284537},{"id":44083,"n":"Eau gazeuse  Badoit verte finement pétillante - 6x1l","p":3.53,"u":"0,59 €/L","img":"https://fd9-photos.leclercdrive.fr/image.ashx?id=2919259&use=l&cat=p&typeid=i","cat":284536},{"id":44085,"n":"Petit quatre quarts Bonne Maman x10 - 300g","p":3.06,"u":"10,20 €/KG","img":"https://fd9-photos.leclercdrive.fr/image.ashx?id=2936149&use=l&cat=p&typeid=i","cat":284492},{"id":44090,"n":"AOP Monbazillac vin blanc Moelleux Terrasses d'Autan-75cl","p":6.99,"u":"9,32 €/L","img":"https://fd9-photos.leclercdrive.fr/image.ashx?id=2756873&use=l&cat=p&typeid=i","cat":289557},{"id":44091,"n":"AOC Côtes du Rhône Villages vin rouge Rives & Terrasses - 75cl","p":3.89,"u":"5,19 €/L","img":"https://fd9-photos.leclercdrive.fr/image.ashx?id=2755064&use=l&cat=p&typeid=i","cat":289556},{"id":44092,"n":"AOC Lalande-de-Pomerol vin rouge Chantet Blanet - 75cl","p":8.49,"u":"11,32 €/L","img":"https://fd9-photos.leclercdrive.fr/image.ashx?id=2809665&use=l&cat=p&typeid=i","cat":289556},{"id":44093,"n":"AOC Haut-Médoc vin rouge Chantet Blanet - 75cl","p":4.99,"u":"6,65 €/L","img":"https://fd9-photos.leclercdrive.fr/image.ashx?id=2824283&use=l&cat=p&typeid=i","cat":289556},{"id":44097,"n":"Quinoa 500g","p":2.84,"u":"5,68 €/KG","img":"https://fd9-photos.leclercdrive.fr/image.ashx?id=3012845&use=l&cat=p&typeid=i","cat":284429},{"id":44168,"n":"Guacamole en pot 300g","p":1.75,"u":"5,83 €/KG","img":"https://fd9-photos.leclercdrive.fr/image.ashx?id=2466072&use=l&cat=p&typeid=i","cat":288993},{"id":44170,"n":"Assaisonnement pour Fajitas Mélange d'épices - 30g","p":1.06,"u":"35,33 €/KG","img":"https://fd9-photos.leclercdrive.fr/image.ashx?id=2477565&use=l&cat=p&typeid=i","cat":288993},{"id":44171,"n":"6 wraps de blé nature 370g","p":1.99,"u":"5,38 €/KG","img":"https://fd9-photos.leclercdrive.fr/image.ashx?id=2679741&use=l&cat=p&typeid=i","cat":288993},{"id":44172,"n":"Assaisonnement pour Guacamole Tables du monde - 20g","p":0.95,"u":"47,50 €/KG","img":"https://fd9-photos.leclercdrive.fr/image.ashx?id=2489125&use=l&cat=p&typeid=i","cat":288993},{"id":44173,"n":"Après-shampooing Nateis Cheveux colorés - 250ml","p":1.63,"u":"6,52 €/L","img":"https://fd9-photos.leclercdrive.fr/image.ashx?id=2626808&use=l&cat=p&typeid=i","cat":284607},{"id":44174,"n":"Après-shampooing doux Nateis Cheveux secs - 250ml","p":1.35,"u":"5,40 €/KG","img":"https://fd9-photos.leclercdrive.fr/image.ashx?id=1900117&use=l&cat=p&typeid=i","cat":284607},{"id":44175,"n":"Masque nourrisant Natéïs Cheuveux secs et frisés - 300ml","p":2.63,"u":"8,77 €/L","img":"https://fd9-photos.leclercdrive.fr/image.ashx?id=1875848&use=l&cat=p&typeid=i","cat":284608},{"id":44178,"n":"Lessive poudre main Epsil 450g","p":0.97,"u":"2,16 €/KG","img":"https://fd9-photos.leclercdrive.fr/image.ashx?id=2838930&use=l&cat=p&typeid=i","cat":284643},{"id":44179,"n":"Sachets détachants Texil Anti-transferts - x12","p":4.44,"u":"0,37 €/P","img":"https://fd9-photos.leclercdrive.fr/image.ashx?id=2958741&use=l&cat=p&typeid=i","cat":284651},{"id":44181,"n":"Poivrons grillés Florelli Antipasti - 280g","p":3.52,"u":"12,57 €/KG","img":"https://fd9-photos.leclercdrive.fr/image.ashx?id=2633091&use=l&cat=p&typeid=i","cat":289010},{"id":44183,"n":"Tortillas Old El Paso de blé nature x8 - 326g","p":2.61,"u":"8,01 €/KG","img":"https://fd9-photos.leclercdrive.fr/image.ashx?id=2737642&use=l&cat=p&typeid=i","cat":288993},{"id":44184,"n":"Kit fajitas Old El Paso Original doux - 500g","p":4.86,"u":"9,72 €/KG","img":"https://fd9-photos.leclercdrive.fr/image.ashx?id=2940576&use=l&cat=p&typeid=i","cat":288993},{"id":44185,"n":"Kit Burritos Old El Paso Original paprika doux - 510g","p":5.07,"u":"9,94 €/KG","img":"https://fd9-photos.leclercdrive.fr/image.ashx?id=2940579&use=l&cat=p&typeid=i","cat":288993},{"id":44195,"n":"Détachant avant lavage K2R  Action complète pistolet -750ml","p":3.17,"u":"4,23 €/L","img":"https://fd9-photos.leclercdrive.fr/image.ashx?id=2101180&use=l&cat=p&typeid=i","cat":284651},{"id":44197,"n":"Couches Activ+ Mots d'Enfants T4 : 7/18kg - x39 changes","p":12.89,"u":"0,33 €/P","img":"https://fd9-photos.leclercdrive.fr/image.ashx?id=2934715&use=l&cat=p&typeid=i","cat":284737},{"id":44231,"n":"Estragon de france Sainte Lucie flacon 11g","p":1.9,"u":"172,73 €/KG","img":"https://fd9-photos.leclercdrive.fr/image.ashx?id=2774292&use=l&cat=p&typeid=i","cat":298297},{"id":44236,"n":"Epices paëlla Sainte Lucie à l'espagnole 30g","p":1.4,"u":"46,67 €/KG","img":"https://fd9-photos.leclercdrive.fr/image.ashx?id=2104591&use=l&cat=p&typeid=i","cat":298297},{"id":44273,"n":"Miettes de thon Petit Navire À l'huile d'olive - 160g","p":2.6,"u":"16,25 €/KG","img":"https://fd9-photos.leclercdrive.fr/image.ashx?id=2519642&use=l&cat=p&typeid=i","cat":303867},{"id":44278,"n":"Ravioli bolognaise Panzani - 400g","p":2.59,"u":"6,48 €/KG","img":"https://fd9-photos.leclercdrive.fr/image.ashx?id=2876059&use=l&cat=p&typeid=i","cat":284442},{"id":44279,"n":"Fromage apéritif Apericube Panier de campagne 24 cubes","p":2.39,"u":"19,12 €/KG","img":"https://fd9-photos.leclercdrive.fr/image.ashx?id=2882656&use=l&cat=p&typeid=i","cat":314027},{"id":44285,"n":"Thon cuisiné Saupiquet  sauce catalane 1/6 2x135g","p":2.22,"u":"8,22 €/KG","img":"https://fd9-photos.leclercdrive.fr/image.ashx?id=2731549&use=l&cat=p&typeid=i","cat":303867},{"id":44293,"n":"Emmental râpé  Entremont  français 160g","p":1.78,"u":"11,13 €/KG","img":"https://fd9-photos.leclercdrive.fr/image.ashx?id=2983153&use=l&cat=p&typeid=i","cat":314035},{"id":44298,"n":"L'Ortolan familial  Fromagerie Milleret-  330g","p":3.28,"u":"9,94 €/KG","img":"https://fd9-photos.leclercdrive.fr/image.ashx?id=2226400&use=l&cat=p&typeid=i","cat":314033},{"id":44299,"n":"Fromage à Tartiner Tartare  Ail et fines herbes - 250g","p":2.79,"u":"11,16 €/KG","img":"https://fd9-photos.leclercdrive.fr/image.ashx?id=2903170&use=l&cat=p&typeid=i","cat":314029},{"id":44302,"n":"Fromage Tranché Les Croisés au lait de vache 23%MG - 200g","p":1.99,"u":"9,95 €/KG","img":"https://fd9-photos.leclercdrive.fr/image.ashx?id=805112&use=l&cat=p&typeid=i","cat":314026},{"id":44307,"n":"Fromage Tomme noire NRT IGP  des Pyrénées - 200g","p":2.45,"u":"12,25 €/KG","img":"https://fd9-photos.leclercdrive.fr/image.ashx?id=2849596&use=l&cat=p&typeid=i","cat":329184},{"id":44309,"n":"Emmental tranches grand cru NRT IGP - Label Rouge -175g","p":2.89,"u":"16,51 €/KG","img":"https://fd9-photos.leclercdrive.fr/image.ashx?id=2071354&use=l&cat=p&typeid=i","cat":314028},{"id":44327,"n":"Vin Union Européenne rosé Le Tonnelier - BIB 5L","p":8.5,"u":"1,70 €/L","img":"https://fd9-photos.leclercdrive.fr/image.ashx?id=2107474&use=l&cat=p&typeid=i","cat":289560},{"id":44336,"n":"Savon Noir liquide Briochin Ecocert - 1L","p":2.48,"u":"2,48 €/L","img":"https://fd9-photos.leclercdrive.fr/image.ashx?id=3011389&use=l&cat=p&typeid=i","cat":325365},{"id":44355,"n":"Sandwich Baguette Mega Viennois  Sodebo Poulet Œuf - 270g","p":1.7,"u":"6,30 €/KG","img":"https://fd9-photos.leclercdrive.fr/image.ashx?id=2732392&use=l&cat=p&typeid=i","cat":333658},{"id":44368,"n":"Dentifrice mini voyage Dentamyl Haleine fraiche - 25ml","p":1.6,"u":"64,00 €/L","img":"https://fd9-photos.leclercdrive.fr/image.ashx?id=2658581&use=l&cat=p&typeid=i","cat":284612},{"id":44370,"n":"Préservatifs perles et nervures X12","p":2.42,"u":"0,20 €/P","img":"https://fd9-photos.leclercdrive.fr/image.ashx?id=2856196&use=l&cat=p&typeid=i","cat":284631},{"id":44423,"n":"IGP Côtes de Gascogne blanc Domus UBY 11,5% vol - 75cl","p":4.95,"u":"6,60 €/L","img":"https://fd9-photos.leclercdrive.fr/image.ashx?id=2108915&use=l&cat=p&typeid=i","cat":289557},{"id":44434,"n":"Nectar Bio Pressade Multifruits - 1,5L","p":2.22,"u":"1,48 €/L","img":"https://fd9-photos.leclercdrive.fr/image.ashx?id=2732533&use=l&cat=p&typeid=i","cat":284917},{"id":44437,"n":"AOC Buzet vin rouge Terrasses d'Autan - 75cl","p":3.99,"u":"5,32 €/L","img":"https://fd9-photos.leclercdrive.fr/image.ashx?id=2776567&use=l&cat=p&typeid=i","cat":289556},{"id":44445,"n":"Wraps Old El Paso de blé nature x6 - 350g","p":2.32,"u":"6,63 €/KG","img":"https://fd9-photos.leclercdrive.fr/image.ashx?id=2737645&use=l&cat=p&typeid=i","cat":288993},{"id":44475,"n":"Saucisson ail fumé Tradilège au porc 16tranches 150g","p":2.21,"u":"14,73 €/KG","img":"https://fd9-photos.leclercdrive.fr/image.ashx?id=2933355&use=l&cat=p&typeid=i","cat":316006},{"id":44572,"n":"AOC Bordeaux Supérieur vin rouge Chantet Blanet - 75cl","p":3.49,"u":"4,65 €/L","img":"https://fd9-photos.leclercdrive.fr/image.ashx?id=2776570&use=l&cat=p&typeid=i","cat":289556},{"id":44574,"n":"Nettoyant textiles TECH9 Avec brosse - 400ml","p":4.59,"u":"11,48 €/L","img":"https://fd9-photos.leclercdrive.fr/image.ashx?id=1543900&use=l&cat=p&typeid=i","cat":298252},{"id":44575,"n":"Lingettes vitres TECH9 x25","p":2.75,"u":"0,11 €/P","img":"https://fd9-photos.leclercdrive.fr/image.ashx?id=2162444&use=l&cat=p&typeid=i","cat":298252},{"id":44577,"n":"Nettoyant jantes TECH9 500ml","p":3.99,"u":"7,98 €/L","img":"https://fd9-photos.leclercdrive.fr/image.ashx?id=2162450&use=l&cat=p&typeid=i","cat":298252},{"id":44578,"n":"Madeleines Saint Michel Pépites chocolat 400g","p":1.94,"u":"4,85 €/KG","img":"https://fd9-photos.leclercdrive.fr/image.ashx?id=2936200&use=l&cat=p&typeid=i","cat":284492},{"id":44657,"n":"Bière blonde Leffe Rituel 9% - 12x25cl","p":10.04,"u":"3,35 €/L","img":"https://fd9-photos.leclercdrive.fr/image.ashx?id=2548288&use=l&cat=p&typeid=i","cat":334852},{"id":44691,"n":"Socquette sport Homme Blanc T39/42 - x3","p":4.8,"u":"1,60 €/P","img":"https://fd9-photos.leclercdrive.fr/image.ashx?id=816726&use=l&cat=p&typeid=i","cat":334130},{"id":44692,"n":"Socquette sport Homme Blanc T43/45 - x3","p":4.8,"u":"1,60 €/P","img":"https://fd9-photos.leclercdrive.fr/image.ashx?id=805751&use=l&cat=p&typeid=i","cat":334130},{"id":44698,"n":"Mi-chaussette sport Homme Blanc T43/45 - x3","p":4.75,"u":"1,58 €/P","img":"https://fd9-photos.leclercdrive.fr/image.ashx?id=805747&use=l&cat=p&typeid=i","cat":334130},{"id":44706,"n":"Palets bretons P'tit Déli 2x125g","p":1.84,"u":"7,36 €/KG","img":"https://fd9-photos.leclercdrive.fr/image.ashx?id=2820134&use=l&cat=p&typeid=i","cat":284487},{"id":44732,"n":"Brunoise Notre Jardin méditerranéens 600g","p":3.41,"u":"5,68 €/KG","img":"https://fd9-photos.leclercdrive.fr/image.ashx?id=2873150&use=l&cat=p&typeid=i","cat":319823},{"id":44736,"n":"Blanquette volaille Côté Table 900g","p":6.99,"u":"7,77 €/KG","img":"https://fd9-photos.leclercdrive.fr/image.ashx?id=2621934&use=l&cat=p&typeid=i","cat":284254},{"id":44738,"n":"Haricots verts Notre Jardin cuits 750g","p":1.55,"u":"2,07 €/KG","img":"https://fd9-photos.leclercdrive.fr/image.ashx?id=2900142&use=l&cat=p&typeid=i","cat":319805},{"id":44740,"n":"Frites allumettes Pom'lisse 2.5kg","p":4.59,"u":"1,84 €/KG","img":"https://fd9-photos.leclercdrive.fr/image.ashx?id=2699498&use=l&cat=p&typeid=i","cat":319791},{"id":44741,"n":"Riz sushi Table du monde 500g","p":1.19,"u":"2,38 €/KG","img":"https://fd9-photos.leclercdrive.fr/image.ashx?id=2679753&use=l&cat=p&typeid=i","cat":288992},{"id":44742,"n":"Duo de Fleurettes Bio  Bio Village - 600g","p":2.55,"u":"4,25 €/KG","img":"https://fd9-photos.leclercdrive.fr/image.ashx?id=2898065&use=l&cat=p&typeid=i","cat":319805},{"id":44743,"n":"Julienne de légumes Bio Village Bio - 600g","p":1.99,"u":"3,32 €/KG","img":"https://fd9-photos.leclercdrive.fr/image.ashx?id=2175780&use=l&cat=p&typeid=i","cat":319823},{"id":44745,"n":"Mini boulettes au boeuf Férial  x50 - 750g","p":6.99,"u":"9,32 €/KG","img":"https://fd9-photos.leclercdrive.fr/image.ashx?id=2966511&use=l&cat=p&typeid=i","cat":319779},{"id":44748,"n":"Purée de carottes Notre Jardin potirons 750g","p":2.62,"u":"3,49 €/KG","img":"https://fd9-photos.leclercdrive.fr/image.ashx?id=2856190&use=l&cat=p&typeid=i","cat":319805},{"id":44750,"n":"Poulet Basquaise Côté Table 900g","p":4.18,"u":"4,64 €/KG","img":"https://fd9-photos.leclercdrive.fr/image.ashx?id=2572438&use=l&cat=p&typeid=i","cat":284254},{"id":44751,"n":"Pom' curv au four Pom'Lisse 600g","p":1.81,"u":"3,02 €/KG","img":"https://fd9-photos.leclercdrive.fr/image.ashx?id=2699690&use=l&cat=p&typeid=i","cat":319791},{"id":44758,"n":"Grattugiato 29% MG Les Croisés  100g","p":1.49,"u":"14,90 €/KG","img":"https://fd9-photos.leclercdrive.fr/image.ashx?id=2806859&use=l&cat=p&typeid=i","cat":314035},{"id":44767,"n":"Dés Gouda cumin Les Croisés 30%MG - 150g","p":1.95,"u":"13,00 €/KG","img":"https://fd9-photos.leclercdrive.fr/image.ashx?id=2532844&use=l&cat=p&typeid=i","cat":314027},{"id":44768,"n":"Fromage râpé spécial Gratin  Les Croisés - 150g","p":2.19,"u":"14,60 €/KG","img":"https://fd9-photos.leclercdrive.fr/image.ashx?id=2897796&use=l&cat=p&typeid=i","cat":314035},{"id":44770,"n":"Steak haché Férial  5%mg x4 - 400g","p":6.99,"u":"17,48 €/KG","img":"https://fd9-photos.leclercdrive.fr/image.ashx?id=3004663&use=l&cat=p&typeid=i","cat":319778},{"id":44808,"n":"AOC Côtes du Rhône rouge BIO Rives & Terrasses - 75cl","p":3.99,"u":"5,32 €/L","img":"https://fd9-photos.leclercdrive.fr/image.ashx?id=2928318&use=l&cat=p&typeid=i","cat":289556},{"id":44859,"n":"Olives Vertes -25% sel Tramier  Dénoyautées 160g","p":1.99,"u":"12,44 €/KG","img":"https://fd9-photos.leclercdrive.fr/image.ashx?id=2840823&use=l&cat=p&typeid=i","cat":284458},{"id":44861,"n":"Sauce pesto Tradizioni d'Italia A la génoise - 180g","p":1.79,"u":"9,94 €/KG","img":"https://fd9-photos.leclercdrive.fr/image.ashx?id=2840043&use=l&cat=p&typeid=i","cat":287599},{"id":44865,"n":"Dessert fruits mixés Sojasun Abricot / Goyave - 4x100g","p":1.64,"u":"4,10 €/KG","img":"https://fd9-photos.leclercdrive.fr/image.ashx?id=2355668&use=l&cat=p&typeid=i","cat":316071},{"id":44871,"n":"Nettoyant plastique TECH9 Ecocert - 500ml","p":4.99,"u":"9,98 €/L","img":"https://fd9-photos.leclercdrive.fr/image.ashx?id=2536860&use=l&cat=p&typeid=i","cat":298252},{"id":44874,"n":"Nettoyant tissu moquette TECH9 Ecocert - 500ml","p":4.99,"u":"9,98 €/L","img":"https://fd9-photos.leclercdrive.fr/image.ashx?id=2536863&use=l&cat=p&typeid=i","cat":298252},{"id":44876,"n":"Nettoyant multi-usage TECH9 Ecocert - 500ml","p":3.4,"u":"6,80 €/L","img":"https://fd9-photos.leclercdrive.fr/image.ashx?id=2536866&use=l&cat=p&typeid=i","cat":298252},{"id":44877,"n":"Nettoyant jantes TECH9 Ecocert - 500ml","p":4.65,"u":"9,30 €/L","img":"https://fd9-photos.leclercdrive.fr/image.ashx?id=2536869&use=l&cat=p&typeid=i","cat":298252},{"id":44878,"n":"Shampooing carrosserie TECH9 Ecocert - 500ml","p":5.99,"u":"11,98 €/L","img":"https://fd9-photos.leclercdrive.fr/image.ashx?id=2536872&use=l&cat=p&typeid=i","cat":298252},{"id":44884,"n":"Soupe Mouliné Bio Village Bio - Légumes variés - 1L","p":1.97,"u":"1,97 €/L","img":"https://fd9-photos.leclercdrive.fr/image.ashx?id=2376115&use=l&cat=p&typeid=i","cat":284462},{"id":44885,"n":"Velouté de légumes Bio Village Bio - 1L","p":2.79,"u":"2,79 €/L","img":"https://fd9-photos.leclercdrive.fr/image.ashx?id=2339879&use=l&cat=p&typeid=i","cat":284462},{"id":44900,"n":"Baguette précuite four Epi d'Or précuite four en pierre - 250g","p":1.35,"u":"5,40 €/KG","img":"https://fd9-photos.leclercdrive.fr/image.ashx?id=2956963&use=l&cat=p&typeid=i","cat":325069},{"id":44910,"n":"Crème dessert La Laitière Pot de crème chocolat - 8x100g","p":4.18,"u":"5,23 €/KG","img":"https://fd9-photos.leclercdrive.fr/image.ashx?id=2692116&use=l&cat=p&typeid=i","cat":285041},{"id":44939,"n":"Mini gratins Côté Table Pomme de terre salardaise 400g","p":3.89,"u":"9,73 €/KG","img":"https://fd9-photos.leclercdrive.fr/image.ashx?id=2641289&use=l&cat=p&typeid=i","cat":319802},{"id":44941,"n":"Mini gratins Côté Table Pomme de terre Epinard  x4 480g","p":3.85,"u":"8,02 €/KG","img":"https://fd9-photos.leclercdrive.fr/image.ashx?id=2641286&use=l&cat=p&typeid=i","cat":319802},{"id":44942,"n":"Mini gratins Côté Table Pomme de terre Champignons 400g","p":2.99,"u":"7,48 €/KG","img":"https://fd9-photos.leclercdrive.fr/image.ashx?id=2074431&use=l&cat=p&typeid=i","cat":319802},{"id":44953,"n":"Pâtes Sans gluten Barilla Spaghetti - 400g","p":1.89,"u":"4,73 €/KG","img":"https://fd9-photos.leclercdrive.fr/image.ashx?id=2647639&use=l&cat=p&typeid=i","cat":284427},{"id":44959,"n":"Lingettes démaquillantes Inell Eau micellaire x25","p":2.6,"u":"0,10 €/P","img":"https://fd9-photos.leclercdrive.fr/image.ashx?id=2764392&use=l&cat=p&typeid=i","cat":284603},{"id":44963,"n":"Stick lèvres Inell Miss pink - 1 pièce","p":1.69,"img":"https://fd9-photos.leclercdrive.fr/image.ashx?id=2691673&use=l&cat=p&typeid=i","cat":285485},{"id":44964,"n":"Alèses absorbantes Chorys 60x90cm - x16","p":6.99,"u":"0,44 €/P","img":"https://fd9-photos.leclercdrive.fr/image.ashx?id=2860076&use=l&cat=p&typeid=i","cat":284628},{"id":44965,"n":"Lingettes Hygiène Adulte Chorys x64","p":4.57,"u":"0,07 €/P","img":"https://fd9-photos.leclercdrive.fr/image.ashx?id=2940911&use=l&cat=p&typeid=i","cat":284627},{"id":44967,"n":"Culottes bébé Mots d'Enfants  T5 : 12/18kg - x20 changes","p":5.45,"u":"0,27 €/P","img":"https://fd9-photos.leclercdrive.fr/image.ashx?id=2904580&use=l&cat=p&typeid=i","cat":290633},{"id":44968,"n":"Culottes bébé Mots d'Enfants  T6 : 16kg - x18 changes","p":4.99,"u":"0,28 €/P","img":"https://fd9-photos.leclercdrive.fr/image.ashx?id=2907201&use=l&cat=p&typeid=i","cat":290633},{"id":44976,"n":"Masque nourrisant Natéïs Cheveux secs ou abîmés - 300ml","p":2.63,"u":"8,77 €/L","img":"https://fd9-photos.leclercdrive.fr/image.ashx?id=2387340&use=l&cat=p&typeid=i","cat":284608},{"id":44977,"n":"Mousse nettoyante Inell Peaux sensibles 150ml","p":2.99,"u":"19,93 €/L","img":"https://fd9-photos.leclercdrive.fr/image.ashx?id=1993200&use=l&cat=p&typeid=i","cat":284603},{"id":44980,"n":"Gel lave-vaisselle Visior Classique x75 - 1,5L","p":4.75,"u":"3,17 €/L","img":"https://fd9-photos.leclercdrive.fr/image.ashx?id=2939061&use=l&cat=p&typeid=i","cat":284656},{"id":45001,"n":"Pain de campagne Epi d'Or Spécial - 500g","p":1.79,"u":"3,58 €/KG","img":"https://fd9-photos.leclercdrive.fr/image.ashx?id=2114928&use=l&cat=p&typeid=i","cat":325069},{"id":45002,"n":"Pain de mie Epi d'Or  Croque monsieur - 550g","p":1.46,"u":"2,65 €/KG","img":"https://fd9-photos.leclercdrive.fr/image.ashx?id=2860748&use=l&cat=p&typeid=i","cat":284477},{"id":45005,"n":"Fond de veau Rustica dégraissé 100g","p":2.18,"u":"21,80 €/KG","img":"https://fd9-photos.leclercdrive.fr/image.ashx?id=2979571&use=l&cat=p&typeid=i","cat":288379},{"id":45007,"n":"Miel  Nid d'Abeille fleurs d'oranger 375g","p":3.89,"u":"10,37 €/KG","img":"https://fd9-photos.leclercdrive.fr/image.ashx?id=2668120&use=l&cat=p&typeid=i","cat":287643},{"id":45009,"n":"Cacahuètes grillées Tokapi salées 3x120g","p":1.49,"u":"4,14 €/KG","img":"https://fd9-photos.leclercdrive.fr/image.ashx?id=2793230&use=l&cat=p&typeid=i","cat":284448},{"id":45011,"n":"AOC Côtes de Beaune Vin rouge Antoine Barrier - 75cl","p":9.99,"u":"13,32 €/L","img":"https://fd9-photos.leclercdrive.fr/image.ashx?id=2922938&use=l&cat=p&typeid=i","cat":289556},{"id":45013,"n":"AOC Ventoux vin rouge Rives & Terrasses - BIB 5L","p":15.99,"u":"3,20 €/L","img":"https://fd9-photos.leclercdrive.fr/image.ashx?id=2436669&use=l&cat=p&typeid=i","cat":289560},{"id":45014,"n":"AOC Touraine vin rouge Les Caractères - 75cl","p":4.49,"u":"5,99 €/L","img":"https://fd9-photos.leclercdrive.fr/image.ashx?id=2750159&use=l&cat=p&typeid=i","cat":289556},{"id":45015,"n":"Biscuits P'tit Déli Pépites de chocolat 300g","p":2.49,"u":"8,30 €/KG","img":"https://fd9-photos.leclercdrive.fr/image.ashx?id=2390425&use=l&cat=p&typeid=i","cat":284487},{"id":45016,"n":"AOC Médoc vin rouge Chantet Blanet - 75cl","p":3.99,"u":"5,32 €/L","img":"https://fd9-photos.leclercdrive.fr/image.ashx?id=2840737&use=l&cat=p&typeid=i","cat":289556},{"id":45020,"n":"AOC Fitou vin rouge Prieur Barsanne - 75cl","p":3.99,"u":"5,32 €/L","img":"https://fd9-photos.leclercdrive.fr/image.ashx?id=2742623&use=l&cat=p&typeid=i","cat":289556},{"id":45023,"n":"AOC Moulin-à-Vent vin rouge Antoine Barrier - 75cl","p":7.75,"u":"10,33 €/L","img":"https://fd9-photos.leclercdrive.fr/image.ashx?id=3004549&use=l&cat=p&typeid=i","cat":289556},{"id":45029,"n":"AOP Vin blanc Muscadet Sèvre & Maine sur Lie - 75cl","p":4.19,"u":"5,59 €/L","img":"https://fd9-photos.leclercdrive.fr/image.ashx?id=2750147&use=l&cat=p&typeid=i","cat":289557},{"id":45033,"n":"AOC Côtes du Rhône vin blanc Rives & Terrasses - 75cl","p":3.99,"u":"5,32 €/L","img":"https://fd9-photos.leclercdrive.fr/image.ashx?id=2856326&use=l&cat=p&typeid=i","cat":289557},{"id":45034,"n":"AOC Crozes-Hermitage vin rouge Rives & Terrasses - 75cl","p":9.99,"u":"13,32 €/L","img":"https://fd9-photos.leclercdrive.fr/image.ashx?id=2801792&use=l&cat=p&typeid=i","cat":289556},{"id":45035,"n":"AOP Alsace Riesling vin blanc Rebmann - 75 cl","p":4.85,"u":"6,47 €/L","img":"https://fd9-photos.leclercdrive.fr/image.ashx?id=2754213&use=l&cat=p&typeid=i","cat":289557},{"id":45036,"n":"AOC Alsace Riesling vin blanc Rebmann - 37,5 cl","p":3.25,"u":"8,67 €/L","img":"https://fd9-photos.leclercdrive.fr/image.ashx?id=2754216&use=l&cat=p&typeid=i","cat":289557},{"id":45042,"n":"AOC Beaujolais Villages vin rouge Antoine Barrier - 75cl","p":5.49,"u":"7,32 €/L","img":"https://fd9-photos.leclercdrive.fr/image.ashx?id=2728252&use=l&cat=p&typeid=i","cat":289556},{"id":45044,"n":"AOC Bordeaux fût de chêne vin rouge Chantet Blanet - BIB 3L","p":10.99,"u":"3,66 €/L","img":"https://fd9-photos.leclercdrive.fr/image.ashx?id=2667262&use=l&cat=p&typeid=i","cat":289560},{"id":45045,"n":"AOC Côtes de Bourg vin rouge Chantet Blanet - 37,5cl","p":2.49,"u":"6,64 €/L","img":"https://fd9-photos.leclercdrive.fr/image.ashx?id=2913709&use=l&cat=p&typeid=i","cat":289556},{"id":45047,"n":"AOC Côtes du Rhône villages Vin Rouge Rives & Terrasses BIB 3L","p":12.99,"u":"4,33 €/L","img":"https://fd9-photos.leclercdrive.fr/image.ashx?id=2726830&use=l&cat=p&typeid=i","cat":289560},{"id":45048,"n":"AOC Bordeaux Supérieur vin  rouge Chantet Blanet - BIB 3L","p":12.99,"u":"4,33 €/L","img":"https://fd9-photos.leclercdrive.fr/image.ashx?id=2646776&use=l&cat=p&typeid=i","cat":289560},{"id":45049,"n":"AOP Cahors vin rouge Terrasses d'Autan - 75cl","p":3.89,"u":"5,19 €/L","img":"https://fd9-photos.leclercdrive.fr/image.ashx?id=2799772&use=l&cat=p&typeid=i","cat":289556},{"id":45050,"n":"AOP Bourgogne Pinot noir vin rouge Antoine Barrier - 75cl","p":7.99,"u":"10,65 €/L","img":"https://fd9-photos.leclercdrive.fr/image.ashx?id=2694106&use=l&cat=p&typeid=i","cat":289556},{"id":45051,"n":"AOP Chablis vin blanc Antoine Barrier - 75cl","p":12.99,"u":"17,32 €/L","img":"https://fd9-photos.leclercdrive.fr/image.ashx?id=2741291&use=l&cat=p&typeid=i","cat":289557},{"id":45052,"n":"Velouté Régal Soupe Potiron Châtaigne - 1L","p":2.46,"u":"2,46 €/L","img":"https://fd9-photos.leclercdrive.fr/image.ashx?id=2983811&use=l&cat=p&typeid=i","cat":284462},{"id":45053,"n":"Soupe Velouté Régal Soupe Potiron fromage fondu 1L","p":2.36,"u":"2,36 €/L","img":"https://fd9-photos.leclercdrive.fr/image.ashx?id=2607572&use=l&cat=p&typeid=i","cat":284462},{"id":45054,"n":"Soupe Velouté Régal Soupe  Tomate vermicelles 2x30cl","p":1.66,"u":"2,77 €/L","img":"https://fd9-photos.leclercdrive.fr/image.ashx?id=2607575&use=l&cat=p&typeid=i","cat":284462},{"id":45063,"n":"Biscuits sablés P'tit Déli Noix de coco - 120g","p":0.84,"u":"7,00 €/KG","img":"https://fd9-photos.leclercdrive.fr/image.ashx?id=2669750&use=l&cat=p&typeid=i","cat":284487},{"id":45065,"n":"Bretzels d'alsace NRT sachet 200g","p":0.74,"u":"3,70 €/KG","img":"https://fd9-photos.leclercdrive.fr/image.ashx?id=2638018&use=l&cat=p&typeid=i","cat":297000},{"id":45066,"n":"Petits biscuits salés NRT D'Alsace - 200g","p":0.99,"u":"4,95 €/KG","img":"https://fd9-photos.leclercdrive.fr/image.ashx?id=2638021&use=l&cat=p&typeid=i","cat":297000},{"id":45101,"n":"Carrés de soin Mots d'Enfants Bébés - x100","p":1.99,"u":"0,02 €/P","img":"https://fd9-photos.leclercdrive.fr/image.ashx?id=3014245&use=l&cat=p&typeid=i","cat":284739},{"id":45138,"n":"Biscuits Bio Bjorg complets P'tit nature - 200g","p":1.58,"u":"7,90 €/KG","img":"https://fd9-photos.leclercdrive.fr/image.ashx?id=2906157&use=l&cat=p&typeid=i","cat":284487},{"id":45145,"n":"Crème amande cuisine  Bjorg  Bio - 200ml","p":1.71,"u":"8,55 €/L","img":"https://fd9-photos.leclercdrive.fr/image.ashx?id=2851770&use=l&cat=p&typeid=i","cat":288383},{"id":45148,"n":"Boisson végétale épeautre noisette Bjorg Bio - 1L","p":2.45,"u":"2,45 €/L","img":"https://fd9-photos.leclercdrive.fr/image.ashx?id=2960804&use=l&cat=p&typeid=i","cat":316067},{"id":45149,"n":"Boisson végétale lait d'amande  chocolat bjorg bio - 1l","p":2.36,"u":"2,36 €/L","img":"https://fd9-photos.leclercdrive.fr/image.ashx?id=2939412&use=l&cat=p&typeid=i","cat":316067},{"id":45157,"n":"Boulghour Tunisienne Céréal Bio Bio repas express - 220g","p":2.04,"u":"9,27 €/KG","img":"https://fd9-photos.leclercdrive.fr/image.ashx?id=2574062&use=l&cat=p&typeid=i","cat":287600},{"id":45167,"n":"Flocons avoine bio  Terres et Céréales - 500g","p":1.92,"u":"3,84 €/KG","img":"https://fd9-photos.leclercdrive.fr/image.ashx?id=2471907&use=l&cat=p&typeid=i","cat":309512},{"id":45168,"n":"Bouillon cube bio Jardin Bio Légumes - 72g","p":1.91,"u":"26,53 €/KG","img":"https://fd9-photos.leclercdrive.fr/image.ashx?id=2535535&use=l&cat=p&typeid=i","cat":288379},{"id":45169,"n":"Bouillon cube bio Jardin Bio Volaille dégraissé x10 - 100g","p":2.13,"u":"21,30 €/KG","img":"https://fd9-photos.leclercdrive.fr/image.ashx?id=2535538&use=l&cat=p&typeid=i","cat":288379},{"id":45171,"n":"Chocolat noir Bio Ethiquable   70% Pérou - 100g","p":2.56,"u":"25,60 €/KG","img":"https://fd9-photos.leclercdrive.fr/image.ashx?id=2870896&use=l&cat=p&typeid=i","cat":284956},{"id":45191,"n":"Couscous Jardin Bio Bio légumes du soleil - 220g","p":2.36,"u":"10,73 €/KG","img":"https://fd9-photos.leclercdrive.fr/image.ashx?id=2535022&use=l&cat=p&typeid=i","cat":287600},{"id":45192,"n":"Pâtes bio Jardin Bio Coquillettes 3 min - 500g","p":1.79,"u":"3,58 €/KG","img":"https://fd9-photos.leclercdrive.fr/image.ashx?id=2939976&use=l&cat=p&typeid=i","cat":284427},{"id":45193,"n":"Chocolat noir Bio Ethiquable  85% Madagascar - 100g","p":2.68,"u":"26,80 €/KG","img":"https://fd9-photos.leclercdrive.fr/image.ashx?id=2870881&use=l&cat=p&typeid=i","cat":284956},{"id":45194,"n":"Chocolat noir Bio Ethiquable  80% Equateur - 100g","p":2.7,"u":"27,00 €/KG","img":"https://fd9-photos.leclercdrive.fr/image.ashx?id=2870917&use=l&cat=p&typeid=i","cat":284956},{"id":45197,"n":"Quinoa boulghour  Céréal Bio  à l'Indienne bio -220g","p":2.13,"u":"9,68 €/KG","img":"https://fd9-photos.leclercdrive.fr/image.ashx?id=2574068&use=l&cat=p&typeid=i","cat":287600},{"id":45198,"n":"Légumes et orge bio Céréal Bio  Compotée d'aubergines - 250g","p":1.99,"u":"7,96 €/KG","img":"https://fd9-photos.leclercdrive.fr/image.ashx?id=2574071&use=l&cat=p&typeid=i","cat":287600},{"id":45205,"n":"Biscuits fourrés Bio Bjorg  Chocolat lait noisette - 225g","p":3.76,"u":"16,71 €/KG","img":"https://fd9-photos.leclercdrive.fr/image.ashx?id=2970930&use=l&cat=p&typeid=i","cat":284488},{"id":45207,"n":"Biscuits Bio Bjorg Fourrés à la Vanille - 225g","p":3.88,"u":"17,24 €/KG","img":"https://fd9-photos.leclercdrive.fr/image.ashx?id=2912059&use=l&cat=p&typeid=i","cat":284489},{"id":45212,"n":"Duo de quinoa Jardin Bio  Bio aux légumes - 250g","p":2.26,"u":"9,04 €/KG","img":"https://fd9-photos.leclercdrive.fr/image.ashx?id=2535481&use=l&cat=p&typeid=i","cat":287600},{"id":45213,"n":"Flageolets Jardin Bio  Bio cuisinés - 680g","p":3.02,"u":"4,44 €/KG","img":"https://fd9-photos.leclercdrive.fr/image.ashx?id=2918319&use=l&cat=p&typeid=i","cat":312606},{"id":45217,"n":"Galette  Céréal Bio  Bio riz légumes Colombo x2 200g","p":2.82,"u":"14,10 €/KG","img":"https://fd9-photos.leclercdrive.fr/image.ashx?id=2573510&use=l&cat=p&typeid=i","cat":284953},{"id":45229,"n":"biscuits gaufres bio bjorg  Miel - 175g","p":2.12,"u":"12,11 €/KG","img":"https://fd9-photos.leclercdrive.fr/image.ashx?id=2915973&use=l&cat=p&typeid=i","cat":294777},{"id":45243,"n":"Lait de coco fluide Bio Bjorg 200ml","p":1.59,"u":"7,95 €/L","img":"https://fd9-photos.leclercdrive.fr/image.ashx?id=2752995&use=l&cat=p&typeid=i","cat":288992},{"id":45244,"n":"boisson végétale lait d'amande  bio bjorg 1l","p":2.24,"u":"2,24 €/L","img":"https://fd9-photos.leclercdrive.fr/image.ashx?id=2967067&use=l&cat=p&typeid=i","cat":316067},{"id":45245,"n":"Boisson végétale lait d'amande  vanille bjorg bio - 1l","p":2.32,"u":"2,32 €/L","img":"https://fd9-photos.leclercdrive.fr/image.ashx?id=2991978&use=l&cat=p&typeid=i","cat":316067},{"id":45247,"n":"Maïs bio Géant Vert extra croquant - 2x140g","p":2.17,"u":"7,75 €/KG","img":"https://fd9-photos.leclercdrive.fr/image.ashx?id=2840545&use=l&cat=p&typeid=i","cat":312611},{"id":45250,"n":"Infusion bio Jardin Bio Tilleul Oranger - x20 - 30g","p":2.67,"u":"89,00 €/KG","img":"https://fd9-photos.leclercdrive.fr/image.ashx?id=2792657&use=l&cat=p&typeid=i","cat":293234},{"id":45251,"n":"Lentilles vertes Jardin Bio  Bio saveur du terroir - 250g","p":1.73,"u":"6,92 €/KG","img":"https://fd9-photos.leclercdrive.fr/image.ashx?id=2535559&use=l&cat=p&typeid=i","cat":287600},{"id":45252,"n":"Lentilles Jardin Bio  Bio façon petit salé - 250g","p":2.23,"u":"8,92 €/KG","img":"https://fd9-photos.leclercdrive.fr/image.ashx?id=2535019&use=l&cat=p&typeid=i","cat":287600},{"id":45254,"n":"Infusion Clipper Bio - Citron gingembre - 50g","p":2.07,"u":"41,40 €/KG","img":"https://fd9-photos.leclercdrive.fr/image.ashx?id=2909176&use=l&cat=p&typeid=i","cat":293234},{"id":45261,"n":"Orge riz rouge bio Céréal Bio  lentilles repas express-220g","p":1.79,"u":"7,16 €/KG","img":"https://fd9-photos.leclercdrive.fr/image.ashx?id=2574080&use=l&cat=p&typeid=i","cat":287600},{"id":45262,"n":"Orge pruneaux bio Céréal Bio  Marocain repas express-220g","p":2.41,"u":"10,95 €/KG","img":"https://fd9-photos.leclercdrive.fr/image.ashx?id=2575075&use=l&cat=p&typeid=i","cat":287600},{"id":45265,"n":"Céréales Bio Muesli avoine Chocolat  Bjorg - 375g","p":3.14,"u":"8,37 €/KG","img":"https://fd9-photos.leclercdrive.fr/image.ashx?id=2863380&use=l&cat=p&typeid=i","cat":309512},{"id":45274,"n":"Maïs doux Jardin Bio  Bio - 230g","p":2.12,"u":"9,22 €/KG","img":"https://fd9-photos.leclercdrive.fr/image.ashx?id=2903233&use=l&cat=p&typeid=i","cat":312611},{"id":45278,"n":"Purée potimarron Céréal Bio  lentilles bio-250g","p":1.78,"u":"7,12 €/KG","img":"https://fd9-photos.leclercdrive.fr/image.ashx?id=2574074&use=l&cat=p&typeid=i","cat":287600},{"id":45281,"n":"Riz cuisine Bio - Bjorg  20cl","p":1.31,"u":"6,55 €/L","img":"https://fd9-photos.leclercdrive.fr/image.ashx?id=2642411&use=l&cat=p&typeid=i","cat":316069},{"id":45289,"n":"Petits pois bio Jardin Bio A l'étuvée extra fins - 230g","p":2.21,"u":"9,61 €/KG","img":"https://fd9-photos.leclercdrive.fr/image.ashx?id=2944732&use=l&cat=p&typeid=i","cat":312607},{"id":45290,"n":"Petits pois Le jardin Bio  Bio extra fins - 445g","p":3.23,"u":"7,26 €/KG","img":"https://fd9-photos.leclercdrive.fr/image.ashx?id=2944735&use=l&cat=p&typeid=i","cat":312607},{"id":45291,"n":"Quinoa Jardin Bio  Bio poulet et Sésame - 250g","p":2.16,"u":"8,64 €/KG","img":"https://fd9-photos.leclercdrive.fr/image.ashx?id=2956433&use=l&cat=p&typeid=i","cat":287600},{"id":45294,"n":"Asperges blanches D'Aucy Grosses x2 410g","p":5.75,"u":"14,02 €/KG","img":"https://fd9-photos.leclercdrive.fr/image.ashx?id=2488854&use=l&cat=p&typeid=i","cat":312611},{"id":45295,"n":"Asperges vertes d'Aucy Grosses - x2 - 370g","p":5.75,"u":"15,54 €/KG","img":"https://fd9-photos.leclercdrive.fr/image.ashx?id=2217987&use=l&cat=p&typeid=i","cat":312611},{"id":45319,"n":"Pineau blanc Charentes NRT  17% vol - 75cl","p":7.95,"u":"10,60 €/L","img":"https://fd9-photos.leclercdrive.fr/image.ashx?id=2679804&use=l&cat=p&typeid=i","cat":284913},{"id":45320,"n":"Pineau rosé Charentes NRT  17% vol - 75cl","p":8.99,"u":"11,99 €/L","img":"https://fd9-photos.leclercdrive.fr/image.ashx?id=2679801&use=l&cat=p&typeid=i","cat":284913},{"id":45339,"n":"Tartine sarrasin Céréal Bio Bio - 145g","p":1.47,"u":"10,14 €/KG","img":"https://fd9-photos.leclercdrive.fr/image.ashx?id=2810792&use=l&cat=p&typeid=i","cat":284479},{"id":45340,"n":"Tartine  Céréal Bio  Bio multicéréales - 145g","p":1.49,"u":"10,28 €/KG","img":"https://fd9-photos.leclercdrive.fr/image.ashx?id=2810795&use=l&cat=p&typeid=i","cat":284479},{"id":45345,"n":"Terrine d'aubergine Bio Bjorg  125g","p":2.13,"u":"17,04 €/KG","img":"https://fd9-photos.leclercdrive.fr/image.ashx?id=2786030&use=l&cat=p&typeid=i","cat":315999},{"id":45351,"n":"Tartines bio Jardin Bio Sarrasin sans gluten - 150g","p":2.03,"u":"13,53 €/KG","img":"https://fd9-photos.leclercdrive.fr/image.ashx?id=2535547&use=l&cat=p&typeid=i","cat":318654},{"id":45353,"n":"Tartines bio Jardin Bio Multicéréales sans gluten -150g","p":2.1,"u":"14,00 €/KG","img":"https://fd9-photos.leclercdrive.fr/image.ashx?id=2537646&use=l&cat=p&typeid=i","cat":318654},{"id":45354,"n":"Tartines bio Jardin Bio Châtaigne sans gluten - 150g","p":2.21,"u":"14,73 €/KG","img":"https://fd9-photos.leclercdrive.fr/image.ashx?id=2537649&use=l&cat=p&typeid=i","cat":318654},{"id":45355,"n":"Thé vert Bio Clipper Au Citron - 20 sachets - 35g","p":2.18,"u":"62,29 €/KG","img":"https://fd9-photos.leclercdrive.fr/image.ashx?id=2922089&use=l&cat=p&typeid=i","cat":293233},{"id":45372,"n":"Tomates pelées Jardin Bio  Bio Entières au jus - 240g","p":1.28,"u":"5,33 €/KG","img":"https://fd9-photos.leclercdrive.fr/image.ashx?id=2967911&use=l&cat=p&typeid=i","cat":288384},{"id":45382,"n":"Déodorant Spray Femme Nivea Protect & Care - 200ml","p":2.69,"u":"13,45 €/L","img":"https://fd9-photos.leclercdrive.fr/image.ashx?id=2869188&use=l&cat=p&typeid=i","cat":284595},{"id":45415,"n":"Fromage Emmental Entremont Râpé  - 300g","p":3.29,"u":"10,97 €/KG","img":"https://fd9-photos.leclercdrive.fr/image.ashx?id=2983156&use=l&cat=p&typeid=i","cat":314035},{"id":45454,"n":"Soufflés Tornades 3D Tokapi  Paprika 85g","p":0.73,"u":"8,59 €/KG","img":"https://fd9-photos.leclercdrive.fr/image.ashx?id=2953347&use=l&cat=p&typeid=i","cat":284449},{"id":45455,"n":"Soupe Velouté Bio Village Saveurs du sud Bio - 2x30cl","p":1.69,"u":"2,82 €/L","img":"https://fd9-photos.leclercdrive.fr/image.ashx?id=2363814&use=l&cat=p&typeid=i","cat":284462},{"id":45456,"n":"Chips Bio Village Bio Nature - 6x30g","p":2.99,"u":"16,61 €/KG","img":"https://fd9-photos.leclercdrive.fr/image.ashx?id=2838957&use=l&cat=p&typeid=i","cat":284447},{"id":45479,"n":"Nettoyant Dentamyl Appareils dentaires x36","p":2.0,"img":"https://fd9-photos.leclercdrive.fr/image.ashx?id=2486799&use=l&cat=p&typeid=i","cat":285158},{"id":45480,"n":"Nettoyant menthe Dentamyl Appareils dentaires x36","p":2.19,"img":"https://fd9-photos.leclercdrive.fr/image.ashx?id=2486802&use=l&cat=p&typeid=i","cat":285158},{"id":45482,"n":"Brosse à dents Petit Dentamyl Multicoloris - 2-6 ans -  x3","p":1.47,"u":"0,49 €/P","img":"https://fd9-photos.leclercdrive.fr/image.ashx?id=1962444&use=l&cat=p&typeid=i","cat":288897},{"id":45483,"n":"Pastilles javel Clair Parfum Menthe x42 - 168g","p":1.44,"u":"8,57 €/KG","img":"https://fd9-photos.leclercdrive.fr/image.ashx?id=2631447&use=l&cat=p&typeid=i","cat":284661},{"id":45498,"n":"Sacs poubelle 30L Elembal Ultra resist - x20","p":3.25,"u":"0,16 €/P","img":"https://fd9-photos.leclercdrive.fr/image.ashx?id=2958729&use=l&cat=p&typeid=i","cat":285168},{"id":45499,"n":"Sacs poubelle 50L Elembal Ultra résist - x15","p":3.9,"u":"0,26 €/P","img":"https://fd9-photos.leclercdrive.fr/image.ashx?id=2958732&use=l&cat=p&typeid=i","cat":285168},{"id":45500,"n":"Sacs poubelle 100L Elembal Ultra résist - x10","p":3.73,"u":"0,37 €/P","img":"https://fd9-photos.leclercdrive.fr/image.ashx?id=2958735&use=l&cat=p&typeid=i","cat":285168},{"id":45540,"n":"Pizza l'Ovale Sodebo Jambon et fromages - 200g","p":1.44,"u":"7,20 €/KG","img":"https://fd9-photos.leclercdrive.fr/image.ashx?id=2407211&use=l&cat=p&typeid=i","cat":333679},{"id":45541,"n":"Pizza l'Ovale Sodebo 3 fromages fondants - 200g","p":1.69,"u":"8,45 €/KG","img":"https://fd9-photos.leclercdrive.fr/image.ashx?id=2723644&use=l&cat=p&typeid=i","cat":333679},{"id":45644,"n":"Recharge SpaWax Expert Veet Figue Sucrée et Lys Violet x6","p":5.63,"u":"37,53 €/KG","img":"https://fd9-photos.leclercdrive.fr/image.ashx?id=2854351&use=l&cat=p&typeid=i","cat":325351},{"id":45671,"n":"Chips Bret's Chèvre/piment d'espelette -125g","p":1.17,"u":"9,36 €/KG","img":"https://fd9-photos.leclercdrive.fr/image.ashx?id=1941593&use=l&cat=p&typeid=i","cat":284447},{"id":45708,"n":"Yaourt à boire Mini Yop Aromatisé Fraise - 8x100g","p":2.3,"u":"2,88 €/KG","img":"https://fd9-photos.leclercdrive.fr/image.ashx?id=2985159&use=l&cat=p&typeid=i","cat":284415},{"id":45710,"n":"Fromage Burger cheddar/emmental Président - 20 tranches - 340g","p":2.62,"u":"7,71 €/KG","img":"https://fd9-photos.leclercdrive.fr/image.ashx?id=2628239&use=l&cat=p&typeid=i","cat":314028},{"id":45712,"n":"Emmental râpé fondant Président 500g","p":4.84,"u":"9,68 €/KG","img":"https://fd9-photos.leclercdrive.fr/image.ashx?id=2489464&use=l&cat=p&typeid=i","cat":314035},{"id":45813,"n":"Cire divine Nair Monoï - 400g","p":7.68,"u":"19,20 €/KG","img":"https://fd9-photos.leclercdrive.fr/image.ashx?id=2903239&use=l&cat=p&typeid=i","cat":325351},{"id":45825,"n":"Brosse à dents pro Dentamyl Souple x2","p":0.72,"u":"0,36 €/P","img":"https://fd9-photos.leclercdrive.fr/image.ashx?id=2790979&use=l&cat=p&typeid=i","cat":284614},{"id":45826,"n":"Brosse à dents pro Dentamyl Médium x2","p":0.65,"u":"0,33 €/P","img":"https://fd9-photos.leclercdrive.fr/image.ashx?id=2790982&use=l&cat=p&typeid=i","cat":284614},{"id":45855,"n":"Whisky Clan Campbell Blended Scotch 40% vol - 1,5L","p":29.16,"u":"19,44 €/L","img":"https://fd9-photos.leclercdrive.fr/image.ashx?id=2868362&use=l&cat=p&typeid=i","cat":284547},{"id":45867,"n":"Crème dessert Mont Blanc Coupelles Chocolat - 4x125g","p":3.11,"u":"6,22 €/KG","img":"https://fd9-photos.leclercdrive.fr/image.ashx?id=2961104&use=l&cat=p&typeid=i","cat":284506},{"id":45870,"n":"Vinaigre ménager Clair 100% naturel - 1L","p":1.08,"u":"1,08 €/L","img":"https://fd9-photos.leclercdrive.fr/image.ashx?id=2779199&use=l&cat=p&typeid=i","cat":325365},{"id":45908,"n":"Biscuits fourrés Prince Chocolat - 3x300g","p":3.66,"u":"4,07 €/KG","img":"https://fd9-photos.leclercdrive.fr/image.ashx?id=3014641&use=l&cat=p&typeid=i","cat":284488},{"id":45914,"n":"Caramel beurre salé NRT De Guérande -200g","p":3.29,"u":"16,45 €/KG","img":"https://fd9-photos.leclercdrive.fr/image.ashx?id=1907759&use=l&cat=p&typeid=i","cat":284481},{"id":45923,"n":"Pur jus d'orange Bio Village Bio avec pulpe - 1L","p":3.11,"u":"3,11 €/L","img":"https://fd9-photos.leclercdrive.fr/image.ashx?id=2901542&use=l&cat=p&typeid=i","cat":284521},{"id":45965,"n":"Saucisses Knacki Herta Poulet x6 - 210g","p":1.63,"u":"7,76 €/KG","img":"https://fd9-photos.leclercdrive.fr/image.ashx?id=2290428&use=l&cat=p&typeid=i","cat":316012},{"id":46016,"n":"Chocolat Pâtissier Tablette dOr Chocolat Noir - 3x200g","p":5.31,"u":"8,85 €/KG","img":"https://fd9-photos.leclercdrive.fr/image.ashx?id=2958519&use=l&cat=p&typeid=i","cat":285562},{"id":46028,"n":"IGP Pays d'Oc Rosé Grenache Cinsault JP Chenet 12.5% BIB 3L","p":10.42,"u":"3,47 €/L","img":"https://fd9-photos.leclercdrive.fr/image.ashx?id=2941715&use=l&cat=p&typeid=i","cat":289560},{"id":46043,"n":"Barre 2 chocolats Gerlinéa  Repas minceur x10, 310g","p":5.89,"u":"19,00 €/KG","img":"https://fd9-photos.leclercdrive.fr/image.ashx?id=2638181&use=l&cat=p&typeid=i","cat":318652},{"id":46047,"n":"Sirop d'érable  250g","p":3.3,"u":"13,20 €/KG","img":"https://fd9-photos.leclercdrive.fr/image.ashx?id=2480298&use=l&cat=p&typeid=i","cat":287643},{"id":46051,"n":"Menus chat Tous mes amis Viande menus gourmands 24x100g","p":6.95,"u":"2,90 €/KG","img":"https://fd9-photos.leclercdrive.fr/image.ashx?id=2027607&use=l&cat=p&typeid=i","cat":285286},{"id":46052,"n":"Gelée pour chat Tous mes amis Poisson menus gourmands 24x100g","p":6.95,"u":"2,90 €/KG","img":"https://fd9-photos.leclercdrive.fr/image.ashx?id=2027604&use=l&cat=p&typeid=i","cat":285286},{"id":46156,"n":"Thon mariné Petit Navire Basilic - 2x110g","p":3.84,"u":"17,45 €/KG","img":"https://fd9-photos.leclercdrive.fr/image.ashx?id=2522551&use=l&cat=p&typeid=i","cat":303867},{"id":46166,"n":"Crackers bio Bio Village 3 graines - 200g","p":2.69,"u":"13,45 €/KG","img":"https://fd9-photos.leclercdrive.fr/image.ashx?id=2310504&use=l&cat=p&typeid=i","cat":297000},{"id":46381,"n":"Fromage Emmenta Les Croisés En dés - 150g","p":1.89,"u":"12,60 €/KG","img":"https://fd9-photos.leclercdrive.fr/image.ashx?id=2422550&use=l&cat=p&typeid=i","cat":314027},{"id":46433,"n":"Poivrons Tradizioni D'italia  Grillés/huile d'olive - 280g","p":3.49,"u":"12,46 €/KG","img":"https://fd9-photos.leclercdrive.fr/image.ashx?id=2840046&use=l&cat=p&typeid=i","cat":312608},{"id":46462,"n":"Mini coudes Turini 500g","p":0.99,"u":"1,98 €/KG","img":"https://fd9-photos.leclercdrive.fr/image.ashx?id=2607566&use=l&cat=p&typeid=i","cat":284427},{"id":46470,"n":"IGP Penne rigate Garofalo  - 500g","p":1.59,"u":"3,18 €/KG","img":"https://fd9-photos.leclercdrive.fr/image.ashx?id=3011893&use=l&cat=p&typeid=i","cat":284427},{"id":46471,"n":"IGP Pâte Garofalo  Linguine - 500g","p":1.69,"u":"3,38 €/KG","img":"https://fd9-photos.leclercdrive.fr/image.ashx?id=3005347&use=l&cat=p&typeid=i","cat":284427},{"id":46472,"n":"Pandoro Tradizioni D'italia 500g","p":5.99,"u":"11,98 €/KG","img":"https://fd9-photos.leclercdrive.fr/image.ashx?id=2743924&use=l&cat=p&typeid=i","cat":293600},{"id":46525,"n":"Brosse à dents pro Dentamyl Souple x1","p":1.32,"img":"https://fd9-photos.leclercdrive.fr/image.ashx?id=2790985&use=l&cat=p&typeid=i","cat":284614},{"id":46528,"n":"Fil dentaire  menthe Dentamyl Ultra résistant  archet  - x50","p":2.05,"img":"https://fd9-photos.leclercdrive.fr/image.ashx?id=2440721&use=l&cat=p&typeid=i","cat":285159},{"id":46540,"n":"Croquette chat stérilisé Ultima Poulet - Sénior +10 ans - 1.5kg","p":6.96,"u":"4,64 €/KG","img":"https://fd9-photos.leclercdrive.fr/image.ashx?id=2922227&use=l&cat=p&typeid=i","cat":284680},{"id":46545,"n":"Croquettes chiens adulte Ultima Medium/maxi - poulet - 2kg","p":6.63,"u":"3,32 €/KG","img":"https://fd9-photos.leclercdrive.fr/image.ashx?id=2902181&use=l&cat=p&typeid=i","cat":284672},{"id":46667,"n":"Monster Munch Salé - 135g","p":1.36,"u":"10,07 €/KG","img":"https://fd9-photos.leclercdrive.fr/image.ashx?id=2996935&use=l&cat=p&typeid=i","cat":284449},{"id":46703,"n":"Spray désodorisant Airwick  Pure Douceur de Coton - 250ml","p":2.81,"u":"11,24 €/L","img":"https://fd9-photos.leclercdrive.fr/image.ashx?id=2858600&use=l&cat=p&typeid=i","cat":311626},{"id":46766,"n":"Saucisson nougat Montelimar - 250g","p":6.99,"u":"27,96 €/KG","img":"https://fd9-photos.leclercdrive.fr/image.ashx?id=2489368&use=l&cat=p&typeid=i","cat":327605},{"id":46863,"n":"AOP Saint Mont rouge Marquis de Seillan - BIB 3L","p":18.94,"u":"6,31 €/L","img":"https://fd9-photos.leclercdrive.fr/image.ashx?id=2800372&use=l&cat=p&typeid=i","cat":289560},{"id":46864,"n":"AOP Saint Mont rosé Marquis de Seillan - 3L","p":18.94,"u":"6,31 €/L","img":"https://fd9-photos.leclercdrive.fr/image.ashx?id=2800375&use=l&cat=p&typeid=i","cat":289560},{"id":46875,"n":"Crème dessert Mont Blanc Coupelles Caramel - 4x125g","p":3.22,"u":"6,44 €/KG","img":"https://fd9-photos.leclercdrive.fr/image.ashx?id=3011002&use=l&cat=p&typeid=i","cat":284506},{"id":46982,"n":"Cookies gros éclats Granola Chocolat - 276g","p":2.41,"u":"8,73 €/KG","img":"https://fd9-photos.leclercdrive.fr/image.ashx?id=3005335&use=l&cat=p&typeid=i","cat":325066},{"id":46984,"n":"Café et Chicorée Soluble Ricoré  Original Recharge - 180g","p":3.79,"u":"21,06 €/KG","img":"https://fd9-photos.leclercdrive.fr/image.ashx?id=2980112&use=l&cat=p&typeid=i","cat":284843},{"id":47059,"n":"Flammekueche Kauffer's Au roquefort - 2x250g","p":6.9,"u":"13,80 €/KG","img":"https://fd9-photos.leclercdrive.fr/image.ashx?id=1617884&use=l&cat=p&typeid=i","cat":284257},{"id":47125,"n":"Cidre bouché rosé Envie de rose 2.5%vol. - 75cl","p":2.49,"u":"3,32 €/L","img":"https://fd9-photos.leclercdrive.fr/image.ashx?id=2908984&use=l&cat=p&typeid=i","cat":334880},{"id":47127,"n":"Bière Red Desperados 5.9%vol. - 6x33cl","p":8.8,"u":"4,44 €/L","img":"https://fd9-photos.leclercdrive.fr/image.ashx?id=2766229&use=l&cat=p&typeid=i","cat":334878},{"id":47128,"n":"Vin Union Européenne rouge Le Tonnelier - BIB 5L","p":8.5,"u":"1,70 €/L","img":"https://fd9-photos.leclercdrive.fr/image.ashx?id=2107468&use=l&cat=p&typeid=i","cat":289560},{"id":47129,"n":"Vin Union Européenne rouge Cabernet Sauvignon - BIB 5L","p":12.9,"u":"2,58 €/L","img":"https://fd9-photos.leclercdrive.fr/image.ashx?id=2476491&use=l&cat=p&typeid=i","cat":289560},{"id":47132,"n":"IGP Pays d'Oc blanc Les Ormes De Cambras Sauvignon 12% BIB 5L","p":16.03,"u":"3,21 €/L","img":"https://fd9-photos.leclercdrive.fr/image.ashx?id=2192389&use=l&cat=p&typeid=i","cat":289557},{"id":47169,"n":"Sacs poubelle 10L Elembal Salle de bain - x20","p":0.8,"u":"0,04 €/P","img":"https://fd9-photos.leclercdrive.fr/image.ashx?id=2793239&use=l&cat=p&typeid=i","cat":285168},{"id":47176,"n":"Déodorant Spray Femme Nivea Black&White Original - 200ml","p":2.65,"u":"13,25 €/L","img":"https://fd9-photos.leclercdrive.fr/image.ashx?id=2980031&use=l&cat=p&typeid=i","cat":284595},{"id":47180,"n":"Gel douche enfant Tahiti Fruits exotiques - 300ml","p":1.92,"u":"6,40 €/L","img":"https://fd9-photos.leclercdrive.fr/image.ashx?id=2687332&use=l&cat=p&typeid=i","cat":284594},{"id":47253,"n":"Escalope de dinde Le Gaulois x6 - 720g","p":10.95,"u":"15,21 €/KG","img":"https://fd9-photos.leclercdrive.fr/image.ashx?id=2405506&use=l&cat=p&typeid=i","cat":284337},{"id":47254,"n":"Pâtes Coudes Rayés Turini 1kg","p":1.75,"u":"1,75 €/KG","img":"https://fd9-photos.leclercdrive.fr/image.ashx?id=2980812&use=l&cat=p&typeid=i","cat":284427},{"id":47255,"n":"Pâtes linguine Turini  500g","p":0.91,"u":"1,82 €/KG","img":"https://fd9-photos.leclercdrive.fr/image.ashx?id=2607554&use=l&cat=p&typeid=i","cat":284427},{"id":47256,"n":"Pâtes Farfalles Turini  1kg","p":1.2,"u":"1,20 €/KG","img":"https://fd9-photos.leclercdrive.fr/image.ashx?id=2665574&use=l&cat=p&typeid=i","cat":284427},{"id":47258,"n":"Pâtes coquillettes Turini Blé complet  - 500g","p":1.09,"u":"2,18 €/KG","img":"https://fd9-photos.leclercdrive.fr/image.ashx?id=2607563&use=l&cat=p&typeid=i","cat":284427},{"id":47259,"n":"Pistaches Tokapi  Grillées à sec - 75g","p":1.65,"u":"22,00 €/KG","img":"https://fd9-photos.leclercdrive.fr/image.ashx?id=2795571&use=l&cat=p&typeid=i","cat":284448},{"id":47281,"n":"Piles rechargeables Energizer Power plus AAA/LR3 - x4 piles","p":14.45,"u":"3,61 €/P","img":"https://fd9-photos.leclercdrive.fr/image.ashx?id=2748629&use=l&cat=p&typeid=i","cat":300572},{"id":47290,"n":"Piles Energizer lr44/A76 - x4","p":5.67,"img":"https://fd9-photos.leclercdrive.fr/image.ashx?id=2024972&use=l&cat=p&typeid=i","cat":300572},{"id":47359,"n":"Sandwich Mega Club Sodebo  Pain Complet Poulet Mayo - 230g","p":1.8,"u":"7,83 €/KG","img":"https://fd9-photos.leclercdrive.fr/image.ashx?id=2960156&use=l&cat=p&typeid=i","cat":333658},{"id":47360,"n":"Fromage à tartiner Madame Loïk Fouetté Ail Fines Herbes - 150g","p":1.78,"u":"11,87 €/KG","img":"https://fd9-photos.leclercdrive.fr/image.ashx?id=2948021&use=l&cat=p&typeid=i","cat":314029},{"id":47404,"n":"Eau gazeuse aromatisée Badoit citron sans sucres - 6x50cl","p":3.27,"u":"1,09 €/L","img":"https://fd9-photos.leclercdrive.fr/image.ashx?id=2730643&use=l&cat=p&typeid=i","cat":284536},{"id":47438,"n":"Chewing-gum Freedent White  Bubble menthe 5x10  - 70g","p":2.28,"u":"32,57 €/KG","img":"https://fd9-photos.leclercdrive.fr/image.ashx?id=1934997&use=l&cat=p&typeid=i","cat":304251},{"id":47474,"n":"Thon entier Le Savoureux À l'huile d'olive - 2x160g","p":6.48,"u":"20,25 €/KG","img":"https://fd9-photos.leclercdrive.fr/image.ashx?id=2170520&use=l&cat=p&typeid=i","cat":303867},{"id":47493,"n":"Tablette chocolat au lait Milka Morceaux de Oreo -  3x100g","p":4.17,"u":"13,90 €/KG","img":"https://fd9-photos.leclercdrive.fr/image.ashx?id=2617081&use=l&cat=p&typeid=i","cat":284497},{"id":47494,"n":"Tablette chocolat au lait Milka Eclats de caramel Daim - 3x100g","p":4.17,"u":"13,90 €/KG","img":"https://fd9-photos.leclercdrive.fr/image.ashx?id=2617084&use=l&cat=p&typeid=i","cat":284497},{"id":47540,"n":"Bonbons  Werther's Original Caramel choc - 180g","p":2.39,"u":"13,28 €/KG","img":"https://fd9-photos.leclercdrive.fr/image.ashx?id=2660170&use=l&cat=p&typeid=i","cat":304252},{"id":47542,"n":"Starmint Haribo Sachet bonbons menthe - 200g","p":1.34,"u":"6,70 €/KG","img":"https://fd9-photos.leclercdrive.fr/image.ashx?id=2984889&use=l&cat=p&typeid=i","cat":304252},{"id":47563,"n":"Macédoine de Légumes Bonduelle 265g","p":0.94,"u":"3,55 €/KG","img":"https://fd9-photos.leclercdrive.fr/image.ashx?id=2910007&use=l&cat=p&typeid=i","cat":312612},{"id":47592,"n":"Crêpe fourrée Whaou Cracky choco x8 - 256g","p":2.32,"u":"9,06 €/KG","img":"https://fd9-photos.leclercdrive.fr/image.ashx?id=2971029&use=l&cat=p&typeid=i","cat":284494},{"id":47593,"n":"Yaourts Mamie Nova Chocolat - 2x150g","p":1.27,"u":"4,23 €/KG","img":"https://fd9-photos.leclercdrive.fr/image.ashx?id=2909029&use=l&cat=p&typeid=i","cat":285041},{"id":47648,"n":"Filets de maquereaux Saupiquet Vin blanc et aromates - 176g","p":2.01,"u":"11,42 €/KG","img":"https://fd9-photos.leclercdrive.fr/image.ashx?id=2829967&use=l&cat=p&typeid=i","cat":303868},{"id":47657,"n":"Bâtonnets Dentastix Pedigree Grand chien x56 - 2160g","p":17.63,"u":"8,16 €/KG","img":"https://fd9-photos.leclercdrive.fr/image.ashx?id=2980064&use=l&cat=p&typeid=i","cat":294527},{"id":47681,"n":"Sauce pizza Turini aux tomates et origan - 390g","p":0.99,"u":"2,54 €/KG","img":"https://fd9-photos.leclercdrive.fr/image.ashx?id=2412025&use=l&cat=p&typeid=i","cat":288384},{"id":47686,"n":"Fromage Spécialité Babybel Maxi - 200g","p":2.14,"u":"10,70 €/KG","img":"https://fd9-photos.leclercdrive.fr/image.ashx?id=2806913&use=l&cat=p&typeid=i","cat":314030},{"id":47693,"n":"AOP Saint-Émilion vin rouge Chantet Blanet - 75cl","p":8.95,"u":"11,93 €/L","img":"https://fd9-photos.leclercdrive.fr/image.ashx?id=2848493&use=l&cat=p&typeid=i","cat":289556},{"id":47698,"n":"AOC Madiran vin rouge  Terrasses d'Autan - 75cl","p":4.49,"u":"5,99 €/L","img":"https://fd9-photos.leclercdrive.fr/image.ashx?id=2800270&use=l&cat=p&typeid=i","cat":289556},{"id":47702,"n":"Sirop La Maison Guiot Violette - 70cl","p":3.11,"u":"4,44 €/L","img":"https://fd9-photos.leclercdrive.fr/image.ashx?id=2014832&use=l&cat=p&typeid=i","cat":295020},{"id":47718,"n":"Boisson gourmande PAGO Cocktail Tropical Vitaminé - 75cl","p":1.87,"u":"2,49 €/L","img":"https://fd9-photos.leclercdrive.fr/image.ashx?id=2861854&use=l&cat=p&typeid=i","cat":284917},{"id":47722,"n":"Compotes Pom'Potes Gourdes  Pomme Nature - 12x90g","p":4.7,"u":"4,35 €/KG","img":"https://fd9-photos.leclercdrive.fr/image.ashx?id=2968082&use=l&cat=p&typeid=i","cat":284508},{"id":47790,"n":"Crottin poitevin NRT Fromage de chèvre - 2x60g","p":3.1,"u":"25,83 €/KG","img":"https://fd9-photos.leclercdrive.fr/image.ashx?id=2932432&use=l&cat=p&typeid=i","cat":314031},{"id":47794,"n":"Fromage Tomme de Savoie NRT IGP 300g","p":4.29,"u":"14,30 €/KG","img":"https://fd9-photos.leclercdrive.fr/image.ashx?id=2934835&use=l&cat=p&typeid=i","cat":329184},{"id":47795,"n":"Papier toilette humide Lotus Aloe Douceur - x42 feuilles","p":1.76,"u":"0,04 €/P","img":"https://fd9-photos.leclercdrive.fr/image.ashx?id=2864840&use=l&cat=p&typeid=i","cat":284634},{"id":47796,"n":"Papier toilette humide Lotus Pure - x42 feuilles","p":1.65,"u":"0,04 €/P","img":"https://fd9-photos.leclercdrive.fr/image.ashx?id=2866070&use=l&cat=p&typeid=i","cat":284634},{"id":47841,"n":"Crème glacée l'Angélys Café - 450g","p":5.22,"u":"11,60 €/KG","img":"https://fd9-photos.leclercdrive.fr/image.ashx?id=2963568&use=l&cat=p&typeid=i","cat":284263},{"id":47843,"n":"Cordon bleu poulet Maître Coq 1kg","p":6.31,"u":"6,31 €/KG","img":"https://fd9-photos.leclercdrive.fr/image.ashx?id=2939475&use=l&cat=p&typeid=i","cat":319780},{"id":47864,"n":"Apéritif rouge Lillet 17%vol - 75 cl","p":12.2,"u":"16,27 €/L","img":"https://fd9-photos.leclercdrive.fr/image.ashx?id=2877712&use=l&cat=p&typeid=i","cat":284913},{"id":47865,"n":"Apéritif Lillet Rosé à base de vin 17% vol 75cl","p":12.59,"u":"16,79 €/L","img":"https://fd9-photos.leclercdrive.fr/image.ashx?id=2946493&use=l&cat=p&typeid=i","cat":304569},{"id":47927,"n":"Blinis Cocktail Blini x16 - 135g","p":1.87,"u":"13,85 €/KG","img":"https://fd9-photos.leclercdrive.fr/image.ashx?id=2947952&use=l&cat=p&typeid=i","cat":285191},{"id":47936,"n":"Saumon fumé de  l'atlantique   200g","p":5.55,"u":"27,75 €/KG","img":"https://fd9-photos.leclercdrive.fr/image.ashx?id=2506137&use=l&cat=p&typeid=i","cat":285188},{"id":48029,"n":"Sirop Moulin de Valdonne Pêche blanche - 70cl","p":2.93,"u":"4,19 €/L","img":"https://fd9-photos.leclercdrive.fr/image.ashx?id=2842678&use=l&cat=p&typeid=i","cat":295020},{"id":48055,"n":"Hachis parmentier Marie  1kg","p":5.54,"u":"5,54 €/KG","img":"https://fd9-photos.leclercdrive.fr/image.ashx?id=2993385&use=l&cat=p&typeid=i","cat":284254},{"id":48117,"n":"Sailor Jerry Boisson à base de Rhum - 40% - 70cl","p":18.51,"u":"26,44 €/L","img":"https://fd9-photos.leclercdrive.fr/image.ashx?id=2506645&use=l&cat=p&typeid=i","cat":284551},{"id":48118,"n":"Whisky Glenmorangie Original 10ans - 40%vol - 70cl","p":31.56,"u":"45,09 €/L","img":"https://fd9-photos.leclercdrive.fr/image.ashx?id=2525408&use=l&cat=p&typeid=i","cat":284547},{"id":48128,"n":"Sachets congélation Alfapac Grand modèle x25","p":1.95,"u":"0,08 €/P","img":"https://fd9-photos.leclercdrive.fr/image.ashx?id=2918697&use=l&cat=p&typeid=i","cat":334134},{"id":48167,"n":"Dosettes café Plantation  Doux - x36 - 250g","p":3.83,"u":"15,32 €/KG","img":"https://fd9-photos.leclercdrive.fr/image.ashx?id=2622121&use=l&cat=p&typeid=i","cat":293238},{"id":48179,"n":"Tendre de boeuf Charal  240g","p":6.57,"u":"27,38 €/KG","img":"https://fd9-photos.leclercdrive.fr/image.ashx?id=2915958&use=l&cat=p&typeid=i","cat":284328},{"id":48200,"n":"Rillettes de poulet rôti Bordeau Chesnel - 220g","p":2.35,"u":"10,68 €/KG","img":"https://fd9-photos.leclercdrive.fr/image.ashx?id=2855046&use=l&cat=p&typeid=i","cat":316008},{"id":48226,"n":"Petit Pois, Carotte Cassegrain Tendres et Fondants 130g","p":1.24,"u":"9,54 €/KG","img":"https://fd9-photos.leclercdrive.fr/image.ashx?id=2912977&use=l&cat=p&typeid=i","cat":312607},{"id":48255,"n":"Recharge EasyWax Expert Veet Bras Jambes Peaux Normales 50ml","p":7.11,"u":"142,20 €/L","img":"https://fd9-photos.leclercdrive.fr/image.ashx?id=2970789&use=l&cat=p&typeid=i","cat":325351},{"id":48258,"n":"Croquettes chat Ultima Stérilisé - Saumon - 3kg","p":11.32,"u":"3,77 €/KG","img":"https://fd9-photos.leclercdrive.fr/image.ashx?id=2922221&use=l&cat=p&typeid=i","cat":284680},{"id":48267,"n":"Rhum ambré Saint James 45%vol - 70cl","p":14.58,"u":"20,83 €/L","img":"https://fd9-photos.leclercdrive.fr/image.ashx?id=2970945&use=l&cat=p&typeid=i","cat":284550},{"id":48306,"n":"IGP Pays d'Oc rosé Grenache Les Ormes de Cambras 11.5% 75cl","p":3.15,"u":"4,20 €/L","img":"https://fd9-photos.leclercdrive.fr/image.ashx?id=2285234&use=l&cat=p&typeid=i","cat":289558},{"id":48307,"n":"IGP Pays d'Oc rosé Grenache Les Ormes de Cambras - BIB 5L","p":16.2,"u":"3,24 €/L","img":"https://fd9-photos.leclercdrive.fr/image.ashx?id=2489458&use=l&cat=p&typeid=i","cat":289560},{"id":48310,"n":"Concentré à diluer Pulco Citron vert - 70cl","p":2.55,"u":"3,64 €/L","img":"https://fd9-photos.leclercdrive.fr/image.ashx?id=2686630&use=l&cat=p&typeid=i","cat":295020},{"id":48311,"n":"Concentré à diluer Pulco Orange Citron - 70cl","p":2.6,"u":"3,71 €/L","img":"https://fd9-photos.leclercdrive.fr/image.ashx?id=2686633&use=l&cat=p&typeid=i","cat":295020},{"id":48314,"n":"Spécialité laitière Délisse Oncteux Stracciatella - 4x120g","p":1.76,"u":"3,67 €/KG","img":"https://fd9-photos.leclercdrive.fr/image.ashx?id=2554834&use=l&cat=p&typeid=i","cat":314999},{"id":48315,"n":"Riz au lait Délisse Sur lit de caramel - 4x115g","p":1.69,"u":"3,67 €/KG","img":"https://fd9-photos.leclercdrive.fr/image.ashx?id=2595110&use=l&cat=p&typeid=i","cat":284418},{"id":48339,"n":"Chocolat au lait Lindt  Praliné Noisette - 100g","p":2.03,"u":"20,30 €/KG","img":"https://fd9-photos.leclercdrive.fr/image.ashx?id=2751321&use=l&cat=p&typeid=i","cat":284497},{"id":48348,"n":"Chocolat au lait Lindt Création Caramel - 150g","p":3.03,"u":"20,20 €/KG","img":"https://fd9-photos.leclercdrive.fr/image.ashx?id=2685814&use=l&cat=p&typeid=i","cat":284497},{"id":48352,"n":"Tablette de chocolat noir Lindt Orange intense - 100g","p":2.22,"u":"22,20 €/KG","img":"https://fd9-photos.leclercdrive.fr/image.ashx?id=2689496&use=l&cat=p&typeid=i","cat":284956},{"id":48353,"n":"Tablette de chocolat noir Lindt 70% cacao - 100g","p":2.22,"u":"22,20 €/KG","img":"https://fd9-photos.leclercdrive.fr/image.ashx?id=2681592&use=l&cat=p&typeid=i","cat":284956},{"id":48354,"n":"Tablette de chocolat noir Lindt 85% cacao - 100g","p":2.22,"u":"22,20 €/KG","img":"https://fd9-photos.leclercdrive.fr/image.ashx?id=2681589&use=l&cat=p&typeid=i","cat":284956},{"id":48355,"n":"Tablette de chocolat noir Lindt Caramel Pointe de sel - 100g","p":2.22,"u":"22,20 €/KG","img":"https://fd9-photos.leclercdrive.fr/image.ashx?id=2689493&use=l&cat=p&typeid=i","cat":284956},{"id":48373,"n":"Démélant Petit Manava Pour enfants, spray - 200ml","p":2.05,"u":"10,25 €/L","img":"https://fd9-photos.leclercdrive.fr/image.ashx?id=2713655&use=l&cat=p&typeid=i","cat":284608},{"id":48378,"n":"Café moulu Jacques Vabre Brésil 100% Arabica - 250g","p":4.47,"u":"17,88 €/KG","img":"https://fd9-photos.leclercdrive.fr/image.ashx?id=2100380&use=l&cat=p&typeid=i","cat":284750},{"id":48383,"n":"Gel Lubrifiant Massage 2 en 1 Durex Sensuel Ylang Ylang 200ml","p":6.99,"u":"34,95 €/L","img":"https://fd9-photos.leclercdrive.fr/image.ashx?id=2736562&use=l&cat=p&typeid=i","cat":285160},{"id":48419,"n":"AOP Alsace Riesling blanc Wolfberger - 75cl","p":7.05,"u":"9,40 €/L","img":"https://fd9-photos.leclercdrive.fr/image.ashx?id=2905357&use=l&cat=p&typeid=i","cat":289557},{"id":48421,"n":"AOP Alsace Gewurztraminer blanc Wolfberger 13,5% - 75cl","p":7.85,"pp":5.89,"u":"7,85 €/L","img":"https://fd9-photos.leclercdrive.fr/image.ashx?id=2936368&use=l&cat=p&typeid=i","cat":289557},{"id":48477,"n":"Mélange Ducros Pour poulet Tandoori - 20g","p":1.55,"u":"77,50 €/KG","img":"https://fd9-photos.leclercdrive.fr/image.ashx?id=2486931&use=l&cat=p&typeid=i","cat":298297},{"id":48511,"n":"Menagère poivre blanc  Ducros N° 8 - 90g","p":4.27,"u":"47,44 €/KG","img":"https://fd9-photos.leclercdrive.fr/image.ashx?id=2559481&use=l&cat=p&typeid=i","cat":284457},{"id":48513,"n":"Poivre noir n°6 Ducros Grains - 90g","p":3.65,"u":"40,56 €/KG","img":"https://fd9-photos.leclercdrive.fr/image.ashx?id=2473336&use=l&cat=p&typeid=i","cat":284457},{"id":48523,"n":"Romarin Sainte Lucie Feuilles coupées - 32g","p":1.75,"u":"54,69 €/KG","img":"https://fd9-photos.leclercdrive.fr/image.ashx?id=2775092&use=l&cat=p&typeid=i","cat":298297},{"id":48525,"n":"Tomato Ketchup Heinz - 700g","p":2.63,"u":"3,76 €/KG","img":"https://fd9-photos.leclercdrive.fr/image.ashx?id=2729326&use=l&cat=p&typeid=i","cat":284455},{"id":48575,"n":"Lasagnes bolognaise bio HippBio 250g","p":2.46,"u":"9,84 €/KG","img":"https://fd9-photos.leclercdrive.fr/image.ashx?id=2929080&use=l&cat=p&typeid=i","cat":312238},{"id":48589,"n":"Lait bébé poudre Gallia Calisma croissance Dès 12 mois 1,2kg","p":15.52,"u":"12,93 €/KG","img":"https://fd9-photos.leclercdrive.fr/image.ashx?id=2973553&use=l&cat=p&typeid=i","cat":290219},{"id":48595,"n":"Gourdes Bio bébé Hipp 4 variétés - 6 mois - 8x90g","p":6.78,"u":"9,42 €/KG","img":"https://fd9-photos.leclercdrive.fr/image.ashx?id=2904416&use=l&cat=p&typeid=i","cat":312393},{"id":48596,"n":"Gourdes Bio bébé Hipp  4 variétés - 8x90g","p":7.34,"u":"10,19 €/KG","img":"https://fd9-photos.leclercdrive.fr/image.ashx?id=3000357&use=l&cat=p&typeid=i","cat":312393},{"id":48598,"n":"Cannelloni bio Hipp Bio Aux légumes - 250g","p":2.21,"u":"8,84 €/KG","img":"https://fd9-photos.leclercdrive.fr/image.ashx?id=2929083&use=l&cat=p&typeid=i","cat":312238},{"id":48603,"n":"Farine de blé Francine 1,4kg","p":1.54,"u":"1,10 €/KG","img":"https://fd9-photos.leclercdrive.fr/image.ashx?id=2881308&use=l&cat=p&typeid=i","cat":284503},{"id":48604,"n":"Farine fluide Francine 1.4kg","p":1.61,"u":"1,15 €/KG","img":"https://fd9-photos.leclercdrive.fr/image.ashx?id=2881305&use=l&cat=p&typeid=i","cat":284503},{"id":48611,"n":"Plat bébé soir Blédiner 12 mois Pâtes légumes - 2x200g","p":2.33,"u":"5,83 €/KG","img":"https://fd9-photos.leclercdrive.fr/image.ashx?id=2975068&use=l&cat=p&typeid=i","cat":312239},{"id":48646,"n":"Soda à l'orange Orangina Sans Sucres - 6x33cl","p":3.6,"u":"1,82 €/L","img":"https://fd9-photos.leclercdrive.fr/image.ashx?id=2946931&use=l&cat=p&typeid=i","cat":284532},{"id":48698,"n":"Croquettes chat Purina One Stérilisé/Intérieur-Poulet1.5kg","p":7.67,"u":"5,11 €/KG","img":"https://fd9-photos.leclercdrive.fr/image.ashx?id=2681257&use=l&cat=p&typeid=i","cat":284680},{"id":48704,"n":"Boîte chat Whiskas Gelée du pêcheur - 4x390g","p":4.61,"u":"2,96 €/KG","img":"https://fd9-photos.leclercdrive.fr/image.ashx?id=2759622&use=l&cat=p&typeid=i","cat":285601},{"id":48715,"n":"Poires demi-fruits Eco+ Sirop léger - 455 g","p":1.67,"u":"3,67 €/KG","img":"https://fd9-photos.leclercdrive.fr/image.ashx?id=2783008&use=l&cat=p&typeid=i","cat":284507},{"id":48720,"n":"Poêlée parisienne D'aucy  580g","p":3.06,"u":"5,28 €/KG","img":"https://fd9-photos.leclercdrive.fr/image.ashx?id=2835256&use=l&cat=p&typeid=i","cat":312612},{"id":48725,"n":"Légumes pour Couscous D'Aucy Orientale - 800g","p":1.72,"u":"2,15 €/KG","img":"https://fd9-photos.leclercdrive.fr/image.ashx?id=2577800&use=l&cat=p&typeid=i","cat":312612},{"id":48745,"n":"Chocolat Pâtissier Nestlé Dessert Lait - 170g","p":2.99,"u":"17,59 €/KG","img":"https://fd9-photos.leclercdrive.fr/image.ashx?id=2961242&use=l&cat=p&typeid=i","cat":285562},{"id":48806,"n":"Tomates pelées bio Jardin Bio - 480g","p":2.56,"u":"5,33 €/KG","img":"https://fd9-photos.leclercdrive.fr/image.ashx?id=2535571&use=l&cat=p&typeid=i","cat":288384},{"id":48807,"n":"Tartines bio Jardin Bio  Craquantes avoine - 150g","p":2.41,"u":"16,07 €/KG","img":"https://fd9-photos.leclercdrive.fr/image.ashx?id=2849187&use=l&cat=p&typeid=i","cat":318654},{"id":48809,"n":"Tartines bio Jardin Bio Craquantes au sarrasin - 300g","p":3.76,"u":"12,53 €/KG","img":"https://fd9-photos.leclercdrive.fr/image.ashx?id=2535562&use=l&cat=p&typeid=i","cat":284479},{"id":48823,"n":"Haché Végétal bio Céréal Bio Façon Bolognaise au Soja 250g","p":2.63,"u":"10,52 €/KG","img":"https://fd9-photos.leclercdrive.fr/image.ashx?id=2575090&use=l&cat=p&typeid=i","cat":287600},{"id":48843,"n":"Préparation gâteau Nestlé Fondant chocolat - 317g","p":3.92,"u":"12,37 €/KG","img":"https://fd9-photos.leclercdrive.fr/image.ashx?id=2848379&use=l&cat=p&typeid=i","cat":284505},{"id":48846,"n":"Purée tomate bio Jardin Bio 200g","p":0.83,"u":"4,15 €/KG","img":"https://fd9-photos.leclercdrive.fr/image.ashx?id=2535034&use=l&cat=p&typeid=i","cat":288384},{"id":48854,"n":"Jus de carotte Le jardin Bio Origine France - 75cl","p":2.83,"u":"3,77 €/L","img":"https://fd9-photos.leclercdrive.fr/image.ashx?id=2743463&use=l&cat=p&typeid=i","cat":284523},{"id":48870,"n":"Infusion bio Jardin Bio Thym de France x20 - 28g","p":2.46,"u":"87,86 €/KG","img":"https://fd9-photos.leclercdrive.fr/image.ashx?id=2792840&use=l&cat=p&typeid=i","cat":293234},{"id":48875,"n":"Décor pour gateaux Vahiné Spécial anniversaire - x1","p":1.58,"img":"https://fd9-photos.leclercdrive.fr/image.ashx?id=2833345&use=l&cat=p&typeid=i","cat":284504},{"id":48877,"n":"Récré O'lé Mont Blanc - 12x85g Choco/Caramel/Biscuit/Brownie","p":5.75,"u":"5,64 €/KG","img":"https://fd9-photos.leclercdrive.fr/image.ashx?id=3011608&use=l&cat=p&typeid=i","cat":284506},{"id":48878,"n":"Jus Le Jardin Bio Pruneaux - 75cl","p":3.91,"u":"5,21 €/L","img":"https://fd9-photos.leclercdrive.fr/image.ashx?id=2669190&use=l&cat=p&typeid=i","cat":284915},{"id":48879,"n":"Purée de piment Tables du Monde - 100g","p":1.19,"u":"11,90 €/KG","img":"https://fd9-photos.leclercdrive.fr/image.ashx?id=2679744&use=l&cat=p&typeid=i","cat":288992},{"id":48993,"n":"Sauce Samouraï Colona Tube - 500ml","p":3.04,"u":"6,08 €/L","img":"https://fd9-photos.leclercdrive.fr/image.ashx?id=2687167&use=l&cat=p&typeid=i","cat":318431},{"id":49050,"n":"Boisson gazeuse Sprink's Sans alcool - Mojito - 1.5L","p":1.75,"u":"1,17 €/L","img":"https://fd9-photos.leclercdrive.fr/image.ashx?id=2925976&use=l&cat=p&typeid=i","cat":284531},{"id":49055,"n":"Steak haché charolais 15% MG Férial - 250g","p":4.99,"u":"19,96 €/KG","img":"https://fd9-photos.leclercdrive.fr/image.ashx?id=2903983&use=l&cat=p&typeid=i","cat":284332},{"id":49059,"n":"Piles Tech+ Foxter AAA/LR3 1,5V - x8","p":2.99,"img":"https://fd9-photos.leclercdrive.fr/image.ashx?id=2162327&use=l&cat=p&typeid=i","cat":300572},{"id":49077,"n":"Biscuit P'tit Deli  Chocolat lait - 150g","p":1.58,"u":"10,53 €/KG","img":"https://fd9-photos.leclercdrive.fr/image.ashx?id=2529605&use=l&cat=p&typeid=i","cat":284488},{"id":49078,"n":"Gaufrette P'tit Déli  Chocolat lait - 125g","p":1.29,"u":"10,32 €/KG","img":"https://fd9-photos.leclercdrive.fr/image.ashx?id=2858839&use=l&cat=p&typeid=i","cat":284490},{"id":49079,"n":"Petites madeleines P'tit Deli  Pépites de chocolat - 400g","p":1.69,"u":"4,23 €/KG","img":"https://fd9-photos.leclercdrive.fr/image.ashx?id=2999511&use=l&cat=p&typeid=i","cat":284492},{"id":49080,"n":"Gâteau fourré fraise P'tit Deli Lapin - 140g","p":1.14,"u":"8,14 €/KG","img":"https://fd9-photos.leclercdrive.fr/image.ashx?id=2671411&use=l&cat=p&typeid=i","cat":284495},{"id":49082,"n":"Gâteau fourré P'tit Deli Tout chocolat, lapin - 140g","p":1.3,"u":"9,29 €/KG","img":"https://fd9-photos.leclercdrive.fr/image.ashx?id=2211200&use=l&cat=p&typeid=i","cat":284495},{"id":49083,"n":"Biscuit palmier feuilleté Eco+ 100g","p":0.42,"u":"4,20 €/KG","img":"https://fd9-photos.leclercdrive.fr/image.ashx?id=2768016&use=l&cat=p&typeid=i","cat":284487},{"id":49131,"n":"Gin Bombay Sapphire 40° - 70cl","p":22.33,"u":"31,90 €/L","img":"https://fd9-photos.leclercdrive.fr/image.ashx?id=2842879&use=l&cat=p&typeid=i","cat":284550},{"id":49254,"n":"Gelifiant Vahiné Agar Agar - 8g","p":2.41,"u":"301,25 €/KG","img":"https://fd9-photos.leclercdrive.fr/image.ashx?id=2833342&use=l&cat=p&typeid=i","cat":284504},{"id":49282,"n":"Tablette de chocolat noir Lindt Zeste de citron vert - 100g","p":2.32,"u":"23,20 €/KG","img":"https://fd9-photos.leclercdrive.fr/image.ashx?id=2608160&use=l&cat=p&typeid=i","cat":284956},{"id":49288,"n":"Bols soir bébé bio Babybio Pâtes - 8 mois - 2x200g","p":2.78,"u":"6,95 €/KG","img":"https://fd9-photos.leclercdrive.fr/image.ashx?id=2838344&use=l&cat=p&typeid=i","cat":312239},{"id":49294,"n":"Cotons Démaquillants Demak'Up Original - x105","p":1.5,"u":"0,01 €/P","img":"https://fd9-photos.leclercdrive.fr/image.ashx?id=2745274&use=l&cat=p&typeid=i","cat":284636},{"id":49296,"n":"Barre Chocolat au Lait Lion x10 barres - 420g","p":3.73,"u":"8,88 €/KG","img":"https://fd9-photos.leclercdrive.fr/image.ashx?id=2736988&use=l&cat=p&typeid=i","cat":284498},{"id":49298,"n":"Biscuits croquant Nutella &Go! Pâte à tartiner x2 packs - 104g","p":2.19,"u":"21,06 €/KG","img":"https://fd9-photos.leclercdrive.fr/image.ashx?id=2737240&use=l&cat=p&typeid=i","cat":284488},{"id":49327,"n":"Déodorant Bille Homme Nivea Men Black&White Original - 50ml","p":1.98,"u":"39,60 €/L","img":"https://fd9-photos.leclercdrive.fr/image.ashx?id=2165815&use=l&cat=p&typeid=i","cat":284618},{"id":49333,"n":"Déodorant bille Men Expert Carbon Protection 48h - 50ml","p":2.56,"u":"51,20 €/L","img":"https://fd9-photos.leclercdrive.fr/image.ashx?id=2394561&use=l&cat=p&typeid=i","cat":284618},{"id":49340,"n":"Cornichons Eco+ Au vinaigre - 190g","p":0.88,"u":"4,63 €/KG","img":"https://fd9-photos.leclercdrive.fr/image.ashx?id=2974711&use=l&cat=p&typeid=i","cat":284458},{"id":49342,"n":"Moutarde Eco+ Forte au vinaigre - 850g","p":1.66,"u":"1,95 €/KG","img":"https://fd9-photos.leclercdrive.fr/image.ashx?id=2954325&use=l&cat=p&typeid=i","cat":288850},{"id":49349,"n":"Petit croquant Kühne Aigre doux - 360g","p":3.48,"u":"9,67 €/KG","img":"https://fd9-photos.leclercdrive.fr/image.ashx?id=2551036&use=l&cat=p&typeid=i","cat":284458},{"id":49354,"n":"Olives Noires Grecques Tramier  Dénoyautées 220g","p":2.67,"u":"26,70 €/KG","img":"https://fd9-photos.leclercdrive.fr/image.ashx?id=2836340&use=l&cat=p&typeid=i","cat":284450},{"id":49495,"n":"Soufflés Tornades Tokapi Fromage- 4x85g","p":2.88,"u":"8,47 €/KG","img":"https://fd9-photos.leclercdrive.fr/image.ashx?id=2691393&use=l&cat=p&typeid=i","cat":284449},{"id":49496,"n":"Soufflés  Tokapi Nature - 4x85g","p":2.76,"u":"8,12 €/KG","img":"https://fd9-photos.leclercdrive.fr/image.ashx?id=2691387&use=l&cat=p&typeid=i","cat":284449},{"id":49567,"n":"Diabolo grenadine Sprink's Bouteille - 1.5L","p":1.69,"u":"1,13 €/L","img":"https://fd9-photos.leclercdrive.fr/image.ashx?id=2843593&use=l&cat=p&typeid=i","cat":284532},{"id":49569,"n":"Boisson énergisante Monster Ultra zéro  - 50cl","p":1.57,"u":"3,14 €/L","img":"https://fd9-photos.leclercdrive.fr/image.ashx?id=2736697&use=l&cat=p&typeid=i","cat":284533},{"id":49624,"n":"Vin Union Européenne rosé Champlure - BIB 5L","p":13.75,"u":"2,75 €/L","img":"https://fd9-photos.leclercdrive.fr/image.ashx?id=2552523&use=l&cat=p&typeid=i","cat":289560},{"id":49636,"n":"Biscuits Baiocchi Mulino Bianco Chocolat noisette Snack - 336g","p":2.68,"u":"7,98 €/KG","img":"https://fd9-photos.leclercdrive.fr/image.ashx?id=2787962&use=l&cat=p&typeid=i","cat":284488},{"id":49649,"n":"Sauce Tomate Cuisinée Heinz Ail & Oignon x2 - 210g","p":1.49,"u":"3,55 €/KG","img":"https://fd9-photos.leclercdrive.fr/image.ashx?id=2926990&use=l&cat=p&typeid=i","cat":288384},{"id":49653,"n":"Chapelure dorée Tipiak 250g","p":0.69,"u":"2,76 €/KG","img":"https://fd9-photos.leclercdrive.fr/image.ashx?id=2563490&use=l&cat=p&typeid=i","cat":288382},{"id":49656,"n":"Sauce burger Amora 448g","p":1.93,"u":"4,31 €/KG","img":"https://fd9-photos.leclercdrive.fr/image.ashx?id=3014656&use=l&cat=p&typeid=i","cat":318431},{"id":49677,"n":"Mousse fromage blanc Délisse Lit de fruits 0%MG - 4x115g","p":1.83,"u":"3,98 €/KG","img":"https://fd9-photos.leclercdrive.fr/image.ashx?id=1865720&use=l&cat=p&typeid=i","cat":284409},{"id":49682,"n":"Yaourt La Laitière Vanille - 4x125g","p":1.94,"u":"3,88 €/KG","img":"https://fd9-photos.leclercdrive.fr/image.ashx?id=2650393&use=l&cat=p&typeid=i","cat":286006},{"id":49722,"n":"Macédoine égoutée D'aucy 2x530g","p":3.82,"u":"8,30 €/KG","img":"https://fd9-photos.leclercdrive.fr/image.ashx?id=2490428&use=l&cat=p&typeid=i","cat":312612},{"id":49800,"n":"Chorizo doux César Moroni   200g","p":2.79,"u":"13,95 €/KG","img":"https://fd9-photos.leclercdrive.fr/image.ashx?id=2854420&use=l&cat=p&typeid=i","cat":316006},{"id":49825,"n":"Croco Pik Haribo  Sachet bonbons acidulés - 275g","p":1.68,"u":"6,11 €/KG","img":"https://fd9-photos.leclercdrive.fr/image.ashx?id=2802350&use=l&cat=p&typeid=i","cat":304250},{"id":49828,"n":"Happy Life Haribo Sachet bonbons - 275g","p":1.52,"u":"5,53 €/KG","img":"https://fd9-photos.leclercdrive.fr/image.ashx?id=2803577&use=l&cat=p&typeid=i","cat":304250},{"id":49845,"n":"Jus multifruits Jafaden Brique, ABC - 2L","p":2.65,"u":"1,33 €/L","img":"https://fd9-photos.leclercdrive.fr/image.ashx?id=2759220&use=l&cat=p&typeid=i","cat":284917},{"id":49851,"n":"Limonade Sprink's 1.5L","p":0.95,"u":"0,63 €/L","img":"https://fd9-photos.leclercdrive.fr/image.ashx?id=2954103&use=l&cat=p&typeid=i","cat":284531},{"id":49852,"n":"Speck alto adige IGP Tradizioni d'Italia - 70g","p":1.95,"u":"27,86 €/KG","img":"https://fd9-photos.leclercdrive.fr/image.ashx?id=2925225&use=l&cat=p&typeid=i","cat":316007},{"id":49857,"n":"Mortadella bologna IGP Tradizioni d'Italia - 150g","p":2.59,"u":"17,27 €/KG","img":"https://fd9-photos.leclercdrive.fr/image.ashx?id=2925222&use=l&cat=p&typeid=i","cat":316009},{"id":49858,"n":"Prosciutto di parma AOP 18 mois Tradizioni d'Italia - 80g","p":3.79,"u":"47,38 €/KG","img":"https://fd9-photos.leclercdrive.fr/image.ashx?id=1961988&use=l&cat=p&typeid=i","cat":316007},{"id":49863,"n":"Pizza feu de bois  Turini  Saumon  - 420g","p":2.45,"u":"5,83 €/KG","img":"https://fd9-photos.leclercdrive.fr/image.ashx?id=2816579&use=l&cat=p&typeid=i","cat":284256},{"id":49865,"n":"Steak haché Authentique Charal Pur Bœuf 10% MG  8x125g - 1kg","p":15.23,"u":"15,23 €/KG","img":"https://fd9-photos.leclercdrive.fr/image.ashx?id=2741955&use=l&cat=p&typeid=i","cat":319778},{"id":49870,"n":"Protection Absorbante Tena Men  Médium - x10","p":4.63,"u":"0,46 €/P","img":"https://fd9-photos.leclercdrive.fr/image.ashx?id=2428573&use=l&cat=p&typeid=i","cat":291514},{"id":49882,"n":"Sirop Frucci Zero Pêche avec édulcorants - 75cl","p":2.35,"u":"3,13 €/L","img":"https://fd9-photos.leclercdrive.fr/image.ashx?id=2954100&use=l&cat=p&typeid=i","cat":295020},{"id":49883,"n":"Soda tonic Sprink's 1.5L","p":1.05,"u":"0,70 €/L","img":"https://fd9-photos.leclercdrive.fr/image.ashx?id=2913739&use=l&cat=p&typeid=i","cat":284531},{"id":49900,"n":"Feuilletés fromage fondu Eco+ 650g","p":1.61,"u":"2,48 €/KG","img":"https://fd9-photos.leclercdrive.fr/image.ashx?id=2079792&use=l&cat=p&typeid=i","cat":319776},{"id":49930,"n":"Yaourt douceur Le Petit Basque Brebis nature - 4x100g","p":2.85,"u":"7,13 €/KG","img":"https://fd9-photos.leclercdrive.fr/image.ashx?id=2248084&use=l&cat=p&typeid=i","cat":314998},{"id":49932,"n":"Fromage Pavé d'Affinois Original - 180g","p":2.67,"u":"14,83 €/KG","img":"https://fd9-photos.leclercdrive.fr/image.ashx?id=2644070&use=l&cat=p&typeid=i","cat":314030},{"id":49954,"n":"Limonade Sprink's 6x50cl","p":4.92,"u":"1,64 €/L","img":"https://fd9-photos.leclercdrive.fr/image.ashx?id=2956741&use=l&cat=p&typeid=i","cat":284531},{"id":49956,"n":"Soda à l'orange Orangina Sans Sucres - 1,5L","p":1.73,"u":"1,15 €/L","img":"https://fd9-photos.leclercdrive.fr/image.ashx?id=2946496&use=l&cat=p&typeid=i","cat":284532},{"id":49971,"n":"Frites Pom Bistro à la Graisse de Canard - 500g","p":3.44,"u":"6,88 €/KG","img":"https://fd9-photos.leclercdrive.fr/image.ashx?id=2866412&use=l&cat=p&typeid=i","cat":319791},{"id":49981,"n":"Velouté Liebig Légumes du soleil - 1L","p":2.81,"u":"2,81 €/L","img":"https://fd9-photos.leclercdrive.fr/image.ashx?id=2750991&use=l&cat=p&typeid=i","cat":284462},{"id":49991,"n":"Tortillas wrap Poco Loco  25cmx6 - 370g","p":2.48,"u":"6,70 €/KG","img":"https://fd9-photos.leclercdrive.fr/image.ashx?id=2672542&use=l&cat=p&typeid=i","cat":288993},{"id":49997,"n":"Boisson aux fruits Oasis Mini Tropical - 6x25cl","p":3.06,"u":"2,04 €/L","img":"https://fd9-photos.leclercdrive.fr/image.ashx?id=2684443&use=l&cat=p&typeid=i","cat":295018},{"id":50002,"n":"Sauce soja Kikkoman  150ml","p":3.35,"u":"22,33 €/L","img":"https://fd9-photos.leclercdrive.fr/image.ashx?id=2536284&use=l&cat=p&typeid=i","cat":288992},{"id":50052,"n":"Lait bébé en poudre Galliagest croissance Dès 12 mois 900g","p":13.4,"u":"14,89 €/KG","img":"https://fd9-photos.leclercdrive.fr/image.ashx?id=2616844&use=l&cat=p&typeid=i","cat":290219},{"id":50053,"n":"Eau gazeuse minérale Salvetat pauvre en sodium - 6x50cl","p":2.57,"u":"0,86 €/L","img":"https://fd9-photos.leclercdrive.fr/image.ashx?id=2533469&use=l&cat=p&typeid=i","cat":284536},{"id":50058,"n":"Bloc correspondanc uni Esquisse 21x29cm - A4 - x50 feuilles","p":1.99,"img":"https://fd9-photos.leclercdrive.fr/image.ashx?id=1928746&use=l&cat=p&typeid=i","cat":284697},{"id":50082,"n":"Dessert fruits mixés Sojasun Myrtilles - 4x100g","p":1.71,"u":"4,28 €/KG","img":"https://fd9-photos.leclercdrive.fr/image.ashx?id=2355680&use=l&cat=p&typeid=i","cat":316071},{"id":50083,"n":"Taboulé aux tomates  Garbit - 730g","p":2.72,"u":"3,73 €/KG","img":"https://fd9-photos.leclercdrive.fr/image.ashx?id=2901905&use=l&cat=p&typeid=i","cat":325094},{"id":50085,"n":"Ampoule spot Foxter LED GU10 3-35W blanc chaud x1","p":3.99,"u":"Dont 0,12 € d'éco-part.","img":"https://fd9-photos.leclercdrive.fr/image.ashx?id=1505670&use=l&cat=p&typeid=i","cat":300573},{"id":50086,"n":"Ampoule réflecteur Foxter LED E14 3,5-40W dim blanc chaud","p":4.59,"u":"Dont 0,12 € d'éco-part.","img":"https://fd9-photos.leclercdrive.fr/image.ashx?id=1505679&use=l&cat=p&typeid=i","cat":300573},{"id":50106,"n":"Nems au Porc Tables du Monde x4 - 280g","p":1.76,"u":"6,29 €/KG","img":"https://fd9-photos.leclercdrive.fr/image.ashx?id=2967670&use=l&cat=p&typeid=i","cat":333673},{"id":50123,"n":"Vinaigrette Puget  Ciboulette/échalotes - 33cl","p":2.37,"u":"7,18 €/L","img":"https://fd9-photos.leclercdrive.fr/image.ashx?id=2912146&use=l&cat=p&typeid=i","cat":284456},{"id":50132,"n":"Compotes Pom'Potes Gourdes  Multivariétés Inédits - 12x90g","p":5.49,"u":"5,08 €/KG","img":"https://fd9-photos.leclercdrive.fr/image.ashx?id=2870170&use=l&cat=p&typeid=i","cat":284508},{"id":50135,"n":"Lingettes Textil Anti-transfert - x40","p":3.71,"u":"0,09 €/P","img":"https://fd9-photos.leclercdrive.fr/image.ashx?id=2964574&use=l&cat=p&typeid=i","cat":290450},{"id":50211,"n":"Pain Bruschetta La Boulangère 400g","p":2.62,"u":"6,55 €/KG","img":"https://fd9-photos.leclercdrive.fr/image.ashx?id=2912404&use=l&cat=p&typeid=i","cat":284985},{"id":50215,"n":"Huile sublime  Vitanove Cheveux sec - 150ml","p":2.99,"u":"19,93 €/L","img":"https://fd9-photos.leclercdrive.fr/image.ashx?id=2209720&use=l&cat=p&typeid=i","cat":284608},{"id":50218,"n":"Tronches de Cake St Michel 175g","p":1.77,"u":"10,11 €/KG","img":"https://fd9-photos.leclercdrive.fr/image.ashx?id=2949946&use=l&cat=p&typeid=i","cat":284495},{"id":50220,"n":"Biscuits Duo Mini BN  190g","p":1.95,"u":"10,26 €/KG","img":"https://fd9-photos.leclercdrive.fr/image.ashx?id=2219606&use=l&cat=p&typeid=i","cat":284488},{"id":50226,"n":"Biscuits sablés Granola Chocolat au lait - 3x200g","p":4.29,"u":"7,15 €/KG","img":"https://fd9-photos.leclercdrive.fr/image.ashx?id=3009125&use=l&cat=p&typeid=i","cat":284488},{"id":50229,"n":"Biscuits Florentin Kambly 125g","p":2.96,"u":"23,68 €/KG","img":"https://fd9-photos.leclercdrive.fr/image.ashx?id=2886337&use=l&cat=p&typeid=i","cat":284487},{"id":50231,"n":"Biscuit Dinosaurus Lotus Chocolat au lait - 225g","p":2.08,"u":"9,24 €/KG","img":"https://fd9-photos.leclercdrive.fr/image.ashx?id=2859815&use=l&cat=p&typeid=i","cat":284488},{"id":50253,"n":"Soda Sprink's Lemon - 1.5L","p":1.45,"u":"0,97 €/L","img":"https://fd9-photos.leclercdrive.fr/image.ashx?id=2956738&use=l&cat=p&typeid=i","cat":284532},{"id":50255,"n":"Soda Sprink's Citron - 1.5L","p":1.09,"u":"0,73 €/L","img":"https://fd9-photos.leclercdrive.fr/image.ashx?id=2913730&use=l&cat=p&typeid=i","cat":284532},{"id":50256,"n":"Soda Sprink's Lemon Lime - 1.5L","p":0.99,"u":"0,66 €/L","img":"https://fd9-photos.leclercdrive.fr/image.ashx?id=2913736&use=l&cat=p&typeid=i","cat":284532},{"id":50257,"n":"Jus d'orange Jafaden Pur jus sans pulpe - 6x1L","p":11.94,"u":"1,99 €/L","img":"https://fd9-photos.leclercdrive.fr/image.ashx?id=2842504&use=l&cat=p&typeid=i","cat":284521},{"id":50262,"n":"Kebab de poulet Fleury Michon Semoule à l'orientale - 280g","p":3.15,"u":"11,25 €/KG","img":"https://fd9-photos.leclercdrive.fr/image.ashx?id=2680167&use=l&cat=p&typeid=i","cat":333665},{"id":50360,"n":"Mousse à Raser Nivea Men Peaux Sensibles - 200 ml","p":2.49,"u":"12,45 €/L","img":"https://fd9-photos.leclercdrive.fr/image.ashx?id=3005212&use=l&cat=p&typeid=i","cat":284617},{"id":50365,"n":"Moelleux Pépites Choco GERBLE  sans sucre - 196g","p":3.24,"u":"16,53 €/KG","img":"https://fd9-photos.leclercdrive.fr/image.ashx?id=2812705&use=l&cat=p&typeid=i","cat":318653},{"id":50398,"n":"Pâtes pour potage Turini Estrelinhas - 250g","p":0.58,"u":"2,32 €/KG","img":"https://fd9-photos.leclercdrive.fr/image.ashx?id=2578511&use=l&cat=p&typeid=i","cat":284427},{"id":50399,"n":"Haricots noirs Notre Jardin Alubias Marca Guia - 850g","p":1.65,"u":"1,94 €/KG","img":"https://fd9-photos.leclercdrive.fr/image.ashx?id=1964573&use=l&cat=p&typeid=i","cat":312606},{"id":50400,"n":"Haricots Notre jardin Alubia canela Marca Guia - 850g","p":1.65,"u":"1,94 €/KG","img":"https://fd9-photos.leclercdrive.fr/image.ashx?id=1962849&use=l&cat=p&typeid=i","cat":312606},{"id":50401,"n":"Haricots cornille Notre jardin Marca Guia - 850g","p":1.65,"u":"1,94 €/KG","img":"https://fd9-photos.leclercdrive.fr/image.ashx?id=1962846&use=l&cat=p&typeid=i","cat":312606},{"id":50405,"n":"Encornets en sauce Pêche Océan 120g","p":1.46,"u":"12,17 €/KG","img":"https://fd9-photos.leclercdrive.fr/image.ashx?id=2304851&use=l&cat=p&typeid=i","cat":289009},{"id":50407,"n":"Lupins Rustica Pot - 500g","p":1.45,"u":"2,90 €/KG","img":"https://fd9-photos.leclercdrive.fr/image.ashx?id=1962813&use=l&cat=p&typeid=i","cat":312611},{"id":50415,"n":"Pâtes Pevides Turini 250g","p":0.58,"u":"2,32 €/KG","img":"https://fd9-photos.leclercdrive.fr/image.ashx?id=2578508&use=l&cat=p&typeid=i","cat":289009},{"id":50419,"n":"Mayonnaise Rustica Marca Guia Typique Portugal - 225ml","p":1.32,"u":"5,87 €/L","img":"https://fd9-photos.leclercdrive.fr/image.ashx?id=2304902&use=l&cat=p&typeid=i","cat":289009},{"id":50420,"n":"Marmelade Marca Guia 900g","p":2.84,"u":"3,16 €/KG","img":"https://fd9-photos.leclercdrive.fr/image.ashx?id=2304857&use=l&cat=p&typeid=i","cat":284480},{"id":50421,"n":"Marmelade Marca Guia 450g","p":1.45,"u":"3,22 €/KG","img":"https://fd9-photos.leclercdrive.fr/image.ashx?id=2304854&use=l&cat=p&typeid=i","cat":284480},{"id":50422,"n":"Pickles Rustica Marca Guia 530g","p":2.15,"u":"4,06 €/KG","img":"https://fd9-photos.leclercdrive.fr/image.ashx?id=2304842&use=l&cat=p&typeid=i","cat":289009},{"id":50423,"n":"Olives Rustica Marca Guia Mixte galega  - 500g","p":1.99,"u":"3,98 €/KG","img":"https://fd9-photos.leclercdrive.fr/image.ashx?id=2304839&use=l&cat=p&typeid=i","cat":289009},{"id":50432,"n":"Pain Campagnard GERBLE  Sans gluten - 350g","p":4.11,"u":"11,74 €/KG","img":"https://fd9-photos.leclercdrive.fr/image.ashx?id=2662829&use=l&cat=p&typeid=i","cat":325069},{"id":50435,"n":"Riz carolino Marca Guia 1kg","p":1.69,"u":"1,69 €/KG","img":"https://fd9-photos.leclercdrive.fr/image.ashx?id=1962822&use=l&cat=p&typeid=i","cat":284428},{"id":50459,"n":"Fromage à Tartiner St Môret  Nature - 150g","p":2.01,"u":"13,40 €/KG","img":"https://fd9-photos.leclercdrive.fr/image.ashx?id=2755468&use=l&cat=p&typeid=i","cat":314029},{"id":50485,"n":"Sirop Frucci Sans sucres - 75cl","p":2.39,"u":"3,19 €/L","img":"https://fd9-photos.leclercdrive.fr/image.ashx?id=2956735&use=l&cat=p&typeid=i","cat":295020},{"id":50508,"n":"Soin yeux L'Oréal Paris  Revitalift anti-rides  - 15ml","p":14.7,"u":"980,00 €/L","img":"https://fd9-photos.leclercdrive.fr/image.ashx?id=2867524&use=l&cat=p&typeid=i","cat":325345},{"id":50524,"n":"Crème soin Nivea visage Sensitive soin de jour - 50ml","p":4.85,"u":"97,00 €/L","img":"https://fd9-photos.leclercdrive.fr/image.ashx?id=2221581&use=l&cat=p&typeid=i","cat":325345},{"id":50548,"n":"Lait de croissance Lactel Nature - 6x1L","p":10.98,"u":"1,83 €/L","img":"https://fd9-photos.leclercdrive.fr/image.ashx?id=2927438&use=l&cat=p&typeid=i","cat":284728},{"id":50592,"n":"Pois chiches Sultanines 265g","p":0.93,"u":"3,51 €/KG","img":"https://fd9-photos.leclercdrive.fr/image.ashx?id=1920223&use=l&cat=p&typeid=i","cat":312609},{"id":50599,"n":"Crème soyeuse Bio Lait d'anesse So'Bio Etic - 50 ml","p":9.15,"u":"183,00 €/L","img":"https://fd9-photos.leclercdrive.fr/image.ashx?id=2906463&use=l&cat=p&typeid=i","cat":325345},{"id":50600,"n":"Crème onctueuse lait d'anesse Bio - So'Bio Etic - 50 ml","p":7.59,"u":"151,80 €/L","img":"https://fd9-photos.leclercdrive.fr/image.ashx?id=2909062&use=l&cat=p&typeid=i","cat":325345},{"id":50626,"n":"AOC Saint-Émilion vin rouge Chantet Blanet - 37,5cl","p":4.79,"u":"12,77 €/L","img":"https://fd9-photos.leclercdrive.fr/image.ashx?id=2805981&use=l&cat=p&typeid=i","cat":289556},{"id":50653,"n":"Blanc de dinde Eco+ 4 tranches - 180g","p":1.62,"u":"9,00 €/KG","img":"https://fd9-photos.leclercdrive.fr/image.ashx?id=2683631&use=l&cat=p&typeid=i","cat":316010},{"id":50659,"n":"Confisuc gelée Saint Louis 1kg","p":2.69,"u":"2,69 €/KG","img":"https://fd9-photos.leclercdrive.fr/image.ashx?id=1943688&use=l&cat=p&typeid=i","cat":284502},{"id":50672,"n":"Biscuits à la cuillère x30 Bonne Maman - 250g","p":4.66,"u":"18,64 €/KG","img":"https://fd9-photos.leclercdrive.fr/image.ashx?id=2936152&use=l&cat=p&typeid=i","cat":284487},{"id":50676,"n":"Madeleine coquille St Michel  Oeuf plein air x24 - 600g","p":3.27,"u":"5,45 €/KG","img":"https://fd9-photos.leclercdrive.fr/image.ashx?id=2936197&use=l&cat=p&typeid=i","cat":284492},{"id":50678,"n":"IGP Vinaigre balsamique Modène Maille - 75cl","p":4.75,"u":"6,33 €/L","img":"https://fd9-photos.leclercdrive.fr/image.ashx?id=2805666&use=l&cat=p&typeid=i","cat":298543},{"id":50680,"n":"Barre Chocolatée KINDER Country  Céréales chocolat x15 - 352,5g","p":4.77,"u":"13,55 €/KG","img":"https://fd9-photos.leclercdrive.fr/image.ashx?id=2231903&use=l&cat=p&typeid=i","cat":284498},{"id":50682,"n":"Gâteau Ker Cadélac Le Moelleux Original - 500g","p":2.61,"u":"5,22 €/KG","img":"https://fd9-photos.leclercdrive.fr/image.ashx?id=2955797&use=l&cat=p&typeid=i","cat":294776},{"id":50683,"n":"Barre marbré  Ker Cadélac  Cacao - 500g","p":2.45,"u":"4,90 €/KG","img":"https://fd9-photos.leclercdrive.fr/image.ashx?id=2939508&use=l&cat=p&typeid=i","cat":294776},{"id":50687,"n":"Compotes Pom'Potes Gourdes  Multivariétés Inédits - 12x90g","p":6.13,"u":"5,68 €/KG","img":"https://fd9-photos.leclercdrive.fr/image.ashx?id=3010924&use=l&cat=p&typeid=i","cat":284508},{"id":50688,"n":"Pains au chocolat Pasquier  x16 - 720g","p":4.35,"u":"6,04 €/KG","img":"https://fd9-photos.leclercdrive.fr/image.ashx?id=2686837&use=l&cat=p&typeid=i","cat":296366},{"id":50689,"n":"Croissants Pasquier x8 - 320g","p":1.9,"u":"5,94 €/KG","img":"https://fd9-photos.leclercdrive.fr/image.ashx?id=2853053&use=l&cat=p&typeid=i","cat":296366},{"id":50690,"n":"Brioche tressée Pasquier Tranchée nature - 500g","p":2.54,"u":"5,08 €/KG","img":"https://fd9-photos.leclercdrive.fr/image.ashx?id=2978706&use=l&cat=p&typeid=i","cat":284478},{"id":50705,"n":"Toasts ronds nature Jacquet - 250g","p":1.42,"u":"5,68 €/KG","img":"https://fd9-photos.leclercdrive.fr/image.ashx?id=2979602&use=l&cat=p&typeid=i","cat":285454},{"id":50706,"n":"Toasts foie gras ronds Jacquet - 250g","p":1.42,"u":"5,68 €/KG","img":"https://fd9-photos.leclercdrive.fr/image.ashx?id=2979599&use=l&cat=p&typeid=i","cat":285454},{"id":50712,"n":"Biscuits Choco Pause Milka Chocolat au lait - 260g","p":1.37,"u":"5,27 €/KG","img":"https://fd9-photos.leclercdrive.fr/image.ashx?id=2192572&use=l&cat=p&typeid=i","cat":284488},{"id":50713,"n":"Biscuits Oreo Vanille / chocolat blanc - 246g","p":2.56,"u":"10,41 €/KG","img":"https://fd9-photos.leclercdrive.fr/image.ashx?id=2989447&use=l&cat=p&typeid=i","cat":284488},{"id":50734,"n":"Soda Sprink's Orange - 1.5L","p":0.92,"u":"0,61 €/L","img":"https://fd9-photos.leclercdrive.fr/image.ashx?id=2925979&use=l&cat=p&typeid=i","cat":284532},{"id":50736,"n":"Blancs de poulet Eco+ 4 tranches - 180g","p":1.31,"u":"7,28 €/KG","img":"https://fd9-photos.leclercdrive.fr/image.ashx?id=2683634&use=l&cat=p&typeid=i","cat":316010},{"id":50739,"n":"Bacon fumé Eco+ 12 tranches - 150g","p":1.46,"u":"9,73 €/KG","img":"https://fd9-photos.leclercdrive.fr/image.ashx?id=2837111&use=l&cat=p&typeid=i","cat":316007},{"id":50744,"n":"Cervelas Eco+ 400g","p":1.62,"u":"4,05 €/KG","img":"https://fd9-photos.leclercdrive.fr/image.ashx?id=2683637&use=l&cat=p&typeid=i","cat":316012},{"id":50761,"n":"Coppa Saint Azay Chiffonnade - 100g","p":2.99,"u":"29,90 €/KG","img":"https://fd9-photos.leclercdrive.fr/image.ashx?id=2708351&use=l&cat=p&typeid=i","cat":316007},{"id":50770,"n":"Pâtes serpentin Turini  Cuisson rapide - 500g","p":1.16,"u":"2,32 €/KG","img":"https://fd9-photos.leclercdrive.fr/image.ashx?id=2607560&use=l&cat=p&typeid=i","cat":284427},{"id":50773,"n":"Dés de jambon Eco+ 2x100G","p":1.65,"u":"8,25 €/KG","img":"https://fd9-photos.leclercdrive.fr/image.ashx?id=2930936&use=l&cat=p&typeid=i","cat":316011},{"id":50778,"n":"Jambon qualité choix Eco+ 10 tranches - 500g","p":4.21,"u":"8,42 €/KG","img":"https://fd9-photos.leclercdrive.fr/image.ashx?id=2970492&use=l&cat=p&typeid=i","cat":316009},{"id":50779,"n":"Saucisse de Strasbourg Eco+ x10 - 350g","p":1.19,"u":"3,40 €/KG","img":"https://fd9-photos.leclercdrive.fr/image.ashx?id=2794856&use=l&cat=p&typeid=i","cat":316012},{"id":50782,"n":"Saucisson cuit à l'ail Eco+ fumé - 400g","p":1.4,"u":"3,50 €/KG","img":"https://fd9-photos.leclercdrive.fr/image.ashx?id=2675792&use=l&cat=p&typeid=i","cat":316006},{"id":50810,"n":"Sauce Tomates Barilla Arrabbiata - 400g","p":1.67,"u":"4,18 €/KG","img":"https://fd9-photos.leclercdrive.fr/image.ashx?id=2832509&use=l&cat=p&typeid=i","cat":287599},{"id":50842,"n":"Rhum ambré La martiniquaise Flask 40%vol - 20cl","p":3.29,"u":"16,45 €/L","img":"https://fd9-photos.leclercdrive.fr/image.ashx?id=2955155&use=l&cat=p&typeid=i","cat":284550},{"id":50843,"n":"Pastis Ricard Anisé 45% vol - 2L","p":39.6,"u":"19,80 €/L","img":"https://fd9-photos.leclercdrive.fr/image.ashx?id=2919271&use=l&cat=p&typeid=i","cat":284548},{"id":50866,"n":"Savon doux karité Petit Olivier Surgras - 250g","p":2.42,"u":"9,68 €/KG","img":"https://fd9-photos.leclercdrive.fr/image.ashx?id=2144848&use=l&cat=p&typeid=i","cat":284597},{"id":50903,"n":"Rana Feuilles de lasagnes Fraîches - 250g","p":2.33,"u":"9,32 €/KG","img":"https://fd9-photos.leclercdrive.fr/image.ashx?id=2529144&use=l&cat=p&typeid=i","cat":333682},{"id":50908,"n":"Gélule bien-être foie Juvamine Artichaut/Radis noir - x50","p":3.07,"img":"https://fd9-photos.leclercdrive.fr/image.ashx?id=2785850&use=l&cat=p&typeid=i","cat":313217},{"id":50915,"n":"Gnocchi à poêler Lustucru Fromage - 300g","p":1.71,"u":"5,70 €/KG","img":"https://fd9-photos.leclercdrive.fr/image.ashx?id=3014482&use=l&cat=p&typeid=i","cat":333682},{"id":50956,"n":"Bougies chauffe plats Ardence x25","p":2.39,"img":"https://fd9-photos.leclercdrive.fr/image.ashx?id=2635550&use=l&cat=p&typeid=i","cat":335913},{"id":50984,"n":"Soda zéro Sprink's Agrumes - 1,5L","p":0.76,"u":"0,51 €/L","img":"https://fd9-photos.leclercdrive.fr/image.ashx?id=2913724&use=l&cat=p&typeid=i","cat":284532},{"id":50991,"n":"Fruits au sirop St Mamet Ananas en tranches - 345g","p":2.96,"u":"8,58 €/KG","img":"https://fd9-photos.leclercdrive.fr/image.ashx?id=2630226&use=l&cat=p&typeid=i","cat":284507},{"id":51004,"n":"Sucre de canne Daddy Demi morceaux - 750g","p":2.12,"u":"2,83 €/KG","img":"https://fd9-photos.leclercdrive.fr/image.ashx?id=2907950&use=l&cat=p&typeid=i","cat":284502},{"id":51046,"n":"Mouchoirs blancs 3 plis Eco+ x15","p":0.97,"u":"0,06 €/P","img":"https://fd9-photos.leclercdrive.fr/image.ashx?id=2824244&use=l&cat=p&typeid=i","cat":284638},{"id":51047,"n":"Biscuits Petit Brun extra 300g","p":1.4,"u":"4,67 €/KG","img":"https://fd9-photos.leclercdrive.fr/image.ashx?id=3002264&use=l&cat=p&typeid=i","cat":284487},{"id":51048,"n":"Lentilles Notre Jardin 3x130g","p":2.09,"u":"5,36 €/KG","img":"https://fd9-photos.leclercdrive.fr/image.ashx?id=3002617&use=l&cat=p&typeid=i","cat":312609},{"id":51050,"n":"Chips Pom'lisse Barbecue - 6x30g","p":1.99,"u":"11,06 €/KG","img":"https://fd9-photos.leclercdrive.fr/image.ashx?id=2809668&use=l&cat=p&typeid=i","cat":284447},{"id":51089,"n":"Soda Sprink's Aux agrumes - 1.5L","p":1.4,"u":"0,93 €/L","img":"https://fd9-photos.leclercdrive.fr/image.ashx?id=2913727&use=l&cat=p&typeid=i","cat":284532},{"id":51221,"n":"Détachant poudre Sanytol 450g","p":5.74,"u":"12,76 €/KG","img":"https://fd9-photos.leclercdrive.fr/image.ashx?id=2866316&use=l&cat=p&typeid=i","cat":284651},{"id":51254,"n":"Eau aromatisée O'Fresh Pêche - 1.5L","p":0.91,"u":"0,61 €/L","img":"https://fd9-photos.leclercdrive.fr/image.ashx?id=2450029&use=l&cat=p&typeid=i","cat":284537},{"id":51257,"n":"Eau aromatisée O'Fresh Citron vert - 1.5L","p":0.75,"u":"0,50 €/L","img":"https://fd9-photos.leclercdrive.fr/image.ashx?id=2450038&use=l&cat=p&typeid=i","cat":284537},{"id":51265,"n":"Eau aromatisée O'Fresh Citron - 1.5L","p":0.75,"u":"0,50 €/L","img":"https://fd9-photos.leclercdrive.fr/image.ashx?id=2450041&use=l&cat=p&typeid=i","cat":284537},{"id":51268,"n":"Eau aromatisée O'Fresh Fraise - 1.5L","p":0.75,"u":"0,50 €/L","img":"https://fd9-photos.leclercdrive.fr/image.ashx?id=3002812&use=l&cat=p&typeid=i","cat":284537},{"id":51271,"n":"Tablette chocolat Côte d'Or Noir extra - 3x100g","p":3.88,"u":"12,93 €/KG","img":"https://fd9-photos.leclercdrive.fr/image.ashx?id=2875564&use=l&cat=p&typeid=i","cat":284956},{"id":51274,"n":"Tablette chocolat Côte d'Or Chocolar lait/ Raisin - 180g","p":3.41,"u":"18,94 €/KG","img":"https://fd9-photos.leclercdrive.fr/image.ashx?id=2961272&use=l&cat=p&typeid=i","cat":284497},{"id":51275,"n":"Tablette chocolat Côte d'Or Chocolat lait/Noisettes - 180g","p":3.11,"u":"17,28 €/KG","img":"https://fd9-photos.leclercdrive.fr/image.ashx?id=2993140&use=l&cat=p&typeid=i","cat":284497},{"id":51276,"n":"Tablette chocolat Côte d'Or Chocolat noir/Noisettes - 180g","p":3.0,"u":"16,67 €/KG","img":"https://fd9-photos.leclercdrive.fr/image.ashx?id=2993143&use=l&cat=p&typeid=i","cat":284956},{"id":51277,"n":"Tablette chocolat Côte d'Or Chocolat noir Amandes - 180g","p":3.45,"u":"19,17 €/KG","img":"https://fd9-photos.leclercdrive.fr/image.ashx?id=2993146&use=l&cat=p&typeid=i","cat":284956},{"id":51289,"n":"Fromage Blanc Calin Nature - 0% extra - 850g","p":2.3,"u":"2,71 €/KG","img":"https://fd9-photos.leclercdrive.fr/image.ashx?id=2973724&use=l&cat=p&typeid=i","cat":315000},{"id":51292,"n":"Yaourts Douceur satinée Délisse Nature - 8x125g","p":2.59,"u":"2,59 €/KG","img":"https://fd9-photos.leclercdrive.fr/image.ashx?id=2932414&use=l&cat=p&typeid=i","cat":284409},{"id":51298,"n":"Compotes Andros  Pomme nature - 16x100g","p":3.17,"u":"1,98 €/KG","img":"https://fd9-photos.leclercdrive.fr/image.ashx?id=2908195&use=l&cat=p&typeid=i","cat":284416},{"id":51318,"n":"Nonnettes de Dijon NRT Cassis - 200g","p":3.99,"u":"19,95 €/KG","img":"https://fd9-photos.leclercdrive.fr/image.ashx?id=2622338&use=l&cat=p&typeid=i","cat":284493},{"id":51346,"n":"Dessert liégeois Viennois Vanille lit de caramel - 4x100g","p":1.63,"u":"4,08 €/KG","img":"https://fd9-photos.leclercdrive.fr/image.ashx?id=2692122&use=l&cat=p&typeid=i","cat":285042},{"id":51353,"n":"Fromage Cantal jeune NRT AOP  200g","p":3.19,"u":"15,95 €/KG","img":"https://fd9-photos.leclercdrive.fr/image.ashx?id=2934832&use=l&cat=p&typeid=i","cat":314034},{"id":51392,"n":"Yaourts à la Grecque Délisse Lit de fruit jaunes - 4x150g","p":1.99,"u":"3,32 €/KG","img":"https://fd9-photos.leclercdrive.fr/image.ashx?id=2699699&use=l&cat=p&typeid=i","cat":314999},{"id":51395,"n":"Profiteroles Délisse 4x90g","p":2.49,"u":"6,92 €/KG","img":"https://fd9-photos.leclercdrive.fr/image.ashx?id=2844842&use=l&cat=p&typeid=i","cat":284419},{"id":51397,"n":"Croissants pur beurre 4p","p":3.25,"u":"0,81 €/P","img":"https://fd9-photos.leclercdrive.fr/image.ashx?id=572842&use=l&cat=p&typeid=i","cat":284984},{"id":51537,"n":"Recharges Stabilo EasyOriginal Bleue effaçable 0,5mm - x3","p":2.15,"u":"0,72 €/P","img":"https://fd9-photos.leclercdrive.fr/image.ashx?id=2010959&use=l&cat=p&typeid=i","cat":284696},{"id":51607,"n":"Fromage enfant Kiri Goûter 8 portions barquettes - 280g","p":3.47,"u":"12,39 €/KG","img":"https://fd9-photos.leclercdrive.fr/image.ashx?id=2972886&use=l&cat=p&typeid=i","cat":314030},{"id":51630,"n":"Cahier Esquisse - 96p Bleu - 17x22cm","p":0.79,"img":"https://fd9-photos.leclercdrive.fr/image.ashx?id=1698760&use=l&cat=p&typeid=i","cat":284697},{"id":51631,"n":"Cahier Esquisse - 96p Rouge - 17x22cm","p":0.79,"img":"https://fd9-photos.leclercdrive.fr/image.ashx?id=1698763&use=l&cat=p&typeid=i","cat":284697},{"id":51669,"n":"IGP Pays d'Oc blanc Viognier Jean-Claude Mas 13.5%vol - 75cl","p":3.95,"u":"5,27 €/L","img":"https://fd9-photos.leclercdrive.fr/image.ashx?id=2490314&use=l&cat=p&typeid=i","cat":289557},{"id":51722,"n":"Bâtonnet Magic Smicy Mutlifruits x8 - 320g","p":2.51,"u":"7,84 €/KG","img":"https://fd9-photos.leclercdrive.fr/image.ashx?id=2133942&use=l&cat=p&typeid=i","cat":285250},{"id":51775,"n":"Perforatrice 2 trous Esquisse Vert x1","p":2.59,"img":"https://fd9-photos.leclercdrive.fr/image.ashx?id=940759&use=l&cat=p&typeid=i","cat":334133},{"id":51776,"n":"Perforatrice 2 trous Esquisse Jaune x1","p":2.59,"img":"https://fd9-photos.leclercdrive.fr/image.ashx?id=940755&use=l&cat=p&typeid=i","cat":334133},{"id":51779,"n":"Protège-cahier Esquisse Jaune - 17x22cm","p":0.65,"img":"https://fd9-photos.leclercdrive.fr/image.ashx?id=940743&use=l&cat=p&typeid=i","cat":284697},{"id":51783,"n":"Protège-cahier Esquisse Bleu - 17x22cm","p":0.65,"img":"https://fd9-photos.leclercdrive.fr/image.ashx?id=940727&use=l&cat=p&typeid=i","cat":284697},{"id":51784,"n":"Protège-cahier Esquisse Jaune - 21x29.7cm","p":0.95,"img":"https://fd9-photos.leclercdrive.fr/image.ashx?id=940723&use=l&cat=p&typeid=i","cat":284745},{"id":51786,"n":"Protège-cahier Esquisse Bleu - 21x29.7cm","p":0.95,"img":"https://fd9-photos.leclercdrive.fr/image.ashx?id=940715&use=l&cat=p&typeid=i","cat":284745},{"id":51822,"n":"Thé glacé Lipton Ice Tea Pêche - 4x50cl","p":4.09,"u":"2,05 €/L","img":"https://fd9-photos.leclercdrive.fr/image.ashx?id=2505471&use=l&cat=p&typeid=i","cat":295019},{"id":51866,"n":"Lait Croissance Mots d'Enfants 12 à 36 mois - 6x1L","p":8.04,"u":"1,34 €/L","img":"https://fd9-photos.leclercdrive.fr/image.ashx?id=2770684&use=l&cat=p&typeid=i","cat":284728},{"id":51935,"n":"Goûter laitier Récré O'Lé Gourdes Saveur Vanille - 12x85g","p":5.4,"u":"5,29 €/KG","img":"https://fd9-photos.leclercdrive.fr/image.ashx?id=2795213&use=l&cat=p&typeid=i","cat":284506},{"id":51939,"n":"Trio salade Florette Mâche roquette betterave - 175g","p":2.62,"u":"14,97 €/KG","img":"https://fd9-photos.leclercdrive.fr/image.ashx?id=2650534&use=l&cat=p&typeid=i","cat":284353},{"id":51956,"n":"Gel barquette  Bien Air Muguet  x1","p":1.24,"img":"https://fd9-photos.leclercdrive.fr/image.ashx?id=2466877&use=l&cat=p&typeid=i","cat":311628},{"id":51978,"n":"Boisson au soja Nat&Vie Chocolat - 1L","p":1.4,"u":"1,40 €/L","img":"https://fd9-photos.leclercdrive.fr/image.ashx?id=2886457&use=l&cat=p&typeid=i","cat":316067},{"id":51979,"n":"Boisson au soja Vanille Végé 1L Végé - 200g","p":1.35,"u":"1,35 €/L","img":"https://fd9-photos.leclercdrive.fr/image.ashx?id=2872703&use=l&cat=p&typeid=i","cat":316067},{"id":51980,"n":"Lait demi-écrémé Délisse UHT -  6x25cl","p":3.36,"u":"2,24 €/L","img":"https://fd9-photos.leclercdrive.fr/image.ashx?id=2971503&use=l&cat=p&typeid=i","cat":284377},{"id":51995,"n":"Spécialité laitière Délisse Epaisse - 7% MG - 50cl","p":1.43,"u":"2,86 €/L","img":"https://fd9-photos.leclercdrive.fr/image.ashx?id=2363802&use=l&cat=p&typeid=i","cat":284381},{"id":51996,"n":"Spécialtié laitière Délisse UHT Fluide 4%mg - 3x20cl","p":1.99,"u":"3,32 €/L","img":"https://fd9-photos.leclercdrive.fr/image.ashx?id=2909398&use=l&cat=p&typeid=i","cat":284381},{"id":51999,"n":"Spécialité laitière Délisse Semi-épaisse 4%mg - 2x25cl","p":1.9,"u":"3,80 €/L","img":"https://fd9-photos.leclercdrive.fr/image.ashx?id=1790942&use=l&cat=p&typeid=i","cat":284381},{"id":52000,"n":"Spécialité laitière Délisse Epaisse - 7% MG - 20cl","p":0.95,"u":"4,75 €/L","img":"https://fd9-photos.leclercdrive.fr/image.ashx?id=2375583&use=l&cat=p&typeid=i","cat":284381},{"id":52001,"n":"Pâte à pizza fine Herta Rectangulaire - 390g","p":1.53,"u":"3,92 €/KG","img":"https://fd9-photos.leclercdrive.fr/image.ashx?id=2976110&use=l&cat=p&typeid=i","cat":333681},{"id":52002,"n":"HERTA Pâte à pizza fine & ronde 265g","p":1.23,"u":"4,64 €/KG","img":"https://fd9-photos.leclercdrive.fr/image.ashx?id=2975674&use=l&cat=p&typeid=i","cat":333681},{"id":52003,"n":"Eau aromatisée O'Fresh Fraise - 6x50cl","p":2.99,"u":"1,00 €/L","img":"https://fd9-photos.leclercdrive.fr/image.ashx?id=2441378&use=l&cat=p&typeid=i","cat":284537},{"id":52004,"n":"AOC Alsace Edelzwicker  vin blanc Rebmann - 75 cl","p":4.49,"u":"5,99 €/L","img":"https://fd9-photos.leclercdrive.fr/image.ashx?id=2775472&use=l&cat=p&typeid=i","cat":289557},{"id":52006,"n":"Blinis Ronde des Mers Medium x8 - 160g","p":1.69,"u":"10,56 €/KG","img":"https://fd9-photos.leclercdrive.fr/image.ashx?id=1069202&use=l&cat=p&typeid=i","cat":285191},{"id":52044,"n":"Croquettes Lydog Mini chien adulte - 1.5kg","p":3.99,"u":"2,66 €/KG","img":"https://fd9-photos.leclercdrive.fr/image.ashx?id=1951079&use=l&cat=p&typeid=i","cat":294526},{"id":52071,"n":"Tortillas Table du Monde De maïs - 320g","p":1.69,"u":"5,28 €/KG","img":"https://fd9-photos.leclercdrive.fr/image.ashx?id=2679759&use=l&cat=p&typeid=i","cat":288993},{"id":52077,"n":"IGP Côtes du Tarn Gamay  Rouge Vieux Carion 12% BIB 3L","p":7.99,"u":"2,66 €/L","img":"https://fd9-photos.leclercdrive.fr/image.ashx?id=2756155&use=l&cat=p&typeid=i","cat":289560},{"id":52078,"n":"Pointe Brie de Meaux NRT AOP 200g","p":3.09,"u":"15,45 €/KG","img":"https://fd9-photos.leclercdrive.fr/image.ashx?id=2564491&use=l&cat=p&typeid=i","cat":314033},{"id":52080,"n":"Emmental fromage rapé Les Croisés - 1kg","p":7.97,"u":"7,97 €/KG","img":"https://fd9-photos.leclercdrive.fr/image.ashx?id=2832990&use=l&cat=p&typeid=i","cat":314035},{"id":52081,"n":"Boisson à base de vin rosé  saveur fraise Festalie - 75 cl","p":2.4,"u":"3,20 €/L","img":"https://fd9-photos.leclercdrive.fr/image.ashx?id=2774903&use=l&cat=p&typeid=i","cat":304569},{"id":52082,"n":"Roulés Les Croisés Jambon fumé Fromage ail fines herbes - 100g","p":2.75,"u":"27,50 €/KG","img":"https://fd9-photos.leclercdrive.fr/image.ashx?id=2501682&use=l&cat=p&typeid=i","cat":314027},{"id":52083,"n":"Roulés Les Croisés Jambon fumé poivre - 100g","p":2.75,"u":"27,50 €/KG","img":"https://fd9-photos.leclercdrive.fr/image.ashx?id=2501685&use=l&cat=p&typeid=i","cat":314027},{"id":52090,"n":"Pizza Turini 3 Fromages - 3x350g","p":5.3,"u":"5,05 €/KG","img":"https://fd9-photos.leclercdrive.fr/image.ashx?id=2815247&use=l&cat=p&typeid=i","cat":284256},{"id":52093,"n":"Salade Menu Fraîcheur Lentilles aux oignons - 300g","p":1.52,"u":"5,07 €/KG","img":"https://fd9-photos.leclercdrive.fr/image.ashx?id=2645954&use=l&cat=p&typeid=i","cat":333657},{"id":52095,"n":"Salade Menu Fraîcheur Légumes penne pesto  - 300g","p":1.99,"u":"6,63 €/KG","img":"https://fd9-photos.leclercdrive.fr/image.ashx?id=2816585&use=l&cat=p&typeid=i","cat":333657},{"id":52096,"n":"Confit de figues NRT De Provence - 150g","p":1.87,"u":"12,47 €/KG","img":"https://fd9-photos.leclercdrive.fr/image.ashx?id=2839995&use=l&cat=p&typeid=i","cat":284480},{"id":52097,"n":"Salade Menu Fraîcheur Pâtes saumon - 300g","p":2.49,"u":"8,30 €/KG","img":"https://fd9-photos.leclercdrive.fr/image.ashx?id=2645960&use=l&cat=p&typeid=i","cat":333657},{"id":52104,"n":"Gaufres P'tit Deli Poudrées - 260g","p":1.69,"u":"6,50 €/KG","img":"https://fd9-photos.leclercdrive.fr/image.ashx?id=2932417&use=l&cat=p&typeid=i","cat":294777},{"id":52105,"n":"Mini brownies chocolat  Sans gluten - 240g","p":3.24,"u":"13,50 €/KG","img":"https://fd9-photos.leclercdrive.fr/image.ashx?id=2463404&use=l&cat=p&typeid=i","cat":318654},{"id":52108,"n":"Sirop violette NRT Des Alpes-Maritimes -70cl","p":3.2,"u":"4,57 €/L","img":"https://fd9-photos.leclercdrive.fr/image.ashx?id=2590490&use=l&cat=p&typeid=i","cat":295020},{"id":52110,"n":"Chiffonnade Saint Azay Jambon italien  - 100g","p":2.99,"u":"29,90 €/KG","img":"https://fd9-photos.leclercdrive.fr/image.ashx?id=2313106&use=l&cat=p&typeid=i","cat":316007},{"id":52111,"n":"Chiffonade chorizo Saint Azay 100g","p":2.19,"u":"21,90 €/KG","img":"https://fd9-photos.leclercdrive.fr/image.ashx?id=2845146&use=l&cat=p&typeid=i","cat":316007},{"id":52112,"n":"Jambon sec Saint Azay  4 tranches - 100g","p":2.06,"u":"20,60 €/KG","img":"https://fd9-photos.leclercdrive.fr/image.ashx?id=2869275&use=l&cat=p&typeid=i","cat":316007},{"id":52113,"n":"Jambon sec Saint Azay  8 tranches - 200g","p":4.09,"u":"20,45 €/KG","img":"https://fd9-photos.leclercdrive.fr/image.ashx?id=2872451&use=l&cat=p&typeid=i","cat":316007},{"id":52114,"n":"Fromage Emmental râpé NRT IGP de Savoie - 100g","p":1.99,"u":"19,90 €/KG","img":"https://fd9-photos.leclercdrive.fr/image.ashx?id=2771088&use=l&cat=p&typeid=i","cat":314035},{"id":52115,"n":"Ail Rustica  250g","p":3.29,"u":"13,16 €/KG","img":"https://fd9-photos.leclercdrive.fr/image.ashx?id=2341894&use=l&cat=p&typeid=i","cat":319804},{"id":52117,"n":"Persil et ail Rustica   250g","p":3.33,"u":"13,32 €/KG","img":"https://fd9-photos.leclercdrive.fr/image.ashx?id=2341897&use=l&cat=p&typeid=i","cat":319804},{"id":52118,"n":"Persil Rustica 250g","p":3.29,"u":"13,16 €/KG","img":"https://fd9-photos.leclercdrive.fr/image.ashx?id=2835205&use=l&cat=p&typeid=i","cat":319804},{"id":52122,"n":"Limonade Sprink's Zero - 1.5L","p":0.59,"u":"0,39 €/L","img":"https://fd9-photos.leclercdrive.fr/image.ashx?id=2913681&use=l&cat=p&typeid=i","cat":284531},{"id":52124,"n":"Pâtes Tagliatelles Turini  Fraiches - 600g","p":1.89,"u":"3,15 €/KG","img":"https://fd9-photos.leclercdrive.fr/image.ashx?id=2823081&use=l&cat=p&typeid=i","cat":333682},{"id":52125,"n":"Feuilleté glacé Tyrolia Eskiss Fruits rouges - 390g","p":2.96,"u":"7,59 €/KG","img":"https://fd9-photos.leclercdrive.fr/image.ashx?id=2660425&use=l&cat=p&typeid=i","cat":284266},{"id":52126,"n":"Crème brulée Tyrolia Eskiss 350g","p":2.1,"u":"6,00 €/KG","img":"https://fd9-photos.leclercdrive.fr/image.ashx?id=2075672&use=l&cat=p&typeid=i","cat":284266},{"id":52128,"n":"Dés de saumon Ronde des Mers  Fumé nature - 90g","p":4.1,"u":"45,56 €/KG","img":"https://fd9-photos.leclercdrive.fr/image.ashx?id=3004624&use=l&cat=p&typeid=i","cat":285188},{"id":52131,"n":"Filet de poulet Côté Table  Pomme de terre salardaise 300g","p":2.73,"u":"9,10 €/KG","img":"https://fd9-photos.leclercdrive.fr/image.ashx?id=2614476&use=l&cat=p&typeid=i","cat":333665},{"id":52134,"n":"Emmental -30% sel fromage bloc  Les Croisés - 200g","p":2.59,"u":"12,95 €/KG","img":"https://fd9-photos.leclercdrive.fr/image.ashx?id=2897790&use=l&cat=p&typeid=i","cat":314034},{"id":52135,"n":"Emmental -30% sel fromage râpé Les Croisés - 150g","p":1.99,"u":"13,27 €/KG","img":"https://fd9-photos.leclercdrive.fr/image.ashx?id=2949197&use=l&cat=p&typeid=i","cat":314035},{"id":52136,"n":"Mozzarella Pic'Express 250g","p":2.99,"u":"11,96 €/KG","img":"https://fd9-photos.leclercdrive.fr/image.ashx?id=2678800&use=l&cat=p&typeid=i","cat":319774},{"id":52138,"n":"Anchois entiers NRT à l'huile d'olive vierge extra - 115g","p":2.69,"u":"23,39 €/KG","img":"https://fd9-photos.leclercdrive.fr/image.ashx?id=2775783&use=l&cat=p&typeid=i","cat":305147},{"id":52141,"n":"Bâtonnets Dentastix Pedigree Moyen chien x7 - 180g","p":2.32,"u":"12,89 €/KG","img":"https://fd9-photos.leclercdrive.fr/image.ashx?id=2981301&use=l&cat=p&typeid=i","cat":294527},{"id":52142,"n":"Bâtonnets Dentastix Pedigree Grand chien x7 - 270g","p":3.16,"u":"11,70 €/KG","img":"https://fd9-photos.leclercdrive.fr/image.ashx?id=2877046&use=l&cat=p&typeid=i","cat":294527},{"id":52143,"n":"Bâtonnets Dentastix Pedigree Petit chien x7 - 110g","p":1.77,"u":"16,09 €/KG","img":"https://fd9-photos.leclercdrive.fr/image.ashx?id=2832338&use=l&cat=p&typeid=i","cat":294527},{"id":52148,"n":"Filet de poulet Fleury Michon pommes de terre - 300g","p":3.22,"u":"10,73 €/KG","img":"https://fd9-photos.leclercdrive.fr/image.ashx?id=2656754&use=l&cat=p&typeid=i","cat":333665},{"id":52170,"n":"Amandes effilées Vahiné 125g","p":3.68,"u":"29,44 €/KG","img":"https://fd9-photos.leclercdrive.fr/image.ashx?id=2490575&use=l&cat=p&typeid=i","cat":284504},{"id":52171,"n":"Noix de coco Vahiné  Râpée - 115g","p":1.76,"u":"15,30 €/KG","img":"https://fd9-photos.leclercdrive.fr/image.ashx?id=2559811&use=l&cat=p&typeid=i","cat":284504},{"id":52172,"n":"Noisettes en poudre Vahiné 100g","p":3.22,"u":"32,20 €/KG","img":"https://fd9-photos.leclercdrive.fr/image.ashx?id=2559823&use=l&cat=p&typeid=i","cat":284504},{"id":52175,"n":"Raisins secs Vahiné  125g","p":1.71,"u":"13,68 €/KG","img":"https://fd9-photos.leclercdrive.fr/image.ashx?id=2559820&use=l&cat=p&typeid=i","cat":284357},{"id":52203,"n":"boisson végétale soja bio  bjorg chocolat - 1l","p":2.67,"u":"2,67 €/L","img":"https://fd9-photos.leclercdrive.fr/image.ashx?id=2939433&use=l&cat=p&typeid=i","cat":316067},{"id":52246,"n":"Spray retouche L'Oréal Paris Magic Retouch Noir","p":8.55,"u":"114,00 €/L","img":"https://fd9-photos.leclercdrive.fr/image.ashx?id=2586420&use=l&cat=p&typeid=i","cat":288899},{"id":52249,"n":"Spray retouche L'Oréal Paris Magic Retouch Blond foncé","p":8.94,"u":"119,20 €/L","img":"https://fd9-photos.leclercdrive.fr/image.ashx?id=2586429&use=l&cat=p&typeid=i","cat":288899},{"id":52250,"n":"Spray Coloration L'Oréal Paris Magic Retouch Châtain","p":9.25,"u":"123,33 €/L","img":"https://fd9-photos.leclercdrive.fr/image.ashx?id=2586426&use=l&cat=p&typeid=i","cat":288899},{"id":52254,"n":"IGP Comté Tolosan vin blanc Bernard Cordelier - 75 cl","p":1.99,"u":"2,65 €/L","img":"https://fd9-photos.leclercdrive.fr/image.ashx?id=2750126&use=l&cat=p&typeid=i","cat":289557},{"id":52335,"n":"Sauce tomate cuisinée Panzani Tube légumes - 180g","p":0.99,"u":"5,50 €/KG","img":"https://fd9-photos.leclercdrive.fr/image.ashx?id=2984751&use=l&cat=p&typeid=i","cat":288384},{"id":52362,"n":"Biscuit sablé Beurre Gerblé Sans Gluten - 160g","p":3.15,"u":"18,00 €/KG","img":"https://fd9-photos.leclercdrive.fr/image.ashx?id=2662823&use=l&cat=p&typeid=i","cat":318654},{"id":52367,"n":"Whisky Ballantine's Finest Blended Scotch 40% vol - 1,5L","p":31.32,"u":"20,88 €/L","img":"https://fd9-photos.leclercdrive.fr/image.ashx?id=3000833&use=l&cat=p&typeid=i","cat":284547},{"id":52369,"n":"AOP Blaye Côtes de Bordeaux rouge Bio Nos Racines - 75cl","p":6.18,"u":"8,24 €/L","img":"https://fd9-photos.leclercdrive.fr/image.ashx?id=2312091&use=l&cat=p&typeid=i","cat":289556},{"id":52370,"n":"AOP Bordeaux supérieur rouge Bio Nos Racines - 75cl","p":6.27,"u":"8,36 €/L","img":"https://fd9-photos.leclercdrive.fr/image.ashx?id=2312094&use=l&cat=p&typeid=i","cat":289556},{"id":52388,"n":"Crème anti-âge So Bio Etic Plaisir d'argan bio - 50ml","p":8.72,"u":"174,40 €/L","img":"https://fd9-photos.leclercdrive.fr/image.ashx?id=2988587&use=l&cat=p&typeid=i","cat":325345},{"id":52389,"n":"Gelée nuit anti âge So Bio Etic Argan bio - 40ml","p":8.99,"u":"224,75 €/L","img":"https://fd9-photos.leclercdrive.fr/image.ashx?id=2494734&use=l&cat=p&typeid=i","cat":325345},{"id":52391,"n":"Lotion micellaire So Bio Etic Tonifiante bio - 500ml","p":5.19,"u":"10,38 €/L","img":"https://fd9-photos.leclercdrive.fr/image.ashx?id=2909065&use=l&cat=p&typeid=i","cat":284603},{"id":52392,"n":"Contour yeux lèvres So Bio Etic Anti-âge Argan bio - 15ml","p":8.92,"u":"594,67 €/L","img":"https://fd9-photos.leclercdrive.fr/image.ashx?id=2494740&use=l&cat=p&typeid=i","cat":325345},{"id":52410,"n":"Poélée jardinière D'Aucy 2x580g","p":4.69,"u":"4,04 €/KG","img":"https://fd9-photos.leclercdrive.fr/image.ashx?id=2582819&use=l&cat=p&typeid=i","cat":312612},{"id":52412,"n":"Poélée Parisienne D'Aucy 2x580g","p":4.69,"u":"4,04 €/KG","img":"https://fd9-photos.leclercdrive.fr/image.ashx?id=2197558&use=l&cat=p&typeid=i","cat":312612},{"id":52539,"n":"Pur jus de citron Jardin Bio Bio - 50cl","p":2.83,"u":"5,66 €/L","img":"https://fd9-photos.leclercdrive.fr/image.ashx?id=3014524&use=l&cat=p&typeid=i","cat":288383},{"id":52540,"n":"Pur jus de citron Jardin Bio Bio - 25cl","p":1.78,"u":"7,12 €/L","img":"https://fd9-photos.leclercdrive.fr/image.ashx?id=2673745&use=l&cat=p&typeid=i","cat":288383},{"id":52582,"n":"Sauce Bolognaise Panzani - 210G","p":1.37,"u":"6,52 €/KG","img":"https://fd9-photos.leclercdrive.fr/image.ashx?id=2977927&use=l&cat=p&typeid=i","cat":287599},{"id":52598,"n":"Pur Jus de carottes NRT Des Landes - 1L","p":2.48,"u":"2,48 €/L","img":"https://fd9-photos.leclercdrive.fr/image.ashx?id=2590508&use=l&cat=p&typeid=i","cat":284523},{"id":52625,"n":"Sauce Pommes de Terre Bénédicta - 255g","p":1.52,"u":"5,85 €/KG","img":"https://fd9-photos.leclercdrive.fr/image.ashx?id=2689925&use=l&cat=p&typeid=i","cat":318430},{"id":52633,"n":"Sauce Tartare Bénédicta - 260g","p":1.52,"u":"5,85 €/KG","img":"https://fd9-photos.leclercdrive.fr/image.ashx?id=2689940&use=l&cat=p&typeid=i","cat":318430},{"id":52634,"n":"Sauce Bourguignonne Bénédicta - 260g","p":1.38,"u":"5,11 €/KG","img":"https://fd9-photos.leclercdrive.fr/image.ashx?id=2689943&use=l&cat=p&typeid=i","cat":318430},{"id":52640,"n":"Petits Pois D'Aucy Extra tendres -2x560g","p":4.3,"u":"3,84 €/KG","img":"https://fd9-photos.leclercdrive.fr/image.ashx?id=2393554&use=l&cat=p&typeid=i","cat":312607},{"id":52673,"n":"Fromage Burger cheddar/emmental Président - 12 tranches - 200g","p":1.55,"u":"7,75 €/KG","img":"https://fd9-photos.leclercdrive.fr/image.ashx?id=2445024&use=l&cat=p&typeid=i","cat":314028},{"id":52684,"n":"Cheddar fromage râpé  Les Croisés - 200g","p":2.39,"u":"11,95 €/KG","img":"https://fd9-photos.leclercdrive.fr/image.ashx?id=2044381&use=l&cat=p&typeid=i","cat":314035},{"id":52688,"n":"Burrata Di Andria IGP  Tradizioni d'italia - 200g","p":4.79,"u":"23,95 €/KG","img":"https://fd9-photos.leclercdrive.fr/image.ashx?id=2904025&use=l&cat=p&typeid=i","cat":314026},{"id":52699,"n":"Comté Entremont Râpé - 2x70g","p":2.53,"u":"18,07 €/KG","img":"https://fd9-photos.leclercdrive.fr/image.ashx?id=2983162&use=l&cat=p&typeid=i","cat":314035},{"id":52757,"n":"Biscuits sablés Granola Chocolat au lait - 2x200g","p":2.61,"u":"6,53 €/KG","img":"https://fd9-photos.leclercdrive.fr/image.ashx?id=2347275&use=l&cat=p&typeid=i","cat":284488},{"id":52790,"n":"Fromage mi-chèvre Soignon 180g","p":2.12,"u":"11,78 €/KG","img":"https://fd9-photos.leclercdrive.fr/image.ashx?id=2734357&use=l&cat=p&typeid=i","cat":314031},{"id":52797,"n":"AOP Parmigiano Reggiano Tradizioni d'Italia - 60g","p":1.9,"u":"31,67 €/KG","img":"https://fd9-photos.leclercdrive.fr/image.ashx?id=2904028&use=l&cat=p&typeid=i","cat":314035},{"id":52804,"n":"Fromage à Raclette RichesMonts  Classique 18 Tranches - 420g","p":5.22,"u":"12,43 €/KG","img":"https://fd9-photos.leclercdrive.fr/image.ashx?id=2953489&use=l&cat=p&typeid=i","cat":314037},{"id":52810,"n":"Fromage raclette XXL Tranché 26%mg - 480g","p":5.89,"u":"12,27 €/KG","img":"https://fd9-photos.leclercdrive.fr/image.ashx?id=2793224&use=l&cat=p&typeid=i","cat":314037},{"id":52811,"n":"Fromage raclette fumée Les Croisés 26%mg - 250g","p":2.99,"u":"11,96 €/KG","img":"https://fd9-photos.leclercdrive.fr/image.ashx?id=2793236&use=l&cat=p&typeid=i","cat":314037},{"id":52812,"n":"Yaourt nature bifidus Activia 16x125g","p":4.56,"u":"2,28 €/KG","img":"https://fd9-photos.leclercdrive.fr/image.ashx?id=2831675&use=l&cat=p&typeid=i","cat":315000},{"id":52818,"n":"Fromage à tartiner Boursin Figue et 3 noix - 150g","p":2.45,"u":"16,33 €/KG","img":"https://fd9-photos.leclercdrive.fr/image.ashx?id=2962062&use=l&cat=p&typeid=i","cat":314029},{"id":52933,"n":"Piles Long Lasting Duracell CR2025  Lithium 3V - x2","p":5.6,"u":"2,80 €/P","img":"https://fd9-photos.leclercdrive.fr/image.ashx?id=2831399&use=l&cat=p&typeid=i","cat":300572},{"id":52958,"n":"Café dosettes Tassimo L'Or Espresso Classique x16","p":4.45,"u":"42,79 €/KG","img":"https://fd9-photos.leclercdrive.fr/image.ashx?id=2507335&use=l&cat=p&typeid=i","cat":293240},{"id":52961,"n":"Gnocchi Bio Village Bio - 300g","p":2.18,"u":"7,27 €/KG","img":"https://fd9-photos.leclercdrive.fr/image.ashx?id=2607960&use=l&cat=p&typeid=i","cat":333682},{"id":52962,"n":"Biscuits fourrés Prince Chocolat - 300g","p":1.35,"u":"4,50 €/KG","img":"https://fd9-photos.leclercdrive.fr/image.ashx?id=3014638&use=l&cat=p&typeid=i","cat":284488},{"id":52979,"n":"Truite fumée de Bretagne NRT x4 - 120g","p":5.39,"u":"44,92 €/KG","img":"https://fd9-photos.leclercdrive.fr/image.ashx?id=2663851&use=l&cat=p&typeid=i","cat":285188},{"id":53003,"n":"Vin d'Espagne rouge Merlot Adrien Champaud - BIB 5L","p":9.99,"u":"2,00 €/L","img":"https://fd9-photos.leclercdrive.fr/image.ashx?id=2960496&use=l&cat=p&typeid=i","cat":289560},{"id":53004,"n":"Vin Espagne Cabernet Sauvignon rouge Adrien Champaud - BIB 5L","p":9.99,"u":"2,00 €/L","img":"https://fd9-photos.leclercdrive.fr/image.ashx?id=2959605&use=l&cat=p&typeid=i","cat":289556},{"id":53006,"n":"Vin d'Espagne Merlot rouge Adrien Champaud - BIB 10L","p":18.99,"u":"1,90 €/L","img":"https://fd9-photos.leclercdrive.fr/image.ashx?id=2959614&use=l&cat=p&typeid=i","cat":289560},{"id":53064,"n":"Eponges grattantes Mamison  Vaisselle délicate - x2","p":1.26,"u":"0,63 €/P","img":"https://fd9-photos.leclercdrive.fr/image.ashx?id=2202440&use=l&cat=p&typeid=i","cat":284667},{"id":53065,"n":"Eponges grattantes Mamison  Récurage difficile - x2","p":1.27,"u":"0,64 €/P","img":"https://fd9-photos.leclercdrive.fr/image.ashx?id=2207733&use=l&cat=p&typeid=i","cat":284667},{"id":53066,"n":"Diffuseur mini spray Bien Air Floral  - 15ml","p":1.69,"u":"112,67 €/L","img":"https://fd9-photos.leclercdrive.fr/image.ashx?id=2375699&use=l&cat=p&typeid=i","cat":311629},{"id":53067,"n":"Recharge désodorisant Bien Air  Floral - 15ml","p":1.55,"u":"103,33 €/L","img":"https://fd9-photos.leclercdrive.fr/image.ashx?id=2467655&use=l&cat=p&typeid=i","cat":311629},{"id":53069,"n":"Recharge désodorisant Bien Air  Muguet - 15ml","p":1.5,"u":"100,00 €/L","img":"https://fd9-photos.leclercdrive.fr/image.ashx?id=2467658&use=l&cat=p&typeid=i","cat":311629},{"id":53135,"n":"Crozets de Savoie NRT Nature - 400g","p":2.35,"u":"5,88 €/KG","img":"https://fd9-photos.leclercdrive.fr/image.ashx?id=2856226&use=l&cat=p&typeid=i","cat":284427},{"id":53162,"n":"Roucoulons Fromagerie Milleret Offre Plaisir - 220g","p":2.72,"u":"12,36 €/KG","img":"https://fd9-photos.leclercdrive.fr/image.ashx?id=1884397&use=l&cat=p&typeid=i","cat":329558},{"id":53165,"n":"Lomo Saint Azay 100g","p":2.69,"u":"26,90 €/KG","img":"https://fd9-photos.leclercdrive.fr/image.ashx?id=2453192&use=l&cat=p&typeid=i","cat":316007},{"id":53167,"n":"Gaufres liégoise P'tit Déli Nappée chocolat - x7 - 402g","p":2.61,"u":"6,49 €/KG","img":"https://fd9-photos.leclercdrive.fr/image.ashx?id=1965560&use=l&cat=p&typeid=i","cat":294777},{"id":53168,"n":"Snacks chats Tous mes amis Hygiène dentaire mini - 40g","p":0.99,"u":"24,75 €/KG","img":"https://fd9-photos.leclercdrive.fr/image.ashx?id=1946868&use=l&cat=p&typeid=i","cat":285285},{"id":53170,"n":"Dés fromage de Brebis Herbes de Provence Les Croisés - 300g","p":2.83,"u":"9,43 €/KG","img":"https://fd9-photos.leclercdrive.fr/image.ashx?id=2900531&use=l&cat=p&typeid=i","cat":314027},{"id":53174,"n":"Chocolat noir Equador Caramel salé - 100g","p":1.39,"u":"13,90 €/KG","img":"https://fd9-photos.leclercdrive.fr/image.ashx?id=2553339&use=l&cat=p&typeid=i","cat":284956},{"id":53412,"n":"Activateur biologique Eparcyl  Fosse septique - 864g x24","p":7.26,"u":"8,40 €/KG","img":"https://fd9-photos.leclercdrive.fr/image.ashx?id=2890085&use=l&cat=p&typeid=i","cat":284908},{"id":53432,"n":"Cidre normand Les Goelleries Doux, 2% - 2x75cl","p":3.69,"u":"2,46 €/L","img":"https://fd9-photos.leclercdrive.fr/image.ashx?id=2856540&use=l&cat=p&typeid=i","cat":334880},{"id":53469,"n":"Cidre breton Les Goelleries Doux, 2%vol - 2x75cl","p":3.85,"u":"2,57 €/L","img":"https://fd9-photos.leclercdrive.fr/image.ashx?id=2856534&use=l&cat=p&typeid=i","cat":334880},{"id":53479,"n":"AOP Côtes du Rhône rouge Vieille Vignes - 75cl","p":3.69,"u":"4,92 €/L","img":"https://fd9-photos.leclercdrive.fr/image.ashx?id=2722396&use=l&cat=p&typeid=i","cat":289556},{"id":53600,"n":"Recharge spray Bien Air Automatique japon - 250ml","p":2.39,"u":"9,56 €/L","img":"https://fd9-photos.leclercdrive.fr/image.ashx?id=2974963&use=l&cat=p&typeid=i","cat":311629},{"id":53601,"n":"Recharge spray Bien Air Vanille ambré automatique 250ml","p":2.39,"u":"9,56 €/L","img":"https://fd9-photos.leclercdrive.fr/image.ashx?id=2991136&use=l&cat=p&typeid=i","cat":311629},{"id":53606,"n":"Salade Mexicaine Côté Snack Au thon - 250g","p":1.9,"u":"7,60 €/KG","img":"https://fd9-photos.leclercdrive.fr/image.ashx?id=2884255&use=l&cat=p&typeid=i","cat":284437},{"id":53607,"n":"Salade Piémontaise Côté Snack Thon - 250g","p":1.9,"u":"7,60 €/KG","img":"https://fd9-photos.leclercdrive.fr/image.ashx?id=2868319&use=l&cat=p&typeid=i","cat":284437},{"id":53776,"n":"Brioche tressée Pasquier Nature - 630g","p":2.69,"u":"4,27 €/KG","img":"https://fd9-photos.leclercdrive.fr/image.ashx?id=2850946&use=l&cat=p&typeid=i","cat":284478},{"id":53777,"n":"Brioche tressée Pasquier  Pépites - 630g","p":2.82,"u":"4,48 €/KG","img":"https://fd9-photos.leclercdrive.fr/image.ashx?id=2848809&use=l&cat=p&typeid=i","cat":284478},{"id":53783,"n":"Lait de coco Suzi Wan 200ml","p":1.25,"u":"6,25 €/L","img":"https://fd9-photos.leclercdrive.fr/image.ashx?id=3002177&use=l&cat=p&typeid=i","cat":288992},{"id":53820,"n":"Madeleines Armor Délices x13 - 430g","p":3.77,"u":"8,77 €/KG","img":"https://fd9-photos.leclercdrive.fr/image.ashx?id=2788688&use=l&cat=p&typeid=i","cat":284492},{"id":53899,"n":"Eau minérale gazeuse Perrier  Naturelle - 6x1L","p":3.89,"u":"0,65 €/L","img":"https://fd9-photos.leclercdrive.fr/image.ashx?id=2454463&use=l&cat=p&typeid=i","cat":284536},{"id":53902,"n":"Eau minérale gazeuse Perrier  Fines bulles - 6x1L","p":3.66,"u":"0,61 €/L","img":"https://fd9-photos.leclercdrive.fr/image.ashx?id=2830924&use=l&cat=p&typeid=i","cat":284536},{"id":53904,"n":"Barre de chocolat Toblerone Noir - 360g","p":8.5,"u":"23,61 €/KG","img":"https://fd9-photos.leclercdrive.fr/image.ashx?id=2428687&use=l&cat=p&typeid=i","cat":327595},{"id":53911,"n":"Crevettes  Eco+ Cocktail - 121g","p":2.91,"u":"24,05 €/KG","img":"https://fd9-photos.leclercdrive.fr/image.ashx?id=1710173&use=l&cat=p&typeid=i","cat":305147},{"id":53931,"n":"Fromage apéritif BoursinFromage Tomates et Basilic 20 roulés","p":3.72,"u":"37,20 €/KG","img":"https://fd9-photos.leclercdrive.fr/image.ashx?id=2918592&use=l&cat=p&typeid=i","cat":314027},{"id":53936,"n":"Dés de fromage salade Boursin Echalote ciboulette - 120g","p":2.45,"u":"20,42 €/KG","img":"https://fd9-photos.leclercdrive.fr/image.ashx?id=2865671&use=l&cat=p&typeid=i","cat":314027},{"id":53941,"n":"Fromage apéritif Boursin Echalote ciboulette 20 roulés","p":3.67,"u":"36,70 €/KG","img":"https://fd9-photos.leclercdrive.fr/image.ashx?id=2918595&use=l&cat=p&typeid=i","cat":314027},{"id":53944,"n":"Fromage à tartiner Boursin Ail et fines herbes - 250g","p":3.4,"u":"13,60 €/KG","img":"https://fd9-photos.leclercdrive.fr/image.ashx?id=2999853&use=l&cat=p&typeid=i","cat":314029},{"id":54036,"n":"Griffoir Tous mes amis  Carton - x1","p":2.99,"img":"https://fd9-photos.leclercdrive.fr/image.ashx?id=2162321&use=l&cat=p&typeid=i","cat":284682},{"id":54052,"n":"Herbe dépurative Ptit Ami 190g","p":1.98,"u":"10,42 €/KG","img":"https://fd9-photos.leclercdrive.fr/image.ashx?id=1009867&use=l&cat=p&typeid=i","cat":285286},{"id":54112,"n":"Absolut Vodka 40%vol - 1L","p":25.55,"u":"25,55 €/L","img":"https://fd9-photos.leclercdrive.fr/image.ashx?id=2550261&use=l&cat=p&typeid=i","cat":284550},{"id":54171,"n":"Sauce Béarnaise Férial 120g","p":1.69,"u":"14,08 €/KG","img":"https://fd9-photos.leclercdrive.fr/image.ashx?id=2636239&use=l&cat=p&typeid=i","cat":284382},{"id":54172,"n":"Sauce aux 3 poivres  120g","p":1.49,"u":"12,42 €/KG","img":"https://fd9-photos.leclercdrive.fr/image.ashx?id=2636242&use=l&cat=p&typeid=i","cat":284382},{"id":54173,"n":"Sauce Forestière Férial 120g","p":1.49,"u":"12,42 €/KG","img":"https://fd9-photos.leclercdrive.fr/image.ashx?id=2636248&use=l&cat=p&typeid=i","cat":284382},{"id":54174,"n":"Pâte a pizza Sans Gluten Chaque Jour Sans Gluten - 260g","p":2.99,"u":"11,50 €/KG","img":"https://fd9-photos.leclercdrive.fr/image.ashx?id=2925982&use=l&cat=p&typeid=i","cat":333681},{"id":54175,"n":"Pâte brisée sans gluten Chaque Jour Sans Gluten - 230g","p":1.99,"u":"8,65 €/KG","img":"https://fd9-photos.leclercdrive.fr/image.ashx?id=3002809&use=l&cat=p&typeid=i","cat":333681},{"id":54176,"n":"Pâte feuilletée sans gluten Chaque Jour Sans Gluten - 280g","p":1.99,"u":"7,11 €/KG","img":"https://fd9-photos.leclercdrive.fr/image.ashx?id=3002806&use=l&cat=p&typeid=i","cat":333681},{"id":54177,"n":"AOP Champagne Bio Canard Duchêne - Extra Brut - 75cl","p":28.91,"u":"38,55 €/L","img":"https://fd9-photos.leclercdrive.fr/image.ashx?id=2753611&use=l&cat=p&typeid=i","cat":284542},{"id":54184,"n":"Pétillant AOC Jaillance Clairette Bio, 7%vol - 75cl","p":6.9,"u":"9,20 €/L","img":"https://fd9-photos.leclercdrive.fr/image.ashx?id=2867455&use=l&cat=p&typeid=i","cat":284544},{"id":54244,"n":"Liqueur de menthe Get 31 Edition Limitée 24° - 70cl","p":14.42,"u":"20,60 €/L","img":"https://fd9-photos.leclercdrive.fr/image.ashx?id=2989051&use=l&cat=p&typeid=i","cat":286032},{"id":54296,"n":"Recharge mini spray Bien Air Marine - 15ml","p":1.5,"u":"100,00 €/L","img":"https://fd9-photos.leclercdrive.fr/image.ashx?id=2467646&use=l&cat=p&typeid=i","cat":311629},{"id":54297,"n":"Désodorisant Bien Air Mèches actives, lavande - 375ml","p":1.65,"u":"4,40 €/L","img":"https://fd9-photos.leclercdrive.fr/image.ashx?id=2934721&use=l&cat=p&typeid=i","cat":311628},{"id":54298,"n":"Désodorisant Bien Air Mèche active muguet - 375ml","p":1.65,"u":"4,40 €/L","img":"https://fd9-photos.leclercdrive.fr/image.ashx?id=2777803&use=l&cat=p&typeid=i","cat":311628},{"id":54299,"n":"Désodorisant Bien Air Mèche active Fruit rouge 375ml","p":1.65,"u":"4,40 €/L","img":"https://fd9-photos.leclercdrive.fr/image.ashx?id=2777806&use=l&cat=p&typeid=i","cat":311628},{"id":54300,"n":"Désodorisant Bien Air Mèche active agrume 375ml","p":1.65,"u":"4,40 €/L","img":"https://fd9-photos.leclercdrive.fr/image.ashx?id=2777809&use=l&cat=p&typeid=i","cat":311628},{"id":54301,"n":"Recharge mini spray Bien Air Agrume - 15ml","p":1.5,"u":"100,00 €/L","img":"https://fd9-photos.leclercdrive.fr/image.ashx?id=2467652&use=l&cat=p&typeid=i","cat":311629},{"id":54311,"n":"Bière blonde Bio Jade 4.5%vol - 6x25cl","p":5.15,"u":"3,43 €/L","img":"https://fd9-photos.leclercdrive.fr/image.ashx?id=2511282&use=l&cat=p&typeid=i","cat":334873},{"id":54314,"n":"Pur Jus de tomates NRT Du Lot-et-Garonne - 1L","p":2.09,"u":"2,09 €/L","img":"https://fd9-photos.leclercdrive.fr/image.ashx?id=2590505&use=l&cat=p&typeid=i","cat":284523},{"id":54316,"n":"AOC Coteaux du Layon vin blanc Les Caractères - 75cl","p":6.99,"u":"9,32 €/L","img":"https://fd9-photos.leclercdrive.fr/image.ashx?id=2898762&use=l&cat=p&typeid=i","cat":289557},{"id":54344,"n":"Tablette chocolat Côte d'Or Chocolat lait/Amandes - 180g","p":3.97,"u":"22,06 €/KG","img":"https://fd9-photos.leclercdrive.fr/image.ashx?id=3009143&use=l&cat=p&typeid=i","cat":284497},{"id":54351,"n":"Crème dessert Délisse Chocolat noisette - 4x125g","p":1.05,"u":"2,10 €/KG","img":"https://fd9-photos.leclercdrive.fr/image.ashx?id=2760810&use=l&cat=p&typeid=i","cat":285041},{"id":54385,"n":"Coupelles Ananas DDV Sirop léger - 4x70g","p":2.79,"u":"9,96 €/KG","img":"https://fd9-photos.leclercdrive.fr/image.ashx?id=2100793&use=l&cat=p&typeid=i","cat":284507},{"id":54386,"n":"Gâteau multicouche P'tit Déli Genoise fourré chocolat - 175g","p":1.27,"u":"7,26 €/KG","img":"https://fd9-photos.leclercdrive.fr/image.ashx?id=2416538&use=l&cat=p&typeid=i","cat":284495},{"id":54387,"n":"Pains Hot Dog Epi d'Or x4 - 250g","p":1.41,"u":"5,64 €/KG","img":"https://fd9-photos.leclercdrive.fr/image.ashx?id=2147414&use=l&cat=p&typeid=i","cat":284985},{"id":54393,"n":"Spécialité de saucisse St Azay Sèche - 200g","p":3.05,"u":"15,25 €/KG","img":"https://fd9-photos.leclercdrive.fr/image.ashx?id=2982622&use=l&cat=p&typeid=i","cat":316006},{"id":54394,"n":"Spécialité au soja Nat&Vie Citron fruits mixés - 4x100g","p":1.38,"u":"3,45 €/KG","img":"https://fd9-photos.leclercdrive.fr/image.ashx?id=2901464&use=l&cat=p&typeid=i","cat":316071},{"id":54396,"n":"Salade Catalane Côté Snack Thon à la catalane - 250g","p":2.17,"u":"8,68 €/KG","img":"https://fd9-photos.leclercdrive.fr/image.ashx?id=2910589&use=l&cat=p&typeid=i","cat":284437},{"id":54404,"n":"Sauce Tomacouli Panzani - 3X200G","p":1.6,"u":"2,67 €/KG","img":"https://fd9-photos.leclercdrive.fr/image.ashx?id=2744623&use=l&cat=p&typeid=i","cat":288384},{"id":54405,"n":"Sauce Tomacouli Panzani - 700G","p":1.59,"u":"2,27 €/KG","img":"https://fd9-photos.leclercdrive.fr/image.ashx?id=2744632&use=l&cat=p&typeid=i","cat":288384},{"id":54417,"n":"Barre chocolat lait P'tit Déli x5 - 130g","p":1.5,"u":"11,54 €/KG","img":"https://fd9-photos.leclercdrive.fr/image.ashx?id=2568936&use=l&cat=p&typeid=i","cat":284488},{"id":54420,"n":"Gel à raser Carré Homme Pour barbe difficile - 200ml","p":1.89,"u":"9,45 €/L","img":"https://fd9-photos.leclercdrive.fr/image.ashx?id=2704723&use=l&cat=p&typeid=i","cat":284617},{"id":54422,"n":"Spray automatique Bien Air + recharge - 250ml","p":5.98,"u":"23,92 €/L","img":"https://fd9-photos.leclercdrive.fr/image.ashx?id=2330493&use=l&cat=p&typeid=i","cat":311629},{"id":54423,"n":"Gel à raser Carré Homme Fraicheur - 200ml","p":1.69,"u":"8,45 €/L","img":"https://fd9-photos.leclercdrive.fr/image.ashx?id=2704726&use=l&cat=p&typeid=i","cat":284617},{"id":54425,"n":"Batônnets Surimi Pêche Océan MSC - x48 - 800g","p":4.34,"u":"5,43 €/KG","img":"https://fd9-photos.leclercdrive.fr/image.ashx?id=3004615&use=l&cat=p&typeid=i","cat":285189},{"id":54427,"n":"Croquettes Pom'Lisse Pomme de terre - 1kg","p":2.25,"u":"2,25 €/KG","img":"https://fd9-photos.leclercdrive.fr/image.ashx?id=2699696&use=l&cat=p&typeid=i","cat":319792},{"id":54429,"n":"Jambon cru fumé forêt noire  Saint Azay - 6 tranches - 100g","p":1.99,"u":"19,90 €/KG","img":"https://fd9-photos.leclercdrive.fr/image.ashx?id=1975243&use=l&cat=p&typeid=i","cat":316007},{"id":54430,"n":"Salade Italienne Côté Snack Au thon - 250g","p":2.18,"u":"8,72 €/KG","img":"https://fd9-photos.leclercdrive.fr/image.ashx?id=2927910&use=l&cat=p&typeid=i","cat":284437},{"id":54471,"n":"Madeleines longues Le Ster Marbrées choco - 250g","p":1.76,"u":"7,04 €/KG","img":"https://fd9-photos.leclercdrive.fr/image.ashx?id=2962548&use=l&cat=p&typeid=i","cat":284492},{"id":54473,"n":"Madeleines longues Le Ster Nature  - 250g","p":1.57,"u":"6,28 €/KG","img":"https://fd9-photos.leclercdrive.fr/image.ashx?id=2962545&use=l&cat=p&typeid=i","cat":284492},{"id":54492,"n":"Tortillas chips Bio village Bio Nature - 150g","p":1.75,"u":"11,67 €/KG","img":"https://fd9-photos.leclercdrive.fr/image.ashx?id=2538385&use=l&cat=p&typeid=i","cat":287899},{"id":54494,"n":"Biscuits Petit Ecolier LU Chocolat au lait - 2x150g","p":3.36,"u":"11,20 €/KG","img":"https://fd9-photos.leclercdrive.fr/image.ashx?id=3009122&use=l&cat=p&typeid=i","cat":284488},{"id":54496,"n":"Gâteaux fourrés Milka Chocolat - 175g","p":1.58,"u":"9,03 €/KG","img":"https://fd9-photos.leclercdrive.fr/image.ashx?id=3005338&use=l&cat=p&typeid=i","cat":284495},{"id":54497,"n":"Pâté aux sardines 4x22g","p":1.75,"u":"19,89 €/KG","img":"https://fd9-photos.leclercdrive.fr/image.ashx?id=2578517&use=l&cat=p&typeid=i","cat":289009},{"id":54518,"n":"Couscous royale Côté Table 800g","p":4.79,"u":"5,99 €/KG","img":"https://fd9-photos.leclercdrive.fr/image.ashx?id=2607945&use=l&cat=p&typeid=i","cat":333666},{"id":54520,"n":"Pâte a pizza Tablier Blanc Rectangle - 385g","p":1.3,"u":"3,38 €/KG","img":"https://fd9-photos.leclercdrive.fr/image.ashx?id=2635925&use=l&cat=p&typeid=i","cat":333681},{"id":54522,"n":"Pâte feuilletée Tablier Blanc A dérouler - x2 - 460g","p":1.48,"u":"3,22 €/KG","img":"https://fd9-photos.leclercdrive.fr/image.ashx?id=2635928&use=l&cat=p&typeid=i","cat":333681},{"id":54523,"n":"Nuggets végétales Végé - 200g","p":1.52,"u":"7,60 €/KG","img":"https://fd9-photos.leclercdrive.fr/image.ashx?id=2865263&use=l&cat=p&typeid=i","cat":316036},{"id":54524,"n":"Galettes petits légumes Végé - 2x100g","p":1.99,"u":"9,95 €/KG","img":"https://fd9-photos.leclercdrive.fr/image.ashx?id=2865269&use=l&cat=p&typeid=i","cat":316036},{"id":54525,"n":"Paëlla Royale Côté Table 800g","p":5.78,"u":"7,23 €/KG","img":"https://fd9-photos.leclercdrive.fr/image.ashx?id=2614488&use=l&cat=p&typeid=i","cat":333666},{"id":54532,"n":"Liqueur de Whisky Jack Daniel's Fire 70cL","p":19.95,"pp":17.95,"u":"25,64 €/L","img":"https://fd9-photos.leclercdrive.fr/image.ashx?id=3001473&use=l&cat=p&typeid=i","cat":286032},{"id":54540,"n":"AOC Crémant Limoux Aguila Brut - 75cl","p":6.5,"pp":4.91,"u":"6,55 €/L","img":"https://fd9-photos.leclercdrive.fr/image.ashx?id=2792243&use=l&cat=p&typeid=i","cat":284544},{"id":54542,"n":"Boisson sans alcool D'Artigny Cassis - 75cl","p":3.23,"u":"4,31 €/L","img":"https://fd9-photos.leclercdrive.fr/image.ashx?id=2854399&use=l&cat=p&typeid=i","cat":289460},{"id":54612,"n":"Corn Flakes bio Bio Village Nature - 375g","p":2.4,"u":"6,40 €/KG","img":"https://fd9-photos.leclercdrive.fr/image.ashx?id=2835226&use=l&cat=p&typeid=i","cat":309513},{"id":54660,"n":"Rôti de dinde Maître Coq Forestier cuit - 700g","p":11.99,"u":"17,13 €/KG","img":"https://fd9-photos.leclercdrive.fr/image.ashx?id=2238939&use=l&cat=p&typeid=i","cat":327289},{"id":54855,"n":"Tablette chocolat Côte d'Or Lait raisin/noisettes - 2x180g","p":6.82,"u":"18,94 €/KG","img":"https://fd9-photos.leclercdrive.fr/image.ashx?id=3009128&use=l&cat=p&typeid=i","cat":284497},{"id":54856,"n":"Mini choux Tokapi  Bleu-/noix60g","p":1.36,"u":"22,67 €/KG","img":"https://fd9-photos.leclercdrive.fr/image.ashx?id=2068019&use=l&cat=p&typeid=i","cat":297000},{"id":54857,"n":"Polenta Turini  500g","p":1.19,"u":"2,38 €/KG","img":"https://fd9-photos.leclercdrive.fr/image.ashx?id=2682792&use=l&cat=p&typeid=i","cat":284431},{"id":54926,"n":"Mousse liégeoise Viennois  Café - 4x90g","p":1.81,"u":"5,03 €/KG","img":"https://fd9-photos.leclercdrive.fr/image.ashx?id=2729788&use=l&cat=p&typeid=i","cat":284417},{"id":54944,"n":"Cône Nestlé Extrême  Café intense - 6x71g","p":3.43,"u":"8,05 €/KG","img":"https://fd9-photos.leclercdrive.fr/image.ashx?id=3000435&use=l&cat=p&typeid=i","cat":284264},{"id":54956,"n":"Macarons Autour Du Dessert Assortiment - x12","p":4.82,"img":"https://fd9-photos.leclercdrive.fr/image.ashx?id=2987485&use=l&cat=p&typeid=i","cat":284267},{"id":54957,"n":"Cône Extrême Nestle Vanille Fraise - 6x71g","p":3.52,"u":"8,26 €/KG","img":"https://fd9-photos.leclercdrive.fr/image.ashx?id=2353113&use=l&cat=p&typeid=i","cat":284264},{"id":54958,"n":"Cône Extrême Nestle Menthe chocolat - 6x71g","p":3.62,"u":"8,50 €/KG","img":"https://fd9-photos.leclercdrive.fr/image.ashx?id=2737048&use=l&cat=p&typeid=i","cat":284264},{"id":54959,"n":"Cône Extrême Intense Nestle Pistache Chocolat - 6x71g","p":3.76,"u":"8,83 €/KG","img":"https://fd9-photos.leclercdrive.fr/image.ashx?id=2353116&use=l&cat=p&typeid=i","cat":284264},{"id":55090,"n":"AOP Bordeaux rouge Mouton Cadet - 75cl","p":6.95,"u":"9,27 €/L","img":"https://fd9-photos.leclercdrive.fr/image.ashx?id=2959940&use=l&cat=p&typeid=i","cat":289556},{"id":55093,"n":"AOC Bordeaux Vin rouge Château Giraudot -  75cl","p":4.2,"pp":2.77,"u":"3,69 €/L","img":"https://fd9-photos.leclercdrive.fr/image.ashx?id=2651921&use=l&cat=p&typeid=i","cat":289556},{"id":55102,"n":"Dentifrice expert Bionaïa Menthe Bio - 75ml","p":1.79,"u":"23,87 €/L","img":"https://fd9-photos.leclercdrive.fr/image.ashx?id=2529540&use=l&cat=p&typeid=i","cat":284612},{"id":55104,"n":"Recharge brosse à dents Dentamyl - Double zone - x2","p":6.99,"u":"3,50 €/P","img":"https://fd9-photos.leclercdrive.fr/image.ashx?id=2790988&use=l&cat=p&typeid=i","cat":297133},{"id":55109,"n":"Recharge brosse à dents Dentamyl Sensitive x2","p":6.99,"u":"3,50 €/P","img":"https://fd9-photos.leclercdrive.fr/image.ashx?id=2790991&use=l&cat=p&typeid=i","cat":297133},{"id":55115,"n":"Lingettes Mots d'Enfants Pockets - x20","p":1.19,"u":"0,06 €/P","img":"https://fd9-photos.leclercdrive.fr/image.ashx?id=2856549&use=l&cat=p&typeid=i","cat":284738},{"id":55116,"n":"Plat à tarte Elembal  x3","p":2.05,"u":"0,68 €/P","img":"https://fd9-photos.leclercdrive.fr/image.ashx?id=2511123&use=l&cat=p&typeid=i","cat":334134},{"id":55145,"n":"Allumettes Fleury Michon Jambon cuit - 2x75g","p":1.23,"u":"8,20 €/KG","img":"https://fd9-photos.leclercdrive.fr/image.ashx?id=2651047&use=l&cat=p&typeid=i","cat":316011},{"id":55160,"n":"Brioche tréssée Pasquier Tranchée Pépite chocolat - 500g","p":2.82,"u":"5,64 €/KG","img":"https://fd9-photos.leclercdrive.fr/image.ashx?id=2971969&use=l&cat=p&typeid=i","cat":284478},{"id":55197,"n":"Plat bébé soir Blédiner 12 mois Macaroni ratatouille - 2x200g","p":2.25,"u":"5,63 €/KG","img":"https://fd9-photos.leclercdrive.fr/image.ashx?id=2845826&use=l&cat=p&typeid=i","cat":312239},{"id":55206,"n":"Plat bébé Blédina 12 mois Pâtes tomate jambon - 2x200g","p":2.64,"u":"6,60 €/KG","img":"https://fd9-photos.leclercdrive.fr/image.ashx?id=2975071&use=l&cat=p&typeid=i","cat":312237},{"id":55259,"n":"Rôti de porc supérieur L'Atelier Charcuterie x2 - 90g","p":2.09,"u":"23,22 €/KG","img":"https://fd9-photos.leclercdrive.fr/image.ashx?id=2943590&use=l&cat=p&typeid=i","cat":316009},{"id":55260,"n":"Rôti de porc supérieur L'Atelier Charcuterie x4 -180g","p":3.68,"u":"20,44 €/KG","img":"https://fd9-photos.leclercdrive.fr/image.ashx?id=2998856&use=l&cat=p&typeid=i","cat":316009},{"id":55261,"n":"Pâté de campagne Breton L'Atelier Charcuterie - 170g","p":2.39,"u":"14,06 €/KG","img":"https://fd9-photos.leclercdrive.fr/image.ashx?id=2970426&use=l&cat=p&typeid=i","cat":316008},{"id":55262,"n":"Pâté Campagne Supérieur L'Atelier Charcuterie - 170g","p":2.08,"u":"12,24 €/KG","img":"https://fd9-photos.leclercdrive.fr/image.ashx?id=2905862&use=l&cat=p&typeid=i","cat":316008},{"id":55263,"n":"Terrine de lapin  L'Atelier Charcuterie - 170g","p":3.99,"u":"23,47 €/KG","img":"https://fd9-photos.leclercdrive.fr/image.ashx?id=2974702&use=l&cat=p&typeid=i","cat":316008},{"id":55264,"n":"Mousse de foie Supérieure L'Atelier Charcuterie - 170g","p":2.19,"u":"12,88 €/KG","img":"https://fd9-photos.leclercdrive.fr/image.ashx?id=2882289&use=l&cat=p&typeid=i","cat":316008},{"id":55265,"n":"Mousse de canard Supérieure L'Atelier Charcuterie - 170g","p":2.71,"u":"15,94 €/KG","img":"https://fd9-photos.leclercdrive.fr/image.ashx?id=2882529&use=l&cat=p&typeid=i","cat":316008},{"id":55271,"n":"AOC Bordeaux vin rouge Bernard Cordelier - 75 cl","p":1.99,"u":"2,65 €/L","img":"https://fd9-photos.leclercdrive.fr/image.ashx?id=2750123&use=l&cat=p&typeid=i","cat":289556},{"id":55272,"n":"AOC Bergerac vin rouge Bernard Cordelier - 75 cl","p":1.99,"u":"2,65 €/L","img":"https://fd9-photos.leclercdrive.fr/image.ashx?id=2726682&use=l&cat=p&typeid=i","cat":289556},{"id":55275,"n":"Bougie Bien Air Soirée d'hiver 30heures - x1","p":2.34,"img":"https://fd9-photos.leclercdrive.fr/image.ashx?id=2399755&use=l&cat=p&typeid=i","cat":284666},{"id":55276,"n":"Brosse adhésive  Mamison Textile 36 feuilles","p":2.29,"img":"https://fd9-photos.leclercdrive.fr/image.ashx?id=1063565&use=l&cat=p&typeid=i","cat":284669},{"id":55279,"n":"Café grains Bio Ethiquable  100% arabica Honduras - 1kg","p":16.82,"u":"16,82 €/KG","img":"https://fd9-photos.leclercdrive.fr/image.ashx?id=2876857&use=l&cat=p&typeid=i","cat":293237},{"id":55281,"n":"Bougies d'anniversaire Ardence Bleues - x24","p":0.95,"u":"0,04 €/P","img":"https://fd9-photos.leclercdrive.fr/image.ashx?id=2980480&use=l&cat=p&typeid=i","cat":335913},{"id":55282,"n":"Bougies d'anniversaire Ardence Roses - x24","p":0.95,"u":"0,04 €/P","img":"https://fd9-photos.leclercdrive.fr/image.ashx?id=2980483&use=l&cat=p&typeid=i","cat":335913},{"id":55283,"n":"Bougies d'anniversaire Ardence Blanches  - x24","p":0.95,"u":"0,04 €/P","img":"https://fd9-photos.leclercdrive.fr/image.ashx?id=2980486&use=l&cat=p&typeid=i","cat":335913},{"id":55287,"n":"Bougie d'anniversaire Ardence Couleur divers -Chiffre 2 - x1","p":0.43,"img":"https://fd9-photos.leclercdrive.fr/image.ashx?id=2051894&use=l&cat=p&typeid=i","cat":335913},{"id":55343,"n":"Biscuits à thé Delacre Tea Time Assortiment Boîte Métal - 1kg","p":14.19,"u":"14,19 €/KG","img":"https://fd9-photos.leclercdrive.fr/image.ashx?id=2867969&use=l&cat=p&typeid=i","cat":284490},{"id":55377,"n":"Bougie Bien Air Fruits rouges 30heures - x1","p":2.19,"img":"https://fd9-photos.leclercdrive.fr/image.ashx?id=2939073&use=l&cat=p&typeid=i","cat":284666},{"id":55415,"n":"Bougie Bien Air Anti-tabac 30h - x1","p":1.83,"img":"https://fd9-photos.leclercdrive.fr/image.ashx?id=2999613&use=l&cat=p&typeid=i","cat":284666},{"id":55416,"n":"Recharge adhésive Mamison  36 feuilles-  x2","p":2.22,"img":"https://fd9-photos.leclercdrive.fr/image.ashx?id=1066450&use=l&cat=p&typeid=i","cat":284669},{"id":55429,"n":"Crème Chantilly UHT Président Aérosol sucré aromatisé - 250g","p":2.94,"u":"11,76 €/KG","img":"https://fd9-photos.leclercdrive.fr/image.ashx?id=2860169&use=l&cat=p&typeid=i","cat":284382},{"id":55438,"n":"Confit de canard du Sud-Ouest Pomme de terre - NRT - 1065g","p":13.99,"u":"13,14 €/KG","img":"https://fd9-photos.leclercdrive.fr/image.ashx?id=2753535&use=l&cat=p&typeid=i","cat":284440},{"id":55439,"n":"Salade Niçoise Côté Snack Au thon - 250g","p":1.8,"u":"7,20 €/KG","img":"https://fd9-photos.leclercdrive.fr/image.ashx?id=2868316&use=l&cat=p&typeid=i","cat":284437},{"id":55442,"n":"Salade Parisienne Côté Snack Au thon - 250g","p":2.49,"u":"9,96 €/KG","img":"https://fd9-photos.leclercdrive.fr/image.ashx?id=2905919&use=l&cat=p&typeid=i","cat":284437},{"id":55450,"n":"Mini paniers feuilletés x16 pièces - 200g","p":6.9,"u":"34,50 €/KG","img":"https://fd9-photos.leclercdrive.fr/image.ashx?id=2634205&use=l&cat=p&typeid=i","cat":327280},{"id":55454,"n":"Duo de saucisses costumées x24 pièces - 340g","p":11.35,"u":"33,38 €/KG","img":"https://fd9-photos.leclercdrive.fr/image.ashx?id=2458766&use=l&cat=p&typeid=i","cat":327280},{"id":55474,"n":"Mix Patisserie Schar Sans gluten - 1kg","p":6.62,"u":"6,62 €/KG","img":"https://fd9-photos.leclercdrive.fr/image.ashx?id=2439950&use=l&cat=p&typeid=i","cat":284504},{"id":55479,"n":"Céréales Chocolat  Gerblé  Sans Gluten - 300g","p":4.2,"u":"14,00 €/KG","img":"https://fd9-photos.leclercdrive.fr/image.ashx?id=2662820&use=l&cat=p&typeid=i","cat":318654},{"id":55527,"n":"Vin d'Espagne blanc François D'Aubigné - 150 cl","p":1.99,"u":"1,33 €/L","img":"https://fd9-photos.leclercdrive.fr/image.ashx?id=2751862&use=l&cat=p&typeid=i","cat":289557},{"id":55528,"n":"Vin d'Espagne rosé François D'Aubigné - 150 cl","p":1.99,"u":"1,33 €/L","img":"https://fd9-photos.leclercdrive.fr/image.ashx?id=2747734&use=l&cat=p&typeid=i","cat":289558},{"id":55529,"n":"Vin d'Espagne rouge François D'Aubigné - 150 cl","p":1.99,"u":"1,33 €/L","img":"https://fd9-photos.leclercdrive.fr/image.ashx?id=2774888&use=l&cat=p&typeid=i","cat":289556},{"id":55534,"n":"AOC Côtes de Bergerac vin blanc Bernard Cordelier - 75 cl","p":2.49,"u":"3,32 €/L","img":"https://fd9-photos.leclercdrive.fr/image.ashx?id=2886531&use=l&cat=p&typeid=i","cat":289557},{"id":55573,"n":"Soda Coca-Cola Original Bouteille - 1L","p":1.7,"u":"1,70 €/L","img":"https://fd9-photos.leclercdrive.fr/image.ashx?id=2194409&use=l&cat=p&typeid=i","cat":284530},{"id":55585,"n":"Verrines avocat crevettes x6 pièces - 270g","p":6.8,"u":"25,19 €/KG","img":"https://fd9-photos.leclercdrive.fr/image.ashx?id=2309972&use=l&cat=p&typeid=i","cat":327280},{"id":55586,"n":"Verrines de Tomate et Thon x6 pièces - 270g","p":7.8,"u":"28,89 €/KG","img":"https://fd9-photos.leclercdrive.fr/image.ashx?id=2445367&use=l&cat=p&typeid=i","cat":316003},{"id":55633,"n":"Patés au thon Pêche Ocean 4x22g","p":1.78,"u":"20,23 €/KG","img":"https://fd9-photos.leclercdrive.fr/image.ashx?id=2578514&use=l&cat=p&typeid=i","cat":289009},{"id":55642,"n":"Ramette Esquisse x500 - A4 - 100g - Ultra blanc","p":7.9,"img":"https://fd9-photos.leclercdrive.fr/image.ashx?id=2943250&use=l&cat=p&typeid=i","cat":284697},{"id":55666,"n":"Etiquettes blanches Esquisse 24x35mm - x48","p":0.8,"img":"https://fd9-photos.leclercdrive.fr/image.ashx?id=2943259&use=l&cat=p&typeid=i","cat":334133},{"id":55669,"n":"Bâton de colle Esquisse 5x10g","p":2.39,"u":"47,80 €/KG","img":"https://fd9-photos.leclercdrive.fr/image.ashx?id=2943253&use=l&cat=p&typeid=i","cat":334133},{"id":55700,"n":"Haricots Verts Cassegrain Extra Fins Ceuillis main 110g","p":1.34,"u":"12,18 €/KG","img":"https://fd9-photos.leclercdrive.fr/image.ashx?id=2913034&use=l&cat=p&typeid=i","cat":312606},{"id":55786,"n":"Crêpe fourrée Whaou Chocolat / Noisette x8 - 256g","p":2.31,"u":"9,02 €/KG","img":"https://fd9-photos.leclercdrive.fr/image.ashx?id=2962857&use=l&cat=p&typeid=i","cat":284494},{"id":55810,"n":"Chipolatas bio - Bio Village  x5 - 275g","p":4.69,"u":"17,05 €/KG","img":"https://fd9-photos.leclercdrive.fr/image.ashx?id=2886478&use=l&cat=p&typeid=i","cat":284334},{"id":55816,"n":"Lingettes désinfectantes 2en1 x10 lingettes","p":1.52,"img":"https://fd9-photos.leclercdrive.fr/image.ashx?id=2832981&use=l&cat=p&typeid=i","cat":284630},{"id":55887,"n":"Bougie Bien Air Vanille Caramel 30h - x1","p":1.8,"img":"https://fd9-photos.leclercdrive.fr/image.ashx?id=2932420&use=l&cat=p&typeid=i","cat":284666},{"id":55949,"n":"Riz soja bio Céréal Bio  à l'espagnol repas express-220g","p":2.29,"u":"10,41 €/KG","img":"https://fd9-photos.leclercdrive.fr/image.ashx?id=2575093&use=l&cat=p&typeid=i","cat":287600},{"id":55955,"n":"Cahier  Esquisse 96 pages Bleu - 17x22cm","p":0.65,"img":"https://fd9-photos.leclercdrive.fr/image.ashx?id=1690182&use=l&cat=p&typeid=i","cat":284697},{"id":56112,"n":"Equerre 60°  Maped Bleu - Incassable et Flex- 21cm","p":1.49,"img":"https://fd9-photos.leclercdrive.fr/image.ashx?id=1189239&use=l&cat=p&typeid=i","cat":334133},{"id":56119,"n":"Champagne Alfred Rothschild Demi-sec, 12%vol - 75cl","p":23.03,"u":"30,71 €/L","img":"https://fd9-photos.leclercdrive.fr/image.ashx?id=2254172&use=l&cat=p&typeid=i","cat":284542},{"id":56134,"n":"Perforateur 2 trous Maped Taupe - avec reglette x","p":3.59,"img":"https://fd9-photos.leclercdrive.fr/image.ashx?id=1189263&use=l&cat=p&typeid=i","cat":334133},{"id":56145,"n":"Gomme Maped Zenoa Violet - avec étui","p":1.39,"img":"https://fd9-photos.leclercdrive.fr/image.ashx?id=1189287&use=l&cat=p&typeid=i","cat":334133},{"id":56155,"n":"Jambon des Pyrénées NRT x4 - 100g","p":2.99,"u":"29,90 €/KG","img":"https://fd9-photos.leclercdrive.fr/image.ashx?id=2670452&use=l&cat=p&typeid=i","cat":316007},{"id":56158,"n":"Jambon du Périgord NRT x4 - 100g","p":3.43,"u":"34,30 €/KG","img":"https://fd9-photos.leclercdrive.fr/image.ashx?id=1671277&use=l&cat=p&typeid=i","cat":316007},{"id":56160,"n":"Assortiment de charcuteries Savoyardes - NRT - 200g","p":6.29,"u":"31,45 €/KG","img":"https://fd9-photos.leclercdrive.fr/image.ashx?id=2753529&use=l&cat=p&typeid=i","cat":316007},{"id":56418,"n":"Vinaigre de cidre Bio Village Bio 75cl","p":2.09,"u":"2,79 €/L","img":"https://fd9-photos.leclercdrive.fr/image.ashx?id=1069902&use=l&cat=p&typeid=i","cat":298543},{"id":56440,"n":"Biscuit Citron Yuzu GERBLE  sans sucre 6 132g","p":1.89,"u":"14,32 €/KG","img":"https://fd9-photos.leclercdrive.fr/image.ashx?id=2664016&use=l&cat=p&typeid=i","cat":318653},{"id":56452,"n":"Cookie Cacao GERBLE  sans sucres - 130g","p":2.29,"u":"17,62 €/KG","img":"https://fd9-photos.leclercdrive.fr/image.ashx?id=2575057&use=l&cat=p&typeid=i","cat":318653},{"id":56456,"n":"Biscuit Coco GERBLE  sans sucre - 132g","p":1.93,"u":"14,62 €/KG","img":"https://fd9-photos.leclercdrive.fr/image.ashx?id=2662826&use=l&cat=p&typeid=i","cat":318653},{"id":56457,"n":"Biscuit Sésame Vanille GERBLE  sans sucres - 132g","p":1.96,"u":"14,85 €/KG","img":"https://fd9-photos.leclercdrive.fr/image.ashx?id=2664013&use=l&cat=p&typeid=i","cat":318653},{"id":56464,"n":"Biscuit fourré cacao GERBLE   sans sucre 6 185g","p":2.67,"u":"14,43 €/KG","img":"https://fd9-photos.leclercdrive.fr/image.ashx?id=2662832&use=l&cat=p&typeid=i","cat":318653},{"id":56465,"n":"Barre Chocolat ISOSTAR  Chocolat - 3x35g","p":2.79,"u":"26,57 €/KG","img":"https://fd9-photos.leclercdrive.fr/image.ashx?id=2323478&use=l&cat=p&typeid=i","cat":318652},{"id":56468,"n":"Goûters 4S aux pommes Gerblé 360g","p":1.98,"u":"5,50 €/KG","img":"https://fd9-photos.leclercdrive.fr/image.ashx?id=2860907&use=l&cat=p&typeid=i","cat":318651},{"id":56470,"n":"Boisson orange ISOSTAR  Poudre energétique  400 g","p":7.23,"u":"18,08 €/KG","img":"https://fd9-photos.leclercdrive.fr/image.ashx?id=2663045&use=l&cat=p&typeid=i","cat":318652},{"id":56510,"n":"Préfou de Vendée NRT A l'ail - 280g","p":3.99,"u":"14,25 €/KG","img":"https://fd9-photos.leclercdrive.fr/image.ashx?id=2743891&use=l&cat=p&typeid=i","cat":316003},{"id":56511,"n":"Galettes sarrasin Bretagne NRT x6 - 300g","p":1.89,"u":"6,30 €/KG","img":"https://fd9-photos.leclercdrive.fr/image.ashx?id=2770268&use=l&cat=p&typeid=i","cat":333672},{"id":56517,"n":"Eau minérale naturelle Contrex 6x1.5L","p":3.0,"u":"0,33 €/L","img":"https://fd9-photos.leclercdrive.fr/image.ashx?id=2758773&use=l&cat=p&typeid=i","cat":284535},{"id":56558,"n":"Croquettes chat Tous mes amis Boeuf/poulet/légumes - 7.5kg","p":10.46,"u":"1,39 €/KG","img":"https://fd9-photos.leclercdrive.fr/image.ashx?id=2319118&use=l&cat=p&typeid=i","cat":284680},{"id":56574,"n":"Sel Fin de Table Rustica Boîte verseuse 500g","p":0.46,"u":"0,92 €/KG","img":"https://fd9-photos.leclercdrive.fr/image.ashx?id=2050681&use=l&cat=p&typeid=i","cat":284457},{"id":56609,"n":"Fromage à tartiner Madame Loïk Fouetté Nature - 320g","p":3.25,"u":"10,16 €/KG","img":"https://fd9-photos.leclercdrive.fr/image.ashx?id=2967798&use=l&cat=p&typeid=i","cat":314029},{"id":56610,"n":"Fromage à tartiner Madame Loïk Fouetté Nature - 180g","p":2.0,"u":"11,11 €/KG","img":"https://fd9-photos.leclercdrive.fr/image.ashx?id=2948015&use=l&cat=p&typeid=i","cat":314029},{"id":56613,"n":"IGP Pays d'Oc rouge Merlot Grand Sud 13.5% vol - BIB 5L","p":16.95,"u":"3,39 €/L","img":"https://fd9-photos.leclercdrive.fr/image.ashx?id=2837457&use=l&cat=p&typeid=i","cat":289556},{"id":56683,"n":"Pur jus d'ananas Bio Village  Bio - 1L","p":3.81,"u":"3,81 €/L","img":"https://fd9-photos.leclercdrive.fr/image.ashx?id=2901539&use=l&cat=p&typeid=i","cat":284916},{"id":56741,"n":"Fromage raclette Entremont  Sans croûte - 350g","p":4.9,"u":"14,00 €/KG","img":"https://fd9-photos.leclercdrive.fr/image.ashx?id=2980902&use=l&cat=p&typeid=i","cat":314037},{"id":56763,"n":"Vinaigre de vin Rustica  25cl","p":0.89,"u":"3,56 €/L","img":"https://fd9-photos.leclercdrive.fr/image.ashx?id=1072903&use=l&cat=p&typeid=i","cat":298543},{"id":56765,"n":"Vinaigre de cidre Rustica 25cl","p":0.79,"u":"3,16 €/L","img":"https://fd9-photos.leclercdrive.fr/image.ashx?id=1072906&use=l&cat=p&typeid=i","cat":298543},{"id":56767,"n":"Vinaigre balsamique Rustica De Modène - 25cl","p":1.27,"u":"5,08 €/L","img":"https://fd9-photos.leclercdrive.fr/image.ashx?id=2777812&use=l&cat=p&typeid=i","cat":298543},{"id":56770,"n":"Fleur de sel de Guérande IGP  NRT - 125g","p":2.49,"u":"19,92 €/KG","img":"https://fd9-photos.leclercdrive.fr/image.ashx?id=2644924&use=l&cat=p&typeid=i","cat":284457},{"id":56780,"n":"AOP Montagny Châtel Buis La Compagnie de Burgondie-75cL","p":9.63,"u":"12,84 €/L","img":"https://fd9-photos.leclercdrive.fr/image.ashx?id=2021499&use=l&cat=p&typeid=i","cat":289557},{"id":56845,"n":"Bâtonnets de poisson Findus  Colin d'Alaska MSC x16 - 448g","p":4.41,"u":"9,84 €/KG","img":"https://fd9-photos.leclercdrive.fr/image.ashx?id=2650684&use=l&cat=p&typeid=i","cat":319788},{"id":56852,"n":"Tablette de chocolat Côte d'or Lait Noisette - 4x180g","p":12.44,"u":"17,28 €/KG","img":"https://fd9-photos.leclercdrive.fr/image.ashx?id=2168660&use=l&cat=p&typeid=i","cat":284497},{"id":56853,"n":"Tablette de chocolat Côte d'or Noir noisette - 4x180g","p":12.2,"u":"16,94 €/KG","img":"https://fd9-photos.leclercdrive.fr/image.ashx?id=2167696&use=l&cat=p&typeid=i","cat":284956},{"id":56860,"n":"Flûtes Tokapi Chèvre/romarin -  - 100g","p":1.59,"u":"15,90 €/KG","img":"https://fd9-photos.leclercdrive.fr/image.ashx?id=2374055&use=l&cat=p&typeid=i","cat":297000},{"id":56861,"n":"Mini-flûtes Tokapi Tomate/olive/origan - 100g","p":1.59,"u":"15,90 €/KG","img":"https://fd9-photos.leclercdrive.fr/image.ashx?id=2374058&use=l&cat=p&typeid=i","cat":297000},{"id":56872,"n":"Tartiflette Côté Table  350g","p":2.9,"u":"8,29 €/KG","img":"https://fd9-photos.leclercdrive.fr/image.ashx?id=2970456&use=l&cat=p&typeid=i","cat":284953},{"id":56873,"n":"Hachis parmentier Côté Table 350g","p":2.53,"u":"7,23 €/KG","img":"https://fd9-photos.leclercdrive.fr/image.ashx?id=2393893&use=l&cat=p&typeid=i","cat":284953},{"id":56874,"n":"Lasagnes bolognaise Côté Table Barquette - 350g","p":2.39,"u":"6,83 €/KG","img":"https://fd9-photos.leclercdrive.fr/image.ashx?id=2476164&use=l&cat=p&typeid=i","cat":284953},{"id":56883,"n":"Recharge essential mist AirWick Jasmin étoile - 20ml","p":4.83,"u":"241,50 €/L","img":"https://fd9-photos.leclercdrive.fr/image.ashx?id=1596122&use=l&cat=p&typeid=i","cat":311629},{"id":56885,"n":"Gel coiffant Vitanove Effet invisible - 300ml","p":1.96,"u":"6,53 €/L","img":"https://fd9-photos.leclercdrive.fr/image.ashx?id=2879940&use=l&cat=p&typeid=i","cat":284609},{"id":56886,"n":"Gel coiffant Vitanove Effet mouillé - 300ml","p":1.53,"u":"5,10 €/L","img":"https://fd9-photos.leclercdrive.fr/image.ashx?id=2273361&use=l&cat=p&typeid=i","cat":284609},{"id":56935,"n":"Pâte à tartiner Nutella 400g","p":3.33,"u":"8,33 €/KG","img":"https://fd9-photos.leclercdrive.fr/image.ashx?id=2935645&use=l&cat=p&typeid=i","cat":284481},{"id":56953,"n":"Cordons bleus Côté Croc Au poulet x2 - 200g","p":1.59,"u":"7,95 €/KG","img":"https://fd9-photos.leclercdrive.fr/image.ashx?id=2801046&use=l&cat=p&typeid=i","cat":333683},{"id":56967,"n":"Biscuits déli Matin P'tit Deli Pepites chocolat -  600g","p":3.31,"u":"5,52 €/KG","img":"https://fd9-photos.leclercdrive.fr/image.ashx?id=2999514&use=l&cat=p&typeid=i","cat":284491},{"id":56975,"n":"Saucisson sec Saint-Azay Pur porc - 250g","p":4.09,"u":"16,36 €/KG","img":"https://fd9-photos.leclercdrive.fr/image.ashx?id=2967579&use=l&cat=p&typeid=i","cat":316006},{"id":56977,"n":"Yaourt Deli'light Delisse Citron, 0% mg -  4x125g","p":1.45,"u":"2,90 €/KG","img":"https://fd9-photos.leclercdrive.fr/image.ashx?id=2946457&use=l&cat=p&typeid=i","cat":286006},{"id":56978,"n":"Yaourts Deli'light Delisse Fraise - 4x125g","p":1.59,"u":"3,18 €/KG","img":"https://fd9-photos.leclercdrive.fr/image.ashx?id=2883321&use=l&cat=p&typeid=i","cat":315000},{"id":56979,"n":"Yaourts Deli'light Delisse Cerise 0%mg - 4x125g","p":1.45,"u":"2,90 €/KG","img":"https://fd9-photos.leclercdrive.fr/image.ashx?id=2938412&use=l&cat=p&typeid=i","cat":315000},{"id":56980,"n":"Laque Vitanove  Maximum - 400ml","p":2.6,"u":"6,50 €/L","img":"https://fd9-photos.leclercdrive.fr/image.ashx?id=2490043&use=l&cat=p&typeid=i","cat":284609},{"id":56991,"n":"Eau de javel Clair Citron - 3x250ml","p":1.3,"u":"1,73 €/L","img":"https://fd9-photos.leclercdrive.fr/image.ashx?id=2949203&use=l&cat=p&typeid=i","cat":284661},{"id":56994,"n":"Pancakes Epi d'or x6 - 200g","p":2.63,"u":"13,15 €/KG","img":"https://fd9-photos.leclercdrive.fr/image.ashx?id=1905500&use=l&cat=p&typeid=i","cat":288858},{"id":56995,"n":"Jus de fruit Jafaden  Grenade - 1L","p":2.71,"u":"2,71 €/L","img":"https://fd9-photos.leclercdrive.fr/image.ashx?id=2591412&use=l&cat=p&typeid=i","cat":284915},{"id":57017,"n":"Friandises chat Catisfactions Poulet - 60g","p":1.12,"u":"18,67 €/KG","img":"https://fd9-photos.leclercdrive.fr/image.ashx?id=2914762&use=l&cat=p&typeid=i","cat":285285},{"id":57020,"n":"Ossau iraty NRT AOP  Fromage de brebis - 200g","p":3.99,"u":"19,95 €/KG","img":"https://fd9-photos.leclercdrive.fr/image.ashx?id=2342632&use=l&cat=p&typeid=i","cat":329184},{"id":57030,"n":"Fromage Morbier NRT AOP  250g","p":3.59,"u":"14,36 €/KG","img":"https://fd9-photos.leclercdrive.fr/image.ashx?id=2624034&use=l&cat=p&typeid=i","cat":329184},{"id":57040,"n":"Bière blanche 1664 Blanc 5° - 6x25cl","p":4.69,"u":"3,13 €/L","img":"https://fd9-photos.leclercdrive.fr/image.ashx?id=2886699&use=l&cat=p&typeid=i","cat":334878},{"id":57041,"n":"Bière blonde 1664 5,5° - 6x33cl canettes","p":4.99,"pp":3.29,"u":"1,66 €/L","img":"https://fd9-photos.leclercdrive.fr/image.ashx?id=2887566&use=l&cat=p&typeid=i","cat":334853},{"id":57044,"n":"Bière blonde Kronenbourg 4,2° - 12x33cl canettes","p":7.8,"u":"1,97 €/L","img":"https://fd9-photos.leclercdrive.fr/image.ashx?id=2854366&use=l&cat=p&typeid=i","cat":334853},{"id":57100,"n":"Yaourts aux fruits Délisse Abricot - 4x125g","p":1.68,"u":"3,36 €/KG","img":"https://fd9-photos.leclercdrive.fr/image.ashx?id=2586025&use=l&cat=p&typeid=i","cat":284410},{"id":57119,"n":"Super décapant cuisine Briochin Ecocert - 1L","p":3.9,"u":"3,90 €/L","img":"https://fd9-photos.leclercdrive.fr/image.ashx?id=3011401&use=l&cat=p&typeid=i","cat":325357},{"id":57151,"n":"Mousse Délisse Chocolat au lait - 8x60g","p":2.25,"u":"4,69 €/KG","img":"https://fd9-photos.leclercdrive.fr/image.ashx?id=3009517&use=l&cat=p&typeid=i","cat":284417},{"id":57155,"n":"Yaourts à la Grecque Delisse Lit de miel - 4x150g","p":2.89,"u":"4,82 €/KG","img":"https://fd9-photos.leclercdrive.fr/image.ashx?id=2699702&use=l&cat=p&typeid=i","cat":314999},{"id":57156,"n":"Yaourts Delilight Délisse Nature, 0% MG - 4x125g","p":1.09,"u":"2,18 €/KG","img":"https://fd9-photos.leclercdrive.fr/image.ashx?id=2920193&use=l&cat=p&typeid=i","cat":315000},{"id":57162,"n":"Yaourt brassé fraise 4x125g","p":1.41,"u":"2,82 €/KG","img":"https://fd9-photos.leclercdrive.fr/image.ashx?id=2796532&use=l&cat=p&typeid=i","cat":284410},{"id":57163,"n":"Yaourts aux fruits quartiers 16x125g","p":4.39,"u":"2,20 €/KG","img":"https://fd9-photos.leclercdrive.fr/image.ashx?id=2482890&use=l&cat=p&typeid=i","cat":284410},{"id":57183,"n":"Fromage blanc  Lait brebis - 400g","p":2.09,"u":"5,23 €/KG","img":"https://fd9-photos.leclercdrive.fr/image.ashx?id=1735724&use=l&cat=p&typeid=i","cat":314998},{"id":57190,"n":"Yaourt brassé Bio Village Myrtille Bio - 4x115g","p":1.45,"u":"3,15 €/KG","img":"https://fd9-photos.leclercdrive.fr/image.ashx?id=2662175&use=l&cat=p&typeid=i","cat":284410},{"id":57274,"n":"Boisson aux fruits Oasis Goût Pomme Cassis Framboise 1L","p":1.71,"u":"1,71 €/L","img":"https://fd9-photos.leclercdrive.fr/image.ashx?id=3011083&use=l&cat=p&typeid=i","cat":295018},{"id":57275,"n":"Boisson aux fruits Oasis Tropical - 1L","p":1.6,"u":"1,60 €/L","img":"https://fd9-photos.leclercdrive.fr/image.ashx?id=2666638&use=l&cat=p&typeid=i","cat":295018},{"id":57284,"n":"AOC Prosecco Riccadonna Extra Dry - 11° - 75cl","p":6.27,"u":"8,36 €/L","img":"https://fd9-photos.leclercdrive.fr/image.ashx?id=2666303&use=l&cat=p&typeid=i","cat":289461},{"id":57288,"n":"Jeunes pousses & roquettes  Bonduelle - 145g","p":2.09,"u":"14,41 €/KG","img":"https://fd9-photos.leclercdrive.fr/image.ashx?id=2862128&use=l&cat=p&typeid=i","cat":284353},{"id":57314,"n":"Risotto Fleury Michon Poulet et cèpes - 280g","p":3.22,"u":"11,50 €/KG","img":"https://fd9-photos.leclercdrive.fr/image.ashx?id=3003281&use=l&cat=p&typeid=i","cat":333665},{"id":57354,"n":"Duo de Sel & Poivre La Baleine Sel 50G - Poivre 18G","p":2.5,"u":"36,76 €/KG","img":"https://fd9-photos.leclercdrive.fr/image.ashx?id=1752097&use=l&cat=p&typeid=i","cat":284457},{"id":57627,"n":"Bacon Bio Village 10 tranches bio 100g","p":2.29,"u":"22,90 €/KG","img":"https://fd9-photos.leclercdrive.fr/image.ashx?id=1921536&use=l&cat=p&typeid=i","cat":316007},{"id":57683,"n":"Lait éveil Lactel Nature 12 mois à 36 mois - 12x25cl","p":7.69,"u":"2,56 €/L","img":"https://fd9-photos.leclercdrive.fr/image.ashx?id=2741478&use=l&cat=p&typeid=i","cat":284728},{"id":57685,"n":"Pots bébé bio Babybio Légumes poulet - 6 mois - 400g","p":3.14,"u":"7,85 €/KG","img":"https://fd9-photos.leclercdrive.fr/image.ashx?id=2827422&use=l&cat=p&typeid=i","cat":312236},{"id":57688,"n":"Bols soir bébé bio Babybio Purée, courgette -8 mois-2x200g","p":2.78,"u":"6,95 €/KG","img":"https://fd9-photos.leclercdrive.fr/image.ashx?id=2859365&use=l&cat=p&typeid=i","cat":312239},{"id":57691,"n":"Gourde bébé Babybio Bio 6 mois Pomme/poire/pêche - 4x90g","p":2.99,"u":"8,31 €/KG","img":"https://fd9-photos.leclercdrive.fr/image.ashx?id=2733319&use=l&cat=p&typeid=i","cat":312393},{"id":57693,"n":"Crème dessert bébé bio Babybio  Semoule cacao -8 mois- 4x85g","p":3.63,"u":"10,68 €/KG","img":"https://fd9-photos.leclercdrive.fr/image.ashx?id=2834527&use=l&cat=p&typeid=i","cat":312393},{"id":57694,"n":"Crème dessert bébé bio Babybio  Semoule vanille -6 mois- 4x85g","p":3.59,"u":"10,56 €/KG","img":"https://fd9-photos.leclercdrive.fr/image.ashx?id=2834530&use=l&cat=p&typeid=i","cat":312393},{"id":57696,"n":"Pots bébé bio Babybio - 6 mois  Légumes pâtes boeuf - 2x200g","p":3.11,"u":"7,78 €/KG","img":"https://fd9-photos.leclercdrive.fr/image.ashx?id=2838301&use=l&cat=p&typeid=i","cat":312236},{"id":57703,"n":"Bols bébé soir bio Babybio Légumes pâtes - 8 mois - 2x200g","p":2.88,"u":"7,20 €/KG","img":"https://fd9-photos.leclercdrive.fr/image.ashx?id=2838311&use=l&cat=p&typeid=i","cat":312239},{"id":57705,"n":"Compote bébé Babybio Bio 4 mois Mirabelle Pomme - 2x130g","p":2.06,"u":"7,92 €/KG","img":"https://fd9-photos.leclercdrive.fr/image.ashx?id=2834518&use=l&cat=p&typeid=i","cat":312387},{"id":57712,"n":"Vin de l'Union Européenne rosé Caves Vernaux Champlure - 75 cl","p":2.65,"u":"3,53 €/L","img":"https://fd9-photos.leclercdrive.fr/image.ashx?id=2964950&use=l&cat=p&typeid=i","cat":289558},{"id":57713,"n":"Vin Union européenne blanc Lichette Alouettes - 5L","p":13.23,"u":"2,65 €/L","img":"https://fd9-photos.leclercdrive.fr/image.ashx?id=2859194&use=l&cat=p&typeid=i","cat":289557},{"id":57767,"n":"Tablette de chocolat noir Lindt Framboise intense - 100g","p":2.28,"u":"22,80 €/KG","img":"https://fd9-photos.leclercdrive.fr/image.ashx?id=2689484&use=l&cat=p&typeid=i","cat":318654},{"id":57768,"n":"Tablette de chocolat noir Lindt Sésame grillé - 100g","p":2.23,"u":"22,30 €/KG","img":"https://fd9-photos.leclercdrive.fr/image.ashx?id=2689490&use=l&cat=p&typeid=i","cat":284956},{"id":57772,"n":"Chocolat noir Lindt Création Menthe frappée - 150g","p":3.09,"u":"20,60 €/KG","img":"https://fd9-photos.leclercdrive.fr/image.ashx?id=2685817&use=l&cat=p&typeid=i","cat":284956},{"id":57775,"n":"Chocolat au lait Eco+ Noisette - 4x100g","p":3.08,"u":"7,70 €/KG","img":"https://fd9-photos.leclercdrive.fr/image.ashx?id=2775463&use=l&cat=p&typeid=i","cat":284497},{"id":57779,"n":"Capsules café Plantation Espresso n°5 - x16 - 92g","p":2.69,"u":"29,24 €/KG","img":"https://fd9-photos.leclercdrive.fr/image.ashx?id=2649729&use=l&cat=p&typeid=i","cat":293239},{"id":57782,"n":"Capsules café Plantation Cappuccino - 2x8 - 166g","p":3.45,"u":"20,78 €/KG","img":"https://fd9-photos.leclercdrive.fr/image.ashx?id=2856558&use=l&cat=p&typeid=i","cat":293239},{"id":57783,"n":"Capsules café Plantation Espresso forte n°7 - x16 - 105g","p":2.99,"u":"28,48 €/KG","img":"https://fd9-photos.leclercdrive.fr/image.ashx?id=2649732&use=l&cat=p&typeid=i","cat":293239},{"id":57786,"n":"Capsules café Plantation Gigante n°5 - x16 - 112g","p":2.99,"u":"26,70 €/KG","img":"https://fd9-photos.leclercdrive.fr/image.ashx?id=2649738&use=l&cat=p&typeid=i","cat":293239},{"id":57796,"n":"Bonbons KINDER Schoko-Bons Chocolat au lait - 300G","p":5.0,"u":"16,67 €/KG","img":"https://fd9-photos.leclercdrive.fr/image.ashx?id=2439692&use=l&cat=p&typeid=i","cat":304238},{"id":57804,"n":"Tomato Ketchup Heinz - 570g","p":2.25,"u":"3,95 €/KG","img":"https://fd9-photos.leclercdrive.fr/image.ashx?id=2924944&use=l&cat=p&typeid=i","cat":284455},{"id":57812,"n":"Petits pots bébé P'TITE RECETTE Couscous 8M+ - 2x200g","p":1.88,"u":"4,70 €/KG","img":"https://fd9-photos.leclercdrive.fr/image.ashx?id=2525696&use=l&cat=p&typeid=i","cat":312236},{"id":57821,"n":"Petits pots bébé PTIT SOUPER pâtes courgettes 6M+ - 2x200g","p":2.05,"u":"5,13 €/KG","img":"https://fd9-photos.leclercdrive.fr/image.ashx?id=2526523&use=l&cat=p&typeid=i","cat":312239},{"id":57823,"n":"Petits pots bébé P'TIT SOUPER Carottes semoule 6M+ - 2x200g","p":1.82,"u":"4,55 €/KG","img":"https://fd9-photos.leclercdrive.fr/image.ashx?id=2527109&use=l&cat=p&typeid=i","cat":312239},{"id":57824,"n":"Petits pots bébé P'TIT SOUPER Risotto carottes 12M+ - 2x200g","p":2.24,"u":"5,60 €/KG","img":"https://fd9-photos.leclercdrive.fr/image.ashx?id=2526526&use=l&cat=p&typeid=i","cat":312239},{"id":57883,"n":"Petits pots bébé P'TITE RECETTE  riz dinde 12M+ - 2x200g","p":1.82,"u":"4,55 €/KG","img":"https://fd9-photos.leclercdrive.fr/image.ashx?id=2629686&use=l&cat=p&typeid=i","cat":312237},{"id":57953,"n":"Papier cuisson Albal x16 feuilles","p":1.69,"img":"https://fd9-photos.leclercdrive.fr/image.ashx?id=2551447&use=l&cat=p&typeid=i","cat":334134},{"id":57956,"n":"Serviettes fuites urinaires  TENA Discreet - Mini - x20","p":3.52,"u":"0,18 €/P","img":"https://fd9-photos.leclercdrive.fr/image.ashx?id=2597241&use=l&cat=p&typeid=i","cat":284628},{"id":57958,"n":"Eau de toilette Alix De Faure Nature de feu - 100ml","p":4.55,"u":"45,50 €/L","img":"https://fd9-photos.leclercdrive.fr/image.ashx?id=2741300&use=l&cat=p&typeid=i","cat":287740},{"id":57960,"n":"Eau de toilette Alix de Faure Seville - 100ml","p":4.99,"u":"49,90 €/L","img":"https://fd9-photos.leclercdrive.fr/image.ashx?id=2645260&use=l&cat=p&typeid=i","cat":291525},{"id":57961,"n":"Eau de toilette Alix de Faure Nature sport - 100ml","p":4.55,"u":"45,50 €/L","img":"https://fd9-photos.leclercdrive.fr/image.ashx?id=2741294&use=l&cat=p&typeid=i","cat":287740},{"id":57962,"n":"Eau de toilette Alix de Faure Sao Paulo - 100ml","p":4.99,"u":"49,90 €/L","img":"https://fd9-photos.leclercdrive.fr/image.ashx?id=2645263&use=l&cat=p&typeid=i","cat":291525},{"id":57963,"n":"Eau de toilette Alix de Faure Budapest - 100ml","p":4.4,"u":"44,00 €/L","img":"https://fd9-photos.leclercdrive.fr/image.ashx?id=2645257&use=l&cat=p&typeid=i","cat":291525},{"id":57983,"n":"Râpe Électrique Velvet Smooth Exfoliante et Contour des Pieds","p":23.9,"u":"Dont 0,10 € d'éco-part.","img":"https://fd9-photos.leclercdrive.fr/image.ashx?id=2465143&use=l&cat=p&typeid=i","cat":325354},{"id":57984,"n":"Râpe Électrique 2 en 1 Exfoliante et Lissante Pieds","p":24.39,"u":"Dont 0,10 € d'éco-part.","img":"https://fd9-photos.leclercdrive.fr/image.ashx?id=2457473&use=l&cat=p&typeid=i","cat":325354},{"id":58119,"n":"Madeleines longue pépites sucre Le Ster x20 - 250g","p":1.66,"u":"6,64 €/KG","img":"https://fd9-photos.leclercdrive.fr/image.ashx?id=2962566&use=l&cat=p&typeid=i","cat":284492},{"id":58122,"n":"Colin d'Alaska Findus Façon meuniere - x2 - 250g","p":2.99,"u":"11,96 €/KG","img":"https://fd9-photos.leclercdrive.fr/image.ashx?id=2654914&use=l&cat=p&typeid=i","cat":319788},{"id":58133,"n":"Tablette de chocolat Côte d'Or Lait/amande  - 2x180g","p":8.38,"u":"23,28 €/KG","img":"https://fd9-photos.leclercdrive.fr/image.ashx?id=2938004&use=l&cat=p&typeid=i","cat":284497},{"id":58137,"n":"Moelleux chocolat Bio Village  Mini Bio - x6 - 200g","p":3.64,"u":"18,20 €/KG","img":"https://fd9-photos.leclercdrive.fr/image.ashx?id=1951160&use=l&cat=p&typeid=i","cat":294776},{"id":58138,"n":"Chocolat Noir Bio village Aux éclats d'amandes Bio - 100g","p":2.19,"u":"21,90 €/KG","img":"https://fd9-photos.leclercdrive.fr/image.ashx?id=2891896&use=l&cat=p&typeid=i","cat":284956},{"id":58139,"n":"Chocolat noir Bio Village Bio Écorce d'oranges - 100g","p":2.15,"u":"21,50 €/KG","img":"https://fd9-photos.leclercdrive.fr/image.ashx?id=2913769&use=l&cat=p&typeid=i","cat":284956},{"id":58142,"n":"Confiture extra bio Bio Village Cassis - 370g","p":2.59,"u":"7,00 €/KG","img":"https://fd9-photos.leclercdrive.fr/image.ashx?id=2459587&use=l&cat=p&typeid=i","cat":284480},{"id":58143,"n":"Soin de jour L'Oréal Paris Age Perfect anti-âge - 50ml","p":11.97,"pp":7.9,"u":"158,00 €/L","img":"https://fd9-photos.leclercdrive.fr/image.ashx?id=2769744&use=l&cat=p&typeid=i","cat":325345},{"id":58201,"n":"Désodorisant Bien Air  Senteur muguet - 300ml","p":1.09,"u":"3,63 €/L","img":"https://fd9-photos.leclercdrive.fr/image.ashx?id=2607942&use=l&cat=p&typeid=i","cat":311626},{"id":58202,"n":"Désodorisant Bien Air Floral - 300ml","p":1.09,"u":"3,63 €/L","img":"https://fd9-photos.leclercdrive.fr/image.ashx?id=2614573&use=l&cat=p&typeid=i","cat":311626},{"id":58203,"n":"Désodorisant Bien Air  Fruits rouges - 300ml","p":1.35,"u":"4,50 €/L","img":"https://fd9-photos.leclercdrive.fr/image.ashx?id=2613723&use=l&cat=p&typeid=i","cat":311626},{"id":58205,"n":"Désodorisant Bien Air Vanille - 300ml","p":1.09,"u":"3,63 €/L","img":"https://fd9-photos.leclercdrive.fr/image.ashx?id=2613726&use=l&cat=p&typeid=i","cat":311626},{"id":58206,"n":"Désodorisant Bien Air Agrume, anti-tabac - 300ml","p":1.15,"u":"3,83 €/L","img":"https://fd9-photos.leclercdrive.fr/image.ashx?id=2613729&use=l&cat=p&typeid=i","cat":311626},{"id":58214,"n":"Carré gourmand Garden Gourmet Tomates et mozzarella 160g","p":2.35,"u":"14,69 €/KG","img":"https://fd9-photos.leclercdrive.fr/image.ashx?id=3009107&use=l&cat=p&typeid=i","cat":316036},{"id":58218,"n":"Croissants Côté Table Jambon emmental - 2x170g","p":2.92,"u":"8,59 €/KG","img":"https://fd9-photos.leclercdrive.fr/image.ashx?id=2885128&use=l&cat=p&typeid=i","cat":333671},{"id":58220,"n":"Quenelles Côté Table x6 - 240g","p":1.21,"u":"5,04 €/KG","img":"https://fd9-photos.leclercdrive.fr/image.ashx?id=2858836&use=l&cat=p&typeid=i","cat":333682},{"id":58222,"n":"Nuggets Côté Croc Fromage - 180g","p":1.84,"u":"10,22 €/KG","img":"https://fd9-photos.leclercdrive.fr/image.ashx?id=2462260&use=l&cat=p&typeid=i","cat":333684},{"id":58314,"n":"Verrines tartare de concombre et surimi x6 pièces - 270g","p":6.22,"u":"23,04 €/KG","img":"https://fd9-photos.leclercdrive.fr/image.ashx?id=2331402&use=l&cat=p&typeid=i","cat":316003},{"id":58365,"n":"Tartelettes Chocolat P'tit Déli Fourrées au lait - 225g","p":1.39,"u":"6,18 €/KG","img":"https://fd9-photos.leclercdrive.fr/image.ashx?id=2523715&use=l&cat=p&typeid=i","cat":284488},{"id":58428,"n":"Sachet fraicheur chat Sheba Boeuf poulet en sauce - 6x50g","p":2.57,"u":"8,57 €/KG","img":"https://fd9-photos.leclercdrive.fr/image.ashx?id=2895927&use=l&cat=p&typeid=i","cat":285286},{"id":58444,"n":"Cacahuètes Benenuts-Twinuts Nature format familial - 260g","p":1.92,"u":"7,38 €/KG","img":"https://fd9-photos.leclercdrive.fr/image.ashx?id=2967744&use=l&cat=p&typeid=i","cat":284448},{"id":58450,"n":"Tomates pelées entières D'aucy 476g","p":1.62,"u":"3,40 €/KG","img":"https://fd9-photos.leclercdrive.fr/image.ashx?id=2751996&use=l&cat=p&typeid=i","cat":312608},{"id":58459,"n":"Croquettes chat Purina One Adulte - Boeuf/Céréales - 1.5Kg","p":6.63,"u":"4,42 €/KG","img":"https://fd9-photos.leclercdrive.fr/image.ashx?id=2433548&use=l&cat=p&typeid=i","cat":284680},{"id":58463,"n":"Gâche tranchée La Fournée Dorée 500g","p":2.16,"u":"4,32 €/KG","img":"https://fd9-photos.leclercdrive.fr/image.ashx?id=2277956&use=l&cat=p&typeid=i","cat":284478},{"id":58496,"n":"Bière blonde Heineken 6x33cl","p":7.34,"u":"3,71 €/L","img":"https://fd9-photos.leclercdrive.fr/image.ashx?id=3008107&use=l&cat=p&typeid=i","cat":334873},{"id":58505,"n":"Bière blonde Heineken Sans alcool - 6x25cl","p":4.21,"u":"2,81 €/L","img":"https://fd9-photos.leclercdrive.fr/image.ashx?id=2948528&use=l&cat=p&typeid=i","cat":334877},{"id":58510,"n":"Jambon cru fumé Eco+ 14 tranches - 200g","p":1.96,"u":"9,80 €/KG","img":"https://fd9-photos.leclercdrive.fr/image.ashx?id=2779172&use=l&cat=p&typeid=i","cat":316007},{"id":58511,"n":"Salami Danois fumé Eco+ 20 tranches - 200g","p":1.09,"u":"5,45 €/KG","img":"https://fd9-photos.leclercdrive.fr/image.ashx?id=2573713&use=l&cat=p&typeid=i","cat":316007},{"id":58512,"n":"Quiche Lorraine Eco+ 400g","p":1.79,"u":"4,48 €/KG","img":"https://fd9-photos.leclercdrive.fr/image.ashx?id=2843575&use=l&cat=p&typeid=i","cat":333680},{"id":58514,"n":"Croissant au Jambon Eco+ 2x140g","p":1.67,"u":"5,96 €/KG","img":"https://fd9-photos.leclercdrive.fr/image.ashx?id=2783815&use=l&cat=p&typeid=i","cat":333671},{"id":58518,"n":"Tortellini à la viande Eco+ 500g","p":1.74,"u":"3,48 €/KG","img":"https://fd9-photos.leclercdrive.fr/image.ashx?id=2606795&use=l&cat=p&typeid=i","cat":333682},{"id":58525,"n":"Salade choux rouge  Menu fraîcheur - 300g","p":1.81,"u":"6,03 €/KG","img":"https://fd9-photos.leclercdrive.fr/image.ashx?id=2901458&use=l&cat=p&typeid=i","cat":333657},{"id":58547,"n":"Duo de raisins moelleux Couleurs Vives - 250g","p":2.25,"u":"9,00 €/KG","img":"https://fd9-photos.leclercdrive.fr/image.ashx?id=2659262&use=l&cat=p&typeid=i","cat":284357},{"id":58548,"n":"Sachets repas chats Purina One Sauce boeuf poulet x4 - 340g","p":2.14,"u":"6,29 €/KG","img":"https://fd9-photos.leclercdrive.fr/image.ashx?id=2468239&use=l&cat=p&typeid=i","cat":285286},{"id":58570,"n":"Friandises chien Pedigree  Récompense bœuf volaille - 155g","p":1.45,"u":"9,35 €/KG","img":"https://fd9-photos.leclercdrive.fr/image.ashx?id=2924779&use=l&cat=p&typeid=i","cat":294527},{"id":58603,"n":"Boudin blanc de Rethel NRT IGP - 350g","p":5.5,"u":"15,71 €/KG","img":"https://fd9-photos.leclercdrive.fr/image.ashx?id=1096123&use=l&cat=p&typeid=i","cat":316012},{"id":58618,"n":"Tarte Côté Table Saumon Poireau - 400g","p":3.09,"u":"7,73 €/KG","img":"https://fd9-photos.leclercdrive.fr/image.ashx?id=2791821&use=l&cat=p&typeid=i","cat":284257},{"id":58625,"n":"Cœurs de palmiers Géant Vert - 220g","p":3.56,"u":"16,18 €/KG","img":"https://fd9-photos.leclercdrive.fr/image.ashx?id=2840560&use=l&cat=p&typeid=i","cat":312611},{"id":58646,"n":"Fromage AOP Comté Jura Flore 9 mois - 200g","p":4.19,"u":"20,95 €/KG","img":"https://fd9-photos.leclercdrive.fr/image.ashx?id=2765243&use=l&cat=p&typeid=i","cat":314036},{"id":58648,"n":"Comté AOP  15 mois - 200g","p":4.95,"u":"24,75 €/KG","img":"https://fd9-photos.leclercdrive.fr/image.ashx?id=2692575&use=l&cat=p&typeid=i","cat":314034},{"id":58650,"n":"Pizza Merveillosa Turini 4 fromages - 340g","p":2.11,"u":"6,21 €/KG","img":"https://fd9-photos.leclercdrive.fr/image.ashx?id=2815244&use=l&cat=p&typeid=i","cat":284256},{"id":58651,"n":"Pizza bords fourrés au fromage  Turini 3 fromages - 450g","p":4.15,"u":"9,22 €/KG","img":"https://fd9-photos.leclercdrive.fr/image.ashx?id=2816582&use=l&cat=p&typeid=i","cat":284256},{"id":58652,"n":"Pizza à partager Turini 3 fromages - 500g","p":2.79,"u":"5,58 €/KG","img":"https://fd9-photos.leclercdrive.fr/image.ashx?id=2816588&use=l&cat=p&typeid=i","cat":284256},{"id":58655,"n":"Poêlée fermière Notre Jardin 750g","p":2.89,"u":"3,85 €/KG","img":"https://fd9-photos.leclercdrive.fr/image.ashx?id=2878597&use=l&cat=p&typeid=i","cat":319823},{"id":58676,"n":"Saucisses fumées Férial x4 - 360g","p":3.99,"u":"11,08 €/KG","img":"https://fd9-photos.leclercdrive.fr/image.ashx?id=2693156&use=l&cat=p&typeid=i","cat":316012},{"id":58682,"n":"Myrtilles Fruistar 650g","p":5.99,"u":"9,22 €/KG","img":"https://fd9-photos.leclercdrive.fr/image.ashx?id=2072620&use=l&cat=p&typeid=i","cat":284268},{"id":58685,"n":"Jambon Speck Saint Azay 100g","p":2.39,"u":"23,90 €/KG","img":"https://fd9-photos.leclercdrive.fr/image.ashx?id=2856739&use=l&cat=p&typeid=i","cat":316007},{"id":58686,"n":"Mini moelleux au chocolat Autour du Dessert - 8x24g","p":4.79,"u":"24,95 €/KG","img":"https://fd9-photos.leclercdrive.fr/image.ashx?id=2070045&use=l&cat=p&typeid=i","cat":284267},{"id":58693,"n":"Galettes de pommes de terre NRT à l'Alsacienne - 670g","p":2.99,"u":"4,46 €/KG","img":"https://fd9-photos.leclercdrive.fr/image.ashx?id=2699822&use=l&cat=p&typeid=i","cat":319792},{"id":58695,"n":"Farce à légumes Férial 400g","p":3.72,"u":"9,30 €/KG","img":"https://fd9-photos.leclercdrive.fr/image.ashx?id=2922703&use=l&cat=p&typeid=i","cat":284332},{"id":58704,"n":"Haché à cuisiner Charal Pur Bœuf 15%MG - 400g","p":6.3,"u":"15,75 €/KG","img":"https://fd9-photos.leclercdrive.fr/image.ashx?id=2741934&use=l&cat=p&typeid=i","cat":319779},{"id":58715,"n":"Mini croque monsieur Côté Table x20 - 240g","p":4.64,"u":"19,33 €/KG","img":"https://fd9-photos.leclercdrive.fr/image.ashx?id=2919622&use=l&cat=p&typeid=i","cat":319774},{"id":58716,"n":"Duo de Courgettes Notre Jardin Tomates - 900g","p":2.45,"u":"2,72 €/KG","img":"https://fd9-photos.leclercdrive.fr/image.ashx?id=2404290&use=l&cat=p&typeid=i","cat":319823},{"id":58740,"n":"Haché à cuisiner Charal Happy Family - 600g","p":7.77,"u":"12,95 €/KG","img":"https://fd9-photos.leclercdrive.fr/image.ashx?id=2977330&use=l&cat=p&typeid=i","cat":319779},{"id":58741,"n":"Fèves non pelées Notre Jardin 1kg","p":3.49,"u":"3,49 €/KG","img":"https://fd9-photos.leclercdrive.fr/image.ashx?id=2873147&use=l&cat=p&typeid=i","cat":319805},{"id":58939,"n":"Yaourt à boire Actimel fraise - 12x100g","p":3.99,"u":"3,33 €/KG","img":"https://fd9-photos.leclercdrive.fr/image.ashx?id=2996458&use=l&cat=p&typeid=i","cat":284415},{"id":58944,"n":"Yaourts à boire Actimel Nature - 12x100g","p":3.81,"u":"3,18 €/KG","img":"https://fd9-photos.leclercdrive.fr/image.ashx?id=2996461&use=l&cat=p&typeid=i","cat":284415},{"id":58946,"n":"Yaourts à boire Actimel Multifruits - 8x100g","p":3.29,"u":"4,11 €/KG","img":"https://fd9-photos.leclercdrive.fr/image.ashx?id=2996464&use=l&cat=p&typeid=i","cat":284415},{"id":59025,"n":"Pur beurre cacahuète Jardin Bio Bio - 350g","p":3.79,"u":"10,83 €/KG","img":"https://fd9-photos.leclercdrive.fr/image.ashx?id=3000312&use=l&cat=p&typeid=i","cat":284481},{"id":59027,"n":"Dessert fruitier bio Jardin Bio Pomme nature - 680g","p":2.86,"u":"4,21 €/KG","img":"https://fd9-photos.leclercdrive.fr/image.ashx?id=2999297&use=l&cat=p&typeid=i","cat":284508},{"id":59041,"n":"Céréales Extra Kellogg's Chocolat au lait - 800g","p":4.78,"u":"5,98 €/KG","img":"https://fd9-photos.leclercdrive.fr/image.ashx?id=2694941&use=l&cat=p&typeid=i","cat":309512},{"id":59091,"n":"Gousse vanille Vahiné Papouasie - 3g","p":4.11,"img":"https://fd9-photos.leclercdrive.fr/image.ashx?id=2559877&use=l&cat=p&typeid=i","cat":284504},{"id":59147,"n":"Bouchée à la reine La pièce - 200g","p":4.3,"u":"21,50 €/KG","img":"https://fd9-photos.leclercdrive.fr/image.ashx?id=2533034&use=l&cat=p&typeid=i","cat":null},{"id":59235,"n":"Café dosettes Tassimo L'Or Café Long Classique x24","p":6.61,"u":"42,37 €/KG","img":"https://fd9-photos.leclercdrive.fr/image.ashx?id=2100356&use=l&cat=p&typeid=i","cat":293240},{"id":59242,"n":"Gourde bébé Babybio Bio 6 mois Abricot/banane/pomme - 360g","p":3.23,"u":"8,97 €/KG","img":"https://fd9-photos.leclercdrive.fr/image.ashx?id=2850548&use=l&cat=p&typeid=i","cat":312393},{"id":59246,"n":"Sirop d'agave Jardin Bio  Bio - 180g","p":3.21,"u":"17,83 €/KG","img":"https://fd9-photos.leclercdrive.fr/image.ashx?id=2841493&use=l&cat=p&typeid=i","cat":287643},{"id":59249,"n":"Huile de coco Jardin Bio Bio - 200ml","p":3.57,"u":"17,85 €/L","img":"https://fd9-photos.leclercdrive.fr/image.ashx?id=2790135&use=l&cat=p&typeid=i","cat":284453},{"id":59251,"n":"Ravioli Jardin Bio  Bio légumes - 250g","p":2.49,"u":"9,96 €/KG","img":"https://fd9-photos.leclercdrive.fr/image.ashx?id=2535568&use=l&cat=p&typeid=i","cat":287600},{"id":59252,"n":"Café dosettes Tassimo Maxwell House - caramel x8","p":5.82,"u":"21,72 €/KG","img":"https://fd9-photos.leclercdrive.fr/image.ashx?id=2100254&use=l&cat=p&typeid=i","cat":293240},{"id":59253,"n":"Café dosettes Tassimo L'Or Petit Déjeuner Classique x24","p":7.25,"u":"36,43 €/KG","img":"https://fd9-photos.leclercdrive.fr/image.ashx?id=2100365&use=l&cat=p&typeid=i","cat":293240},{"id":59257,"n":"Café dosettes Tassimo Grand-mère - petit déjeuner x16","p":3.51,"u":"26,39 €/KG","img":"https://fd9-photos.leclercdrive.fr/image.ashx?id=2100359&use=l&cat=p&typeid=i","cat":293240},{"id":59271,"n":"Sauce tomate cuisinée Panzani Ail et oignon - 500g","p":1.64,"u":"3,28 €/KG","img":"https://fd9-photos.leclercdrive.fr/image.ashx?id=2884303&use=l&cat=p&typeid=i","cat":288384},{"id":59277,"n":"Bonbons acidulés têtes brûlées Fraise/framboise-kitache-135g","p":1.91,"u":"14,15 €/KG","img":"https://fd9-photos.leclercdrive.fr/image.ashx?id=3008650&use=l&cat=p&typeid=i","cat":304250},{"id":59284,"n":"Maoam Mixx Haribo Sachet bonbons - 250g","p":1.88,"u":"7,52 €/KG","img":"https://fd9-photos.leclercdrive.fr/image.ashx?id=2876956&use=l&cat=p&typeid=i","cat":304250},{"id":59287,"n":"Cornichons Rustica 6 épices - 360g","p":2.31,"u":"6,42 €/KG","img":"https://fd9-photos.leclercdrive.fr/image.ashx?id=2916710&use=l&cat=p&typeid=i","cat":284458},{"id":59288,"n":"IGP Gros sel - Le Guérandais Sachet - 800g","p":1.5,"u":"1,88 €/KG","img":"https://fd9-photos.leclercdrive.fr/image.ashx?id=2458622&use=l&cat=p&typeid=i","cat":284457},{"id":59291,"n":"Sauce bolognaise Bio Village  Bio - 350g","p":1.69,"u":"4,83 €/KG","img":"https://fd9-photos.leclercdrive.fr/image.ashx?id=2753381&use=l&cat=p&typeid=i","cat":287599},{"id":59292,"n":"Œufs au plat Haribo Sachet bonbons - 300g","p":1.56,"u":"5,20 €/KG","img":"https://fd9-photos.leclercdrive.fr/image.ashx?id=2984892&use=l&cat=p&typeid=i","cat":304250},{"id":59293,"n":"Sauce provençale Bio Village  Bio - 350g","p":1.63,"u":"4,66 €/KG","img":"https://fd9-photos.leclercdrive.fr/image.ashx?id=2712995&use=l&cat=p&typeid=i","cat":287599},{"id":59296,"n":"Sauce tomate Bio Village  Basilic bio - 350g","p":1.63,"u":"4,66 €/KG","img":"https://fd9-photos.leclercdrive.fr/image.ashx?id=2696289&use=l&cat=p&typeid=i","cat":287599},{"id":59299,"n":"Bonbons KINDER Schoko-Bons Chocolat au lait - 225G","p":3.77,"u":"16,76 €/KG","img":"https://fd9-photos.leclercdrive.fr/image.ashx?id=2679633&use=l&cat=p&typeid=i","cat":304238},{"id":59305,"n":"Sauce American Burger Heinz - 230g","p":1.72,"u":"7,48 €/KG","img":"https://fd9-photos.leclercdrive.fr/image.ashx?id=2973354&use=l&cat=p&typeid=i","cat":318431},{"id":59307,"n":"Miami Pik Haribo Sachet bonbons acidulés - 200g","p":1.48,"u":"7,40 €/KG","img":"https://fd9-photos.leclercdrive.fr/image.ashx?id=2984895&use=l&cat=p&typeid=i","cat":304250},{"id":59314,"n":"Huile d'Olive Tramier  Vierge Extra Biologique 75cl","p":8.99,"u":"11,99 €/L","img":"https://fd9-photos.leclercdrive.fr/image.ashx?id=2803916&use=l&cat=p&typeid=i","cat":284453},{"id":59318,"n":"Caserecce Tradizioni d'Italia N°168 - 500g","p":1.69,"u":"3,38 €/KG","img":"https://fd9-photos.leclercdrive.fr/image.ashx?id=2657313&use=l&cat=p&typeid=i","cat":284427},{"id":59319,"n":"Penne rigate Tradizioni Italia N°133 - 500g","p":1.52,"u":"3,04 €/KG","img":"https://fd9-photos.leclercdrive.fr/image.ashx?id=2657316&use=l&cat=p&typeid=i","cat":284427},{"id":59324,"n":"Pipe rigate Tradizioni d'Italia N°179 - 500g","p":1.59,"u":"3,18 €/KG","img":"https://fd9-photos.leclercdrive.fr/image.ashx?id=2657319&use=l&cat=p&typeid=i","cat":284427},{"id":59336,"n":"Barquette chien Cesar Terrine poulet - 300g","p":1.63,"u":"5,43 €/KG","img":"https://fd9-photos.leclercdrive.fr/image.ashx?id=2091323&use=l&cat=p&typeid=i","cat":284673},{"id":59339,"n":"Barquette chien sénior Cesar Terrine en gelée - 4x150g","p":4.04,"u":"6,73 €/KG","img":"https://fd9-photos.leclercdrive.fr/image.ashx?id=2091320&use=l&cat=p&typeid=i","cat":284673},{"id":59340,"n":"Barquette chien Cesar Terrine cœur légumes - 4x150g","p":4.17,"u":"6,95 €/KG","img":"https://fd9-photos.leclercdrive.fr/image.ashx?id=2091317&use=l&cat=p&typeid=i","cat":284673},{"id":59341,"n":"Barquette chien Cesar Terrine du jardin - 4x150g","p":3.63,"u":"6,05 €/KG","img":"https://fd9-photos.leclercdrive.fr/image.ashx?id=2091314&use=l&cat=p&typeid=i","cat":284673},{"id":59343,"n":"Pâtes Tradizioni d'Italia Linguine n°121 - 500g","p":1.52,"u":"3,04 €/KG","img":"https://fd9-photos.leclercdrive.fr/image.ashx?id=2657322&use=l&cat=p&typeid=i","cat":284427},{"id":59345,"n":"Rigatoni Tradizioni d'Italia N°124 - 500g","p":1.69,"u":"3,38 €/KG","img":"https://fd9-photos.leclercdrive.fr/image.ashx?id=2657325&use=l&cat=p&typeid=i","cat":284427},{"id":59348,"n":"Taralli pouille Huile d'olive - 400g","p":3.08,"u":"7,70 €/KG","img":"https://fd9-photos.leclercdrive.fr/image.ashx?id=2670524&use=l&cat=p&typeid=i","cat":297000},{"id":59350,"n":"Taralli Pouilles Fenouil - 400g","p":2.55,"u":"6,38 €/KG","img":"https://fd9-photos.leclercdrive.fr/image.ashx?id=2671022&use=l&cat=p&typeid=i","cat":297000},{"id":59382,"n":"Grissini Grangrissi 300g","p":2.61,"u":"8,70 €/KG","img":"https://fd9-photos.leclercdrive.fr/image.ashx?id=2743927&use=l&cat=p&typeid=i","cat":297000},{"id":59500,"n":"Bière blonde du Corbeau 75cl","p":4.59,"u":"6,12 €/L","img":"https://fd9-photos.leclercdrive.fr/image.ashx?id=1741475&use=l&cat=p&typeid=i","cat":334872},{"id":59539,"n":"Pêches Douceur du Verger Sirop léger - 230 g","p":1.26,"u":"5,48 €/KG","img":"https://fd9-photos.leclercdrive.fr/image.ashx?id=2666468&use=l&cat=p&typeid=i","cat":284507},{"id":59563,"n":"Galette de maïs GERBLE Chocolat au lait - 124g","p":1.68,"u":"13,55 €/KG","img":"https://fd9-photos.leclercdrive.fr/image.ashx?id=2664034&use=l&cat=p&typeid=i","cat":318651},{"id":59564,"n":"Galette riz chocolat Gerblé   Chocolat noir - 130,4g","p":1.69,"u":"13,00 €/KG","img":"https://fd9-photos.leclercdrive.fr/image.ashx?id=2664037&use=l&cat=p&typeid=i","cat":318651},{"id":59565,"n":"Pâte à tartiner Nustikao 1kg","p":4.25,"u":"4,25 €/KG","img":"https://fd9-photos.leclercdrive.fr/image.ashx?id=3012860&use=l&cat=p&typeid=i","cat":284481},{"id":59589,"n":"Boisson base vodka Eristoff Red 18° - 70cl","p":12.9,"u":"18,43 €/L","img":"https://fd9-photos.leclercdrive.fr/image.ashx?id=2858258&use=l&cat=p&typeid=i","cat":284550},{"id":59601,"n":"Bière blonde 3 Monts 6x33cl","p":7.87,"u":"3,97 €/L","img":"https://fd9-photos.leclercdrive.fr/image.ashx?id=2548189&use=l&cat=p&typeid=i","cat":334852},{"id":59685,"n":"Salade Saupiquet Les Saladières Parisiennes-220g","p":2.7,"u":"12,27 €/KG","img":"https://fd9-photos.leclercdrive.fr/image.ashx?id=2907578&use=l&cat=p&typeid=i","cat":284437},{"id":59695,"n":"Yaourt à la grecque YAOS Vanille - 4x125g","p":2.72,"u":"5,44 €/KG","img":"https://fd9-photos.leclercdrive.fr/image.ashx?id=3007972&use=l&cat=p&typeid=i","cat":314999},{"id":59715,"n":"Double concentré de tomates Tube - 200g","p":1.35,"u":"6,75 €/KG","img":"https://fd9-photos.leclercdrive.fr/image.ashx?id=1085255&use=l&cat=p&typeid=i","cat":288384},{"id":59744,"n":"Couches Lotus Baby Touch T3 : 4/9kg - x24 changes","p":9.55,"u":"0,40 €/P","img":"https://fd9-photos.leclercdrive.fr/image.ashx?id=1986060&use=l&cat=p&typeid=i","cat":284737},{"id":59751,"n":"Rollmops au vinaigre  MSC Ronde des mers - 400g","p":2.29,"u":"5,73 €/KG","img":"https://fd9-photos.leclercdrive.fr/image.ashx?id=2686470&use=l&cat=p&typeid=i","cat":285190},{"id":59774,"n":"Sérum physiologique Biolane 30x5ml","p":3.66,"u":"24,40 €/L","img":"https://fd9-photos.leclercdrive.fr/image.ashx?id=2733232&use=l&cat=p&typeid=i","cat":284741},{"id":59981,"n":"Stylo Roller rechargeable Pilot Rétractable encre effaçable- x1","p":2.9,"img":"https://fd9-photos.leclercdrive.fr/image.ashx?id=2056197&use=l&cat=p&typeid=i","cat":284696},{"id":60000,"n":"Biscuits Karelea Palmier - 100g","p":2.33,"u":"23,30 €/KG","img":"https://fd9-photos.leclercdrive.fr/image.ashx?id=2896357&use=l&cat=p&typeid=i","cat":284487},{"id":60029,"n":"Brioche Harrys Mini Tressée Nature au sucre perlé - 210g","p":1.95,"u":"9,29 €/KG","img":"https://fd9-photos.leclercdrive.fr/image.ashx?id=2667742&use=l&cat=p&typeid=i","cat":284478},{"id":60138,"n":"Bûche de chèvre Bio Soignon 180g","p":3.12,"u":"17,33 €/KG","img":"https://fd9-photos.leclercdrive.fr/image.ashx?id=2676741&use=l&cat=p&typeid=i","cat":314031},{"id":60165,"n":"Boisson végétale Alpro noisette - 1l","p":2.18,"u":"2,18 €/L","img":"https://fd9-photos.leclercdrive.fr/image.ashx?id=2849602&use=l&cat=p&typeid=i","cat":316067},{"id":60168,"n":"fromage blanc jockey Nature 3%MG - 8x100g","p":2.55,"u":"3,19 €/KG","img":"https://fd9-photos.leclercdrive.fr/image.ashx?id=2230369&use=l&cat=p&typeid=i","cat":284409},{"id":60171,"n":"boisson végétale lait d'amande grillée alpro -1l","p":2.16,"u":"2,16 €/L","img":"https://fd9-photos.leclercdrive.fr/image.ashx?id=2988671&use=l&cat=p&typeid=i","cat":316067},{"id":60174,"n":"Madeleine Bonne Maman  Chocolat au lait x10 - 300g","p":3.36,"u":"11,20 €/KG","img":"https://fd9-photos.leclercdrive.fr/image.ashx?id=2949940&use=l&cat=p&typeid=i","cat":284492},{"id":60204,"n":"Crêpes de landerneau Le Ster Le pâtissier x12 - 300g","p":2.09,"u":"6,97 €/KG","img":"https://fd9-photos.leclercdrive.fr/image.ashx?id=2962860&use=l&cat=p&typeid=i","cat":284494},{"id":60258,"n":"AOP Côteaux Varois en Provence Rosé Estandon Lumière - 75cl","p":5.95,"u":"7,93 €/L","img":"https://fd9-photos.leclercdrive.fr/image.ashx?id=2889460&use=l&cat=p&typeid=i","cat":289558},{"id":60276,"n":"Champagne Canard Duchêne Réserve Brut - 75cl","p":25.99,"u":"34,65 €/L","img":"https://fd9-photos.leclercdrive.fr/image.ashx?id=2757256&use=l&cat=p&typeid=i","cat":284542},{"id":60313,"n":"Fromage frais Délisse  Vanille de Madagascar - 500g","p":2.29,"u":"4,58 €/KG","img":"https://fd9-photos.leclercdrive.fr/image.ashx?id=3012851&use=l&cat=p&typeid=i","cat":284409},{"id":60365,"n":"Pain aux céréales tranché 300g","p":1.75,"u":"5,83 €/KG","img":"https://fd9-photos.leclercdrive.fr/image.ashx?id=2063149&use=l&cat=p&typeid=i","cat":284359},{"id":60382,"n":"Soin de jour L'Oréal Paris Age Perfect anti-rides - 50ml","p":11.97,"pp":7.9,"u":"158,00 €/L","img":"https://fd9-photos.leclercdrive.fr/image.ashx?id=2860355&use=l&cat=p&typeid=i","cat":325345},{"id":60537,"n":"Purée surgelé  Bonduelle 4 saveurs  - 780g","p":3.18,"u":"4,08 €/KG","img":"https://fd9-photos.leclercdrive.fr/image.ashx?id=2996518&use=l&cat=p&typeid=i","cat":319805},{"id":60539,"n":"Purée delice Bonduelle  Courgette Céleri Brocoli - 780g","p":3.21,"u":"4,12 €/KG","img":"https://fd9-photos.leclercdrive.fr/image.ashx?id=2910043&use=l&cat=p&typeid=i","cat":319805},{"id":60556,"n":"Eau de javel concentrée 36°  Qualipro - 20L","p":17.3,"u":"0,87 €/L","img":"https://fd9-photos.leclercdrive.fr/image.ashx?id=2962068&use=l&cat=p&typeid=i","cat":284661},{"id":60587,"n":"Bûche de chèvre Président 180g","p":2.0,"u":"11,11 €/KG","img":"https://fd9-photos.leclercdrive.fr/image.ashx?id=2454088&use=l&cat=p&typeid=i","cat":314031},{"id":60588,"n":"Emmental Président 250g","p":2.79,"u":"11,16 €/KG","img":"https://fd9-photos.leclercdrive.fr/image.ashx?id=2752942&use=l&cat=p&typeid=i","cat":314034},{"id":60692,"n":"Bêtises de Cambrai NRT  200g","p":2.49,"u":"12,45 €/KG","img":"https://fd9-photos.leclercdrive.fr/image.ashx?id=2771414&use=l&cat=p&typeid=i","cat":304250},{"id":60774,"n":"Bière blonde Leffe 6,6% - 6x25cl","p":4.84,"u":"3,23 €/L","img":"https://fd9-photos.leclercdrive.fr/image.ashx?id=2995421&use=l&cat=p&typeid=i","cat":334852},{"id":60777,"n":"Brique de brebis Lou Pérac Fromage de brebis - 150g","p":2.83,"u":"18,87 €/KG","img":"https://fd9-photos.leclercdrive.fr/image.ashx?id=2785154&use=l&cat=p&typeid=i","cat":314031},{"id":60778,"n":"Tranche Salakis Fromage de brebis - 200g","p":2.6,"u":"13,00 €/KG","img":"https://fd9-photos.leclercdrive.fr/image.ashx?id=2729710&use=l&cat=p&typeid=i","cat":314026},{"id":60886,"n":"Mozzarella Galbani 125g","p":1.09,"u":"8,72 €/KG","img":"https://fd9-photos.leclercdrive.fr/image.ashx?id=2765381&use=l&cat=p&typeid=i","cat":314026},{"id":60890,"n":"Chaussée aux moines 340g","p":2.89,"u":"8,50 €/KG","img":"https://fd9-photos.leclercdrive.fr/image.ashx?id=2830030&use=l&cat=p&typeid=i","cat":329184},{"id":60891,"n":"Camembert Président 250g","p":1.79,"u":"7,16 €/KG","img":"https://fd9-photos.leclercdrive.fr/image.ashx?id=2878873&use=l&cat=p&typeid=i","cat":314033},{"id":60892,"n":"Emmental râpé fondant Président 200g","p":2.04,"u":"10,20 €/KG","img":"https://fd9-photos.leclercdrive.fr/image.ashx?id=2488455&use=l&cat=p&typeid=i","cat":314035},{"id":60930,"n":"Thé Earl Grey Twinings x25 sachets - 50g","p":2.07,"u":"41,40 €/KG","img":"https://fd9-photos.leclercdrive.fr/image.ashx?id=2889817&use=l&cat=p&typeid=i","cat":293233},{"id":60974,"n":"Pur jus Tropicana Orange Pure Premium Sans pulpe - 1L","p":2.54,"u":"2,54 €/L","img":"https://fd9-photos.leclercdrive.fr/image.ashx?id=2586186&use=l&cat=p&typeid=i","cat":284521},{"id":60978,"n":"Roquefort AOP Société Fromage de brebis - 150g","p":2.89,"u":"19,27 €/KG","img":"https://fd9-photos.leclercdrive.fr/image.ashx?id=2729713&use=l&cat=p&typeid=i","cat":314032},{"id":61021,"n":"Risotto champignon poulet Marie 900g","p":4.56,"u":"5,07 €/KG","img":"https://fd9-photos.leclercdrive.fr/image.ashx?id=2996755&use=l&cat=p&typeid=i","cat":284254},{"id":61158,"n":"Commissariat + prison Playmobil Dès 4 ans","p":99.0,"img":"https://fd9-photos.leclercdrive.fr/image.ashx?id=2362005&use=l&cat=p&typeid=i","cat":334380},{"id":61169,"n":"Petit suisse NESQUIK Chocolat 6x60g","p":1.55,"u":"4,31 €/KG","img":"https://fd9-photos.leclercdrive.fr/image.ashx?id=3007933&use=l&cat=p&typeid=i","cat":284414},{"id":61172,"n":"Yaourts à la Grecque Délisse Citron - 4x150g","p":2.38,"u":"3,97 €/KG","img":"https://fd9-photos.leclercdrive.fr/image.ashx?id=2699714&use=l&cat=p&typeid=i","cat":314999},{"id":61378,"n":"Salade pâtes Poulet Caesar  250g - Côté Snack","p":2.59,"u":"10,36 €/KG","img":"https://fd9-photos.leclercdrive.fr/image.ashx?id=2900653&use=l&cat=p&typeid=i","cat":333657},{"id":61594,"n":"Tomato Ketchup Heinz - 910g","p":2.92,"u":"3,21 €/KG","img":"https://fd9-photos.leclercdrive.fr/image.ashx?id=2923420&use=l&cat=p&typeid=i","cat":284455},{"id":61596,"n":"Sauce au poivre Rustica Pot - 245g","p":1.13,"u":"4,61 €/KG","img":"https://fd9-photos.leclercdrive.fr/image.ashx?id=2045124&use=l&cat=p&typeid=i","cat":318430},{"id":61597,"n":"Sauce bourguignonne Rustica Pot - 250g","p":1.01,"u":"4,04 €/KG","img":"https://fd9-photos.leclercdrive.fr/image.ashx?id=1961467&use=l&cat=p&typeid=i","cat":318430},{"id":61605,"n":"Sauce barbecue Rustica Flacon souple - 280g","p":1.39,"u":"4,96 €/KG","img":"https://fd9-photos.leclercdrive.fr/image.ashx?id=2559704&use=l&cat=p&typeid=i","cat":318431},{"id":61607,"n":"Sauce andalousie Rustica Flacon souple - 249g","p":1.68,"u":"6,75 €/KG","img":"https://fd9-photos.leclercdrive.fr/image.ashx?id=2459153&use=l&cat=p&typeid=i","cat":318431},{"id":61626,"n":"Cocktail Douceur du Verger 4 fruits - Sirop léger - 250 g","p":1.5,"u":"6,00 €/KG","img":"https://fd9-photos.leclercdrive.fr/image.ashx?id=2531301&use=l&cat=p&typeid=i","cat":284507},{"id":61631,"n":"Cocktail Douceur du Verger 4 fruits - Sirop léger- 500g","p":1.99,"u":"3,98 €/KG","img":"https://fd9-photos.leclercdrive.fr/image.ashx?id=2531298&use=l&cat=p&typeid=i","cat":284507},{"id":61741,"n":"Pêche à la ligne musicale Dès 3 ans","p":9.89,"u":"Dont 0,10 € d'éco-part.","img":"https://fd9-photos.leclercdrive.fr/image.ashx?id=1220640&use=l&cat=p&typeid=i","cat":334378},{"id":61874,"n":"Gel shampooing douche Fa Men Perfect wave flacon - 250ml","p":1.57,"u":"6,28 €/L","img":"https://fd9-photos.leclercdrive.fr/image.ashx?id=2995091&use=l&cat=p&typeid=i","cat":284619},{"id":62042,"n":"Haricots rouges D'aucy  500g","p":2.0,"u":"4,00 €/KG","img":"https://fd9-photos.leclercdrive.fr/image.ashx?id=2491190&use=l&cat=p&typeid=i","cat":312606},{"id":62043,"n":"Lentilles préparées D'aucy  265g","p":1.0,"u":"3,77 €/KG","img":"https://fd9-photos.leclercdrive.fr/image.ashx?id=2560600&use=l&cat=p&typeid=i","cat":312609},{"id":62045,"n":"Haricots verts Jardin Bio étic Bio sans sel - 345g","p":3.61,"u":"10,46 €/KG","img":"https://fd9-photos.leclercdrive.fr/image.ashx?id=2535010&use=l&cat=p&typeid=i","cat":312606},{"id":62050,"n":"Macédoine déjà égouttée D'aucy 265g","p":1.42,"u":"5,36 €/KG","img":"https://fd9-photos.leclercdrive.fr/image.ashx?id=2511601&use=l&cat=p&typeid=i","cat":312612},{"id":62067,"n":"Flageolets Préparés Cassegrain Extra Fins 130g","p":1.06,"u":"8,15 €/KG","img":"https://fd9-photos.leclercdrive.fr/image.ashx?id=2912980&use=l&cat=p&typeid=i","cat":312606},{"id":62083,"n":"Soda Schweppes Saveur Agrumes - 1L","p":1.59,"u":"1,59 €/L","img":"https://fd9-photos.leclercdrive.fr/image.ashx?id=2852414&use=l&cat=p&typeid=i","cat":284532},{"id":62094,"n":"Sauce fajitas Old El Paso à cuisiner doux - 395g","p":2.23,"u":"5,65 €/KG","img":"https://fd9-photos.leclercdrive.fr/image.ashx?id=2950852&use=l&cat=p&typeid=i","cat":288993},{"id":62095,"n":"Chips Tortilla Old El Paso Fajita - 185g","p":2.29,"u":"12,38 €/KG","img":"https://fd9-photos.leclercdrive.fr/image.ashx?id=2444522&use=l&cat=p&typeid=i","cat":288993},{"id":62112,"n":"Compotes Pom'Potes Gourdes  Pomme Nature - 12x90g","p":4.85,"u":"4,49 €/KG","img":"https://fd9-photos.leclercdrive.fr/image.ashx?id=3010927&use=l&cat=p&typeid=i","cat":284508},{"id":62128,"n":"Biscuits fourrés Prince Tout chocolat - 300g","p":1.46,"u":"4,87 €/KG","img":"https://fd9-photos.leclercdrive.fr/image.ashx?id=2528801&use=l&cat=p&typeid=i","cat":284488},{"id":62146,"n":"Brioche La Fournée Dorée Tranchée crème fraiche - 500g","p":2.23,"u":"4,46 €/KG","img":"https://fd9-photos.leclercdrive.fr/image.ashx?id=2415365&use=l&cat=p&typeid=i","cat":284478},{"id":62152,"n":"Graines de chia bio Happy Bio   250g","p":5.5,"u":"22,00 €/KG","img":"https://fd9-photos.leclercdrive.fr/image.ashx?id=2970990&use=l&cat=p&typeid=i","cat":318651},{"id":62162,"n":"Donuts Curly 100g","p":1.13,"u":"11,30 €/KG","img":"https://fd9-photos.leclercdrive.fr/image.ashx?id=2446836&use=l&cat=p&typeid=i","cat":284449},{"id":62238,"n":"Bière blonde Grimbergen Triple d'Abbaye -8° - 6x25cl","p":5.59,"u":"3,73 €/L","img":"https://fd9-photos.leclercdrive.fr/image.ashx?id=2317363&use=l&cat=p&typeid=i","cat":334852},{"id":62252,"n":"Soda 7UP Citron et citron vert - 1.5L","p":1.2,"u":"0,80 €/L","img":"https://fd9-photos.leclercdrive.fr/image.ashx?id=2748545&use=l&cat=p&typeid=i","cat":284531},{"id":62303,"n":"yaourt fruits bio les 2 vaches brassé framboise - 4x115g","p":1.96,"u":"4,26 €/KG","img":"https://fd9-photos.leclercdrive.fr/image.ashx?id=2571533&use=l&cat=p&typeid=i","cat":284410},{"id":62305,"n":"Yaourt nature Bio village Bio Sucre de canne - 4x125g","p":1.58,"u":"3,16 €/KG","img":"https://fd9-photos.leclercdrive.fr/image.ashx?id=1946889&use=l&cat=p&typeid=i","cat":284409},{"id":62333,"n":"Yaourt brassé Bio les 2 vaches Citron - 4x115g","p":1.94,"u":"4,22 €/KG","img":"https://fd9-photos.leclercdrive.fr/image.ashx?id=2571536&use=l&cat=p&typeid=i","cat":284410},{"id":62335,"n":"yaourt fruits bio les 2 vaches brassé myrtille - 4x115g","p":1.94,"u":"4,22 €/KG","img":"https://fd9-photos.leclercdrive.fr/image.ashx?id=2571530&use=l&cat=p&typeid=i","cat":284410},{"id":62340,"n":"Jus d'oranges pressées Andros 1.5L","p":4.25,"u":"2,83 €/L","img":"https://fd9-photos.leclercdrive.fr/image.ashx?id=2904272&use=l&cat=p&typeid=i","cat":285435},{"id":62417,"n":"Jus de pamplemousse rose pressé Andros - 1L","p":3.2,"u":"3,20 €/L","img":"https://fd9-photos.leclercdrive.fr/image.ashx?id=2928423&use=l&cat=p&typeid=i","cat":285435},{"id":62481,"n":"Coton disque Bio Bionaïa x70","p":0.97,"u":"0,01 €/P","img":"https://fd9-photos.leclercdrive.fr/image.ashx?id=2434942&use=l&cat=p&typeid=i","cat":285593},{"id":62496,"n":"Biscuit bébé Blédina 12 mois Petit beurre - 133g","p":2.15,"u":"16,17 €/KG","img":"https://fd9-photos.leclercdrive.fr/image.ashx?id=2974288&use=l&cat=p&typeid=i","cat":312227},{"id":62497,"n":"Biscuit bébé Blédina 12 mois  Petit beurre pépites choco-133g","p":2.16,"u":"16,24 €/KG","img":"https://fd9-photos.leclercdrive.fr/image.ashx?id=2639344&use=l&cat=p&typeid=i","cat":312227},{"id":62561,"n":"Rasoirs jetables Carré Homme 3 lames - x8","p":2.66,"u":"0,33 €/P","img":"https://fd9-photos.leclercdrive.fr/image.ashx?id=2869859&use=l&cat=p&typeid=i","cat":284616},{"id":62567,"n":"Papier toilette Mimosa Humide x50","p":1.29,"u":"0,03 €/P","img":"https://fd9-photos.leclercdrive.fr/image.ashx?id=2064603&use=l&cat=p&typeid=i","cat":284634},{"id":62568,"n":"Papier toilette Mimosa Humide douceur x50","p":1.29,"u":"0,03 €/P","img":"https://fd9-photos.leclercdrive.fr/image.ashx?id=2064606&use=l&cat=p&typeid=i","cat":284634},{"id":62571,"n":"Soda à l'orange Orangina 1L","p":1.72,"u":"1,72 €/L","img":"https://fd9-photos.leclercdrive.fr/image.ashx?id=2668413&use=l&cat=p&typeid=i","cat":284532},{"id":62572,"n":"Lime soda Sprink's Citron zero - 1.5L","p":1.08,"u":"0,72 €/L","img":"https://fd9-photos.leclercdrive.fr/image.ashx?id=2913742&use=l&cat=p&typeid=i","cat":284531},{"id":62573,"n":"Tonic soda Sprink's Zero - 1.5L","p":0.89,"u":"0,59 €/L","img":"https://fd9-photos.leclercdrive.fr/image.ashx?id=2913745&use=l&cat=p&typeid=i","cat":284531},{"id":62574,"n":"Bière ambrée Grimbergen 6,5° - 6x25cl","p":5.81,"u":"3,87 €/L","img":"https://fd9-photos.leclercdrive.fr/image.ashx?id=2293483&use=l&cat=p&typeid=i","cat":334852},{"id":62575,"n":"Coton disque Inell Rond confort x70","p":0.61,"u":"0,01 €/P","img":"https://fd9-photos.leclercdrive.fr/image.ashx?id=2169171&use=l&cat=p&typeid=i","cat":285593},{"id":62576,"n":"Bière blanche Grimbergen 6° - 6x25cl","p":5.07,"u":"3,38 €/L","img":"https://fd9-photos.leclercdrive.fr/image.ashx?id=2294375&use=l&cat=p&typeid=i","cat":334878},{"id":62581,"n":"Bière aromatisée Grimbergen Cerise 5,5° - 6x25cl","p":5.79,"u":"3,86 €/L","img":"https://fd9-photos.leclercdrive.fr/image.ashx?id=2312798&use=l&cat=p&typeid=i","cat":334878},{"id":62634,"n":"Eponge végétale Nicols Cello brico brune - 1 pièce","p":2.1,"img":"https://fd9-photos.leclercdrive.fr/image.ashx?id=1894336&use=l&cat=p&typeid=i","cat":284667},{"id":62635,"n":"Eponge Nicols Magique Magico - x3","p":0.97,"u":"0,32 €/P","img":"https://fd9-photos.leclercdrive.fr/image.ashx?id=2554424&use=l&cat=p&typeid=i","cat":284667},{"id":62673,"n":"Dentifrice Sensodyne Rapide action blancheur - 75ml","p":4.02,"u":"53,60 €/L","img":"https://fd9-photos.leclercdrive.fr/image.ashx?id=2556303&use=l&cat=p&typeid=i","cat":284612},{"id":62676,"n":"Gel douche bio So Bio Etic  Karité sans sulfate - 650ml","p":5.61,"u":"8,63 €/L","img":"https://fd9-photos.leclercdrive.fr/image.ashx?id=2850593&use=l&cat=p&typeid=i","cat":284594},{"id":62678,"n":"Crème douche bio So Bio Etic Lait d'anesse - 650ml","p":5.55,"u":"8,54 €/L","img":"https://fd9-photos.leclercdrive.fr/image.ashx?id=2862515&use=l&cat=p&typeid=i","cat":284594},{"id":62681,"n":"Eau de javel Clair Parfum citron - 2L","p":0.98,"u":"0,49 €/L","img":"https://fd9-photos.leclercdrive.fr/image.ashx?id=2949206&use=l&cat=p&typeid=i","cat":284661},{"id":62682,"n":"Javel en gel Clair  Citron vert - 750ml","p":1.18,"u":"1,57 €/L","img":"https://fd9-photos.leclercdrive.fr/image.ashx?id=2843881&use=l&cat=p&typeid=i","cat":284661},{"id":62687,"n":"Spray nasal Primoplast 100% eau de mer - 150ml","p":4.45,"u":"29,67 €/L","img":"https://fd9-photos.leclercdrive.fr/image.ashx?id=2955758&use=l&cat=p&typeid=i","cat":284630},{"id":62697,"n":"Nappe damassée Homeside Blanche - 8m","p":1.61,"img":"https://fd9-photos.leclercdrive.fr/image.ashx?id=1659708&use=l&cat=p&typeid=i","cat":334134},{"id":62731,"n":"Abricots Douceur du Verger Sirop léger - 475 g","p":2.42,"u":"5,09 €/KG","img":"https://fd9-photos.leclercdrive.fr/image.ashx?id=2618235&use=l&cat=p&typeid=i","cat":284507},{"id":62742,"n":"Gressins sésames bio Bio Village - 125g","p":1.52,"u":"12,16 €/KG","img":"https://fd9-photos.leclercdrive.fr/image.ashx?id=1944640&use=l&cat=p&typeid=i","cat":297000},{"id":62745,"n":"Palmiers bio Bio Village  Fromage - 100g","p":2.25,"u":"22,50 €/KG","img":"https://fd9-photos.leclercdrive.fr/image.ashx?id=1102083&use=l&cat=p&typeid=i","cat":297000},{"id":62753,"n":"Noix de cajou Bio Village  Bio Grillées - 100g","p":2.1,"u":"21,00 €/KG","img":"https://fd9-photos.leclercdrive.fr/image.ashx?id=2664590&use=l&cat=p&typeid=i","cat":284448},{"id":62858,"n":"Biscuit Nature GERBLE  sans sucres ajoutés - 132g","p":2.07,"u":"15,68 €/KG","img":"https://fd9-photos.leclercdrive.fr/image.ashx?id=2662835&use=l&cat=p&typeid=i","cat":318653},{"id":62875,"n":"Confiture fraise Gerblé Sans sucres ajoutés - 320g","p":2.17,"u":"6,78 €/KG","img":"https://fd9-photos.leclercdrive.fr/image.ashx?id=2676678&use=l&cat=p&typeid=i","cat":318653},{"id":62937,"n":"Thon mariné Petit Navire Tomate séchée - 2x110g","p":3.84,"u":"17,45 €/KG","img":"https://fd9-photos.leclercdrive.fr/image.ashx?id=2522560&use=l&cat=p&typeid=i","cat":303867},{"id":63079,"n":"Thon Blanc MSC Petit Navire A l'huile d'olive - 160g","p":3.58,"u":"22,38 €/KG","img":"https://fd9-photos.leclercdrive.fr/image.ashx?id=2523852&use=l&cat=p&typeid=i","cat":303867},{"id":63153,"n":"Mouchoirs  Foxy cotton 3 plis - x90","p":1.93,"img":"https://fd9-photos.leclercdrive.fr/image.ashx?id=1650974&use=l&cat=p&typeid=i","cat":284638},{"id":63284,"n":"AOP Champagne Canard Duchêne Charles VII Brut - 75cl","p":29.5,"pp":26.55,"u":"35,40 €/L","img":"https://fd9-photos.leclercdrive.fr/image.ashx?id=2174390&use=l&cat=p&typeid=i","cat":284542},{"id":63287,"n":"AOP Crémant de Bordeaux Malesan brut - 75cl","p":6.9,"pp":4.55,"u":"6,07 €/L","img":"https://fd9-photos.leclercdrive.fr/image.ashx?id=2497193&use=l&cat=p&typeid=i","cat":284545},{"id":63304,"n":"Pizza Crust Sodebo Classic Jambon Emmental - 600g","p":4.86,"u":"8,10 €/KG","img":"https://fd9-photos.leclercdrive.fr/image.ashx?id=3008254&use=l&cat=p&typeid=i","cat":333679},{"id":63320,"n":"Rhum Vieux Agricole AOC  Martinique 40%vol - 70cl","p":22.64,"u":"32,34 €/L","img":"https://fd9-photos.leclercdrive.fr/image.ashx?id=2731075&use=l&cat=p&typeid=i","cat":284550},{"id":63426,"n":"Rivesaltes Dauré 16%vol  75cl","p":4.71,"u":"6,28 €/L","img":"https://fd9-photos.leclercdrive.fr/image.ashx?id=1740239&use=l&cat=p&typeid=i","cat":284913},{"id":63437,"n":"Yaourt Brassé lait de chèvre  Soignon Abricot - 4x125g","p":2.75,"u":"5,50 €/KG","img":"https://fd9-photos.leclercdrive.fr/image.ashx?id=2518271&use=l&cat=p&typeid=i","cat":314998},{"id":63521,"n":"Penne au saumon Marie Crème d'épinard - 280g","p":3.11,"u":"11,11 €/KG","img":"https://fd9-photos.leclercdrive.fr/image.ashx?id=2317519&use=l&cat=p&typeid=i","cat":333665},{"id":63541,"n":"Sauce barbecue Rustica 560g","p":1.78,"u":"3,18 €/KG","img":"https://fd9-photos.leclercdrive.fr/image.ashx?id=2092948&use=l&cat=p&typeid=i","cat":318431},{"id":63676,"n":"Poivre blanc moulu Ducros 36g","p":2.7,"u":"75,00 €/KG","img":"https://fd9-photos.leclercdrive.fr/image.ashx?id=2203745&use=l&cat=p&typeid=i","cat":284457},{"id":63722,"n":"Liqueur Herbes Jagermeister 35° - 70cl","p":18.42,"u":"26,31 €/L","img":"https://fd9-photos.leclercdrive.fr/image.ashx?id=2474740&use=l&cat=p&typeid=i","cat":286032},{"id":63759,"n":"Pur Jus Jafaden Mutlifruits - 2L","p":2.75,"u":"1,38 €/L","img":"https://fd9-photos.leclercdrive.fr/image.ashx?id=2762955&use=l&cat=p&typeid=i","cat":284917},{"id":63768,"n":"Boisson aux fruits Oasis Pomme Cassis Framboise - 6x33cl","p":4.02,"u":"2,03 €/L","img":"https://fd9-photos.leclercdrive.fr/image.ashx?id=3014449&use=l&cat=p&typeid=i","cat":295018},{"id":63797,"n":"Soda Schweppes Saveur Agrumes - 6x33cl","p":3.33,"u":"1,68 €/L","img":"https://fd9-photos.leclercdrive.fr/image.ashx?id=2852737&use=l&cat=p&typeid=i","cat":284532},{"id":63798,"n":"Soda Schweppes Saveur Agrumes Zero - 6x33cl","p":3.08,"u":"1,56 €/L","img":"https://fd9-photos.leclercdrive.fr/image.ashx?id=2852740&use=l&cat=p&typeid=i","cat":284532},{"id":63828,"n":"Concentré à diluer Pulco Citron Vert Menthe - 70cl","p":2.71,"u":"3,87 €/L","img":"https://fd9-photos.leclercdrive.fr/image.ashx?id=2687791&use=l&cat=p&typeid=i","cat":295020},{"id":63847,"n":"Champagne A.Rothschild & Cie Rosé - 75cl","p":27.34,"u":"36,45 €/L","img":"https://fd9-photos.leclercdrive.fr/image.ashx?id=2628470&use=l&cat=p&typeid=i","cat":284542},{"id":63892,"n":"Capsules café L'Or Espresso Forza N°9 x10","p":3.13,"u":"60,19 €/KG","img":"https://fd9-photos.leclercdrive.fr/image.ashx?id=2393753&use=l&cat=p&typeid=i","cat":284749},{"id":63961,"n":"Burger le campagnard Côté Snack Poulet emmental - 180g","p":2.49,"u":"13,83 €/KG","img":"https://fd9-photos.leclercdrive.fr/image.ashx?id=2898251&use=l&cat=p&typeid=i","cat":333671},{"id":63971,"n":"Escalope cordon bleu Père dodu Poulet x4 - 400g - Familial","p":4.1,"u":"10,25 €/KG","img":"https://fd9-photos.leclercdrive.fr/image.ashx?id=2957173&use=l&cat=p&typeid=i","cat":333683},{"id":63973,"n":"Cordon Bleu Père Dodu  Poulet x8 - 800g - Maxi Format","p":7.54,"u":"9,43 €/KG","img":"https://fd9-photos.leclercdrive.fr/image.ashx?id=2957176&use=l&cat=p&typeid=i","cat":333683},{"id":63987,"n":"Mini bâtonnets Trium Vanille fruits x8 - 300g","p":2.7,"u":"9,00 €/KG","img":"https://fd9-photos.leclercdrive.fr/image.ashx?id=2791323&use=l&cat=p&typeid=i","cat":284265},{"id":63989,"n":"Mascarpone Bio Village Bio - 250g","p":2.98,"u":"11,92 €/KG","img":"https://fd9-photos.leclercdrive.fr/image.ashx?id=1947561&use=l&cat=p&typeid=i","cat":314026},{"id":63990,"n":"Fromage Cantal jeune râpé NRT  AOP - 150g","p":2.39,"u":"15,93 €/KG","img":"https://fd9-photos.leclercdrive.fr/image.ashx?id=2494172&use=l&cat=p&typeid=i","cat":314035},{"id":63993,"n":"Crème glacée Eskiss  Douceur de vanille - 500g","p":3.91,"u":"7,82 €/KG","img":"https://fd9-photos.leclercdrive.fr/image.ashx?id=2982634&use=l&cat=p&typeid=i","cat":284263},{"id":63999,"n":"Nectar de Goyave NRT De Martinique - 1L","p":2.85,"u":"2,85 €/L","img":"https://fd9-photos.leclercdrive.fr/image.ashx?id=2849656&use=l&cat=p&typeid=i","cat":284916},{"id":64000,"n":"Nectar de poire Williams NRT Du Roussillon - 1L","p":3.05,"u":"3,05 €/L","img":"https://fd9-photos.leclercdrive.fr/image.ashx?id=2988150&use=l&cat=p&typeid=i","cat":284915},{"id":64014,"n":"Mélange de jeunes pousses Bio Bio Village - 100g","p":2.02,"u":"20,20 €/KG","img":"https://fd9-photos.leclercdrive.fr/image.ashx?id=2739541&use=l&cat=p&typeid=i","cat":284353},{"id":64020,"n":"Soda pomme cerise Sprink's 1.5L","p":1.67,"u":"1,11 €/L","img":"https://fd9-photos.leclercdrive.fr/image.ashx?id=2913754&use=l&cat=p&typeid=i","cat":284532},{"id":64023,"n":"Soda cerise Sprink's 1.5L","p":1.69,"u":"1,13 €/L","img":"https://fd9-photos.leclercdrive.fr/image.ashx?id=2913751&use=l&cat=p&typeid=i","cat":284532},{"id":64024,"n":"Soda pomme Sprink's 1.5L","p":1.48,"u":"0,99 €/L","img":"https://fd9-photos.leclercdrive.fr/image.ashx?id=2913748&use=l&cat=p&typeid=i","cat":284532},{"id":64029,"n":"Boisson au thé vert Fresh Tea Menthe - 1.5L","p":1.82,"u":"1,21 €/L","img":"https://fd9-photos.leclercdrive.fr/image.ashx?id=2622269&use=l&cat=p&typeid=i","cat":295019},{"id":64061,"n":"Petits feuilletés Atelier Blini Coffret de nos régions - 485g","p":5.98,"u":"12,33 €/KG","img":"https://fd9-photos.leclercdrive.fr/image.ashx?id=1596371&use=l&cat=p&typeid=i","cat":319774},{"id":64062,"n":"Petits feuilletés Atelier Blini Fromager - 420g","p":6.06,"u":"14,43 €/KG","img":"https://fd9-photos.leclercdrive.fr/image.ashx?id=1738057&use=l&cat=p&typeid=i","cat":319774},{"id":64108,"n":"Fromage à Tartiner Carré Frais  Nature 8 Portions - 200g","p":2.16,"u":"10,80 €/KG","img":"https://fd9-photos.leclercdrive.fr/image.ashx?id=2452209&use=l&cat=p&typeid=i","cat":314029},{"id":64109,"n":"Fromage blanc Délisse 3.2%mg 12x100g","p":2.69,"u":"2,24 €/KG","img":"https://fd9-photos.leclercdrive.fr/image.ashx?id=3012848&use=l&cat=p&typeid=i","cat":284409},{"id":64170,"n":"Surimi Petits Coraya Sauce mayonnaise  x21 - 210g","p":2.64,"u":"12,57 €/KG","img":"https://fd9-photos.leclercdrive.fr/image.ashx?id=2968880&use=l&cat=p&typeid=i","cat":285189},{"id":64278,"n":"Matière grasse St Hubert 41 Demi-sel - 38%MG - 500g","p":2.99,"u":"5,98 €/KG","img":"https://fd9-photos.leclercdrive.fr/image.ashx?id=2734150&use=l&cat=p&typeid=i","cat":315229},{"id":64666,"n":"Gâteaux moelleux Kinder Délice Coeur lait enrobé Cacao - x10","p":3.32,"u":"8,51 €/KG","img":"https://fd9-photos.leclercdrive.fr/image.ashx?id=2832476&use=l&cat=p&typeid=i","cat":284495},{"id":64680,"n":"Soupe liquide Liebig Potiron Kiri Brique - 2x30cl","p":2.38,"u":"3,97 €/L","img":"https://fd9-photos.leclercdrive.fr/image.ashx?id=2892136&use=l&cat=p&typeid=i","cat":284462},{"id":64685,"n":"Soupe liquide Liebig  Potiron - 2x30cl","p":2.07,"u":"3,45 €/L","img":"https://fd9-photos.leclercdrive.fr/image.ashx?id=2369915&use=l&cat=p&typeid=i","cat":284462},{"id":64686,"n":"Soupe liquide brique Liebig  Velouté légumes soleil - 2x30cl","p":1.9,"u":"3,17 €/L","img":"https://fd9-photos.leclercdrive.fr/image.ashx?id=2203382&use=l&cat=p&typeid=i","cat":284462},{"id":64692,"n":"Chocolat Pâtissier Nestlé Dessert - Noir corsé - 200g","p":3.14,"u":"15,70 €/KG","img":"https://fd9-photos.leclercdrive.fr/image.ashx?id=2889895&use=l&cat=p&typeid=i","cat":285562},{"id":64694,"n":"Culottes Confort Protect Depend Homme - L/XL - x9","p":7.6,"u":"0,84 €/P","img":"https://fd9-photos.leclercdrive.fr/image.ashx?id=2057755&use=l&cat=p&typeid=i","cat":291514},{"id":64841,"n":"Recharges roller Esquisse Noir effaçable x3","p":1.59,"img":"https://fd9-photos.leclercdrive.fr/image.ashx?id=1188609&use=l&cat=p&typeid=i","cat":284696},{"id":64889,"n":"Végétal Nuggets Garden Gourmet Soja et Blé 200g","p":2.68,"u":"13,40 €/KG","img":"https://fd9-photos.leclercdrive.fr/image.ashx?id=2963967&use=l&cat=p&typeid=i","cat":316036},{"id":64890,"n":"Bouchée Grillée Garden Gourmet Soja et Blé 175g","p":2.85,"u":"16,29 €/KG","img":"https://fd9-photos.leclercdrive.fr/image.ashx?id=2971392&use=l&cat=p&typeid=i","cat":316036},{"id":64897,"n":"Tortellini à poêler Lustucru Jambon emmental - 300g","p":2.18,"u":"7,27 €/KG","img":"https://fd9-photos.leclercdrive.fr/image.ashx?id=2792393&use=l&cat=p&typeid=i","cat":333682},{"id":64934,"n":"Collants Body Touch Dim Voile noir - Taille 2","p":6.95,"img":"https://fd9-photos.leclercdrive.fr/image.ashx?id=3008041&use=l&cat=p&typeid=i","cat":334130},{"id":64935,"n":"Collants Body Touch Dim Voile noir - Taille 3","p":6.95,"img":"https://fd9-photos.leclercdrive.fr/image.ashx?id=3008044&use=l&cat=p&typeid=i","cat":334130},{"id":64936,"n":"Collants Body Touch Dim Voile noir - Taille 4","p":6.95,"img":"https://fd9-photos.leclercdrive.fr/image.ashx?id=2876086&use=l&cat=p&typeid=i","cat":334130},{"id":64940,"n":"Collants Sublim brillant Dim Gazelle - Taille 1","p":5.4,"img":"https://fd9-photos.leclercdrive.fr/image.ashx?id=2018589&use=l&cat=p&typeid=i","cat":334130},{"id":64941,"n":"Collants Sublim brillant Dim Gazelle - Taille 2","p":5.4,"img":"https://fd9-photos.leclercdrive.fr/image.ashx?id=2183440&use=l&cat=p&typeid=i","cat":334130},{"id":64942,"n":"Colllants Sublim brillant Dim Gazelle - Taille 3","p":5.4,"img":"https://fd9-photos.leclercdrive.fr/image.ashx?id=2183443&use=l&cat=p&typeid=i","cat":334130},{"id":64943,"n":"Collants Sublim brillant Dim Gazelle - Taille 4","p":5.4,"img":"https://fd9-photos.leclercdrive.fr/image.ashx?id=2183446&use=l&cat=p&typeid=i","cat":334130},{"id":64944,"n":"Collants Sublim brillant Dim Gazelle - Taille 5","p":5.4,"img":"https://fd9-photos.leclercdrive.fr/image.ashx?id=2176638&use=l&cat=p&typeid=i","cat":334130},{"id":64945,"n":"Collants Sublim brillant Dim Gazelle - Taille 6","p":5.4,"img":"https://fd9-photos.leclercdrive.fr/image.ashx?id=2176641&use=l&cat=p&typeid=i","cat":334130},{"id":64946,"n":"Collants Diam's Dim Voile galbe Noir - Taille 1","p":6.2,"img":"https://fd9-photos.leclercdrive.fr/image.ashx?id=2497076&use=l&cat=p&typeid=i","cat":334130},{"id":64948,"n":"Collants Diam's Dim Voile galbe Noir - Taille 3","p":6.2,"img":"https://fd9-photos.leclercdrive.fr/image.ashx?id=2497082&use=l&cat=p&typeid=i","cat":334130},{"id":64950,"n":"Collants Diam's Dim Voile galbe Noir - Taille 5","p":6.2,"img":"https://fd9-photos.leclercdrive.fr/image.ashx?id=2177707&use=l&cat=p&typeid=i","cat":334130},{"id":64951,"n":"Collants Diam's Dim Voile galbe Noir - Taille 6","p":6.2,"img":"https://fd9-photos.leclercdrive.fr/image.ashx?id=2177710&use=l&cat=p&typeid=i","cat":334130},{"id":64964,"n":"Eau minérale gazeuse Quezac 6x1.15L","p":2.81,"u":"0,41 €/L","img":"https://fd9-photos.leclercdrive.fr/image.ashx?id=2975341&use=l&cat=p&typeid=i","cat":284536},{"id":64980,"n":"Parmentier de canard  Maison Tino - 750g","p":9.34,"u":"12,45 €/KG","img":"https://fd9-photos.leclercdrive.fr/image.ashx?id=2554656&use=l&cat=p&typeid=i","cat":333666},{"id":64984,"n":"Lasagne de Boeuf  Maison Tino - 900g","p":11.03,"u":"12,26 €/KG","img":"https://fd9-photos.leclercdrive.fr/image.ashx?id=2681829&use=l&cat=p&typeid=i","cat":333666},{"id":65013,"n":"AIRWICK Spray Désodorisant  Pure Rafraichissant - 250ml","p":3.63,"u":"14,52 €/L","img":"https://fd9-photos.leclercdrive.fr/image.ashx?id=2962011&use=l&cat=p&typeid=i","cat":311626},{"id":65044,"n":"Biscuits petit déjeuner Belvita Miel & pépites chocolat - 435g","p":2.7,"u":"6,21 €/KG","img":"https://fd9-photos.leclercdrive.fr/image.ashx?id=2989441&use=l&cat=p&typeid=i","cat":284491},{"id":65048,"n":"Barres céréales Grany Fraises framboises - 108g","p":1.95,"u":"18,06 €/KG","img":"https://fd9-photos.leclercdrive.fr/image.ashx?id=2834350&use=l&cat=p&typeid=i","cat":285869},{"id":65061,"n":"Eau aromatisée Volvic zest  citron vert citron - 1,5L","p":1.08,"u":"0,72 €/L","img":"https://fd9-photos.leclercdrive.fr/image.ashx?id=2730259&use=l&cat=p&typeid=i","cat":284537},{"id":65251,"n":"Collants Diam's Dim Ventre plat Noir - Taille 1","p":9.85,"img":"https://fd9-photos.leclercdrive.fr/image.ashx?id=2636796&use=l&cat=p&typeid=i","cat":334130},{"id":65253,"n":"Collants Diam's Dim Ventre plat Noir - Taille 2","p":9.85,"img":"https://fd9-photos.leclercdrive.fr/image.ashx?id=2636799&use=l&cat=p&typeid=i","cat":334130},{"id":65255,"n":"Collants Diam's Dim Ventre plat Noir - Taille 3","p":9.85,"img":"https://fd9-photos.leclercdrive.fr/image.ashx?id=2636802&use=l&cat=p&typeid=i","cat":334130},{"id":65257,"n":"Collants Diam's Dim Ventre plat Noir - Taille 4","p":9.85,"img":"https://fd9-photos.leclercdrive.fr/image.ashx?id=2636808&use=l&cat=p&typeid=i","cat":334130},{"id":65276,"n":"Mi-bas sublim Dim Voile brillant noir T35/41 x2","p":4.88,"img":"https://fd9-photos.leclercdrive.fr/image.ashx?id=2840856&use=l&cat=p&typeid=i","cat":334130},{"id":65278,"n":"Mi-bas sublim Dim  Voile brillant capri T35/41 x2","p":4.88,"img":"https://fd9-photos.leclercdrive.fr/image.ashx?id=1650275&use=l&cat=p&typeid=i","cat":334130},{"id":65281,"n":"Mi-bas sublim Dim Gazelle T35/41 x2","p":4.88,"img":"https://fd9-photos.leclercdrive.fr/image.ashx?id=2176647&use=l&cat=p&typeid=i","cat":334130},{"id":65286,"n":"Socquettes sublim Dim Noir T35/41 x2","p":4.48,"img":"https://fd9-photos.leclercdrive.fr/image.ashx?id=2534653&use=l&cat=p&typeid=i","cat":334130},{"id":65290,"n":"Socquettes sublim Dim  Capri T35/41 x2","p":4.48,"img":"https://fd9-photos.leclercdrive.fr/image.ashx?id=2176653&use=l&cat=p&typeid=i","cat":334130},{"id":65301,"n":"Collant Well Morphologie Slim Opaque noir / +1m65","p":6.48,"img":"https://fd9-photos.leclercdrive.fr/image.ashx?id=1847043&use=l&cat=p&typeid=i","cat":334130},{"id":65336,"n":"Café dosettes Tassimo L'Or Espresso Splendente x16","p":4.88,"u":"43,57 €/KG","img":"https://fd9-photos.leclercdrive.fr/image.ashx?id=2853404&use=l&cat=p&typeid=i","cat":293240},{"id":65337,"n":"Epices pour fajitas Old El Paso doux - 30g","p":1.55,"u":"51,67 €/KG","img":"https://fd9-photos.leclercdrive.fr/image.ashx?id=2737702&use=l&cat=p&typeid=i","cat":288993},{"id":65341,"n":"Bonbons LUTTI Koala Guimauve Chocolat - 185g","p":1.66,"u":"8,97 €/KG","img":"https://fd9-photos.leclercdrive.fr/image.ashx?id=2806147&use=l&cat=p&typeid=i","cat":304250},{"id":65342,"n":"Bonbons LUTTI Surffizz Piquants Fruits - 200g","p":1.17,"u":"5,85 €/KG","img":"https://fd9-photos.leclercdrive.fr/image.ashx?id=2806144&use=l&cat=p&typeid=i","cat":304250},{"id":65358,"n":"AOP Bordeaux Vin Rosé Mouton Cadet - 14% vol. - 1.5L","p":12.95,"u":"8,63 €/L","img":"https://fd9-photos.leclercdrive.fr/image.ashx?id=2645522&use=l&cat=p&typeid=i","cat":289558},{"id":65665,"n":"Mini cônes Milka x8 - 140g","p":3.8,"u":"27,14 €/KG","img":"https://fd9-photos.leclercdrive.fr/image.ashx?id=1989618&use=l&cat=p&typeid=i","cat":284264},{"id":65902,"n":"Semelles Gel Soft Homme Quotidiennes - 1 paire","p":15.89,"img":"https://fd9-photos.leclercdrive.fr/image.ashx?id=2470291&use=l&cat=p&typeid=i","cat":325354},{"id":65903,"n":"Semelles Gel Soft Femme Quotidiennes - 1 paire","p":15.89,"img":"https://fd9-photos.leclercdrive.fr/image.ashx?id=2227225&use=l&cat=p&typeid=i","cat":325354},{"id":65904,"n":"Liniment Mots d'Enfants 500ml","p":3.9,"u":"7,80 €/L","img":"https://fd9-photos.leclercdrive.fr/image.ashx?id=3014248&use=l&cat=p&typeid=i","cat":284741},{"id":65926,"n":"Guacamole Extra l'Atelier Blini 175g","p":3.46,"u":"19,77 €/KG","img":"https://fd9-photos.leclercdrive.fr/image.ashx?id=2852504&use=l&cat=p&typeid=i","cat":315999},{"id":65950,"n":"Gel toilette intime Doulys 200ml","p":2.47,"u":"12,35 €/L","img":"https://fd9-photos.leclercdrive.fr/image.ashx?id=1703245&use=l&cat=p&typeid=i","cat":284627},{"id":65970,"n":"Crème légère fluide Bridélice 12%MG - 3x20cl","p":2.42,"u":"4,03 €/L","img":"https://fd9-photos.leclercdrive.fr/image.ashx?id=2904736&use=l&cat=p&typeid=i","cat":284381},{"id":65972,"n":"Poires Douceur du Verger Sirop léger - 225 g","p":1.32,"u":"5,87 €/KG","img":"https://fd9-photos.leclercdrive.fr/image.ashx?id=2783017&use=l&cat=p&typeid=i","cat":284507},{"id":65973,"n":"Abricots Douceur du Verger Sirop léger - 235 g","p":1.44,"u":"6,13 €/KG","img":"https://fd9-photos.leclercdrive.fr/image.ashx?id=2622891&use=l&cat=p&typeid=i","cat":284507},{"id":66076,"n":"Bière ambrée Bio Jade  4.5%vol - 6x25cl","p":5.39,"u":"3,59 €/L","img":"https://fd9-photos.leclercdrive.fr/image.ashx?id=2518154&use=l&cat=p&typeid=i","cat":334852},{"id":66266,"n":"Brioche tranchée Pasquier Tranches gourmandes - 450g","p":2.18,"u":"4,84 €/KG","img":"https://fd9-photos.leclercdrive.fr/image.ashx?id=2850940&use=l&cat=p&typeid=i","cat":284478},{"id":66279,"n":"Roquefort AOP Les croisés - 32%mg - 100g","p":2.15,"u":"21,50 €/KG","img":"https://fd9-photos.leclercdrive.fr/image.ashx?id=2562885&use=l&cat=p&typeid=i","cat":314032},{"id":66282,"n":"Bresaola Saint-Azay 7 tranches - 70g","p":2.99,"u":"42,71 €/KG","img":"https://fd9-photos.leclercdrive.fr/image.ashx?id=2946460&use=l&cat=p&typeid=i","cat":316007},{"id":66284,"n":"Saucisson sec Saint-Azay 30 tranches - 100g","p":1.43,"u":"14,30 €/KG","img":"https://fd9-photos.leclercdrive.fr/image.ashx?id=2907213&use=l&cat=p&typeid=i","cat":316007},{"id":66293,"n":"Eau aromatisée Volvic juicy jus de fraise - 6x50cl","p":3.67,"u":"1,22 €/L","img":"https://fd9-photos.leclercdrive.fr/image.ashx?id=2961996&use=l&cat=p&typeid=i","cat":284537},{"id":66299,"n":"Petits fours apéritifs x24 bouchées - 365g","p":9.81,"u":"26,88 €/KG","img":"https://fd9-photos.leclercdrive.fr/image.ashx?id=2804293&use=l&cat=p&typeid=i","cat":316003},{"id":66343,"n":"Mini cakes Traiteur x16 - 240g","p":7.95,"u":"33,13 €/KG","img":"https://fd9-photos.leclercdrive.fr/image.ashx?id=2544416&use=l&cat=p&typeid=i","cat":316003},{"id":66356,"n":"Café Soluble Nescafé  Cappuccino Classique - 280g","p":4.44,"u":"15,86 €/KG","img":"https://fd9-photos.leclercdrive.fr/image.ashx?id=2918044&use=l&cat=p&typeid=i","cat":284843},{"id":66386,"n":"Sabots clipsables Philips Oneblade QP2520/20  x3","p":32.26,"u":"Dont 0,10 € d'éco-part.","img":"https://fd9-photos.leclercdrive.fr/image.ashx?id=2058034&use=l&cat=p&typeid=i","cat":284616},{"id":66651,"n":"Doonuts nappés St Michel 180g","p":1.65,"u":"9,17 €/KG","img":"https://fd9-photos.leclercdrive.fr/image.ashx?id=2928495&use=l&cat=p&typeid=i","cat":284495},{"id":66739,"n":"Petits Pots  - P'tite Recette  Paëlla - dès 12 mois - 2x200g","p":2.36,"u":"5,90 €/KG","img":"https://fd9-photos.leclercdrive.fr/image.ashx?id=2525693&use=l&cat=p&typeid=i","cat":312237},{"id":66747,"n":"Ma Crème anglaise Bridélice UHT - 50cl","p":1.84,"u":"3,68 €/L","img":"https://fd9-photos.leclercdrive.fr/image.ashx?id=2643086&use=l&cat=p&typeid=i","cat":284382},{"id":66751,"n":"Boisson à l'amande Végé 1L Végé - 200g","p":1.85,"u":"1,85 €/L","img":"https://fd9-photos.leclercdrive.fr/image.ashx?id=2874699&use=l&cat=p&typeid=i","cat":316067},{"id":66752,"n":"Boisson au riz Végé 1L Végé - 200g","p":1.55,"u":"1,55 €/L","img":"https://fd9-photos.leclercdrive.fr/image.ashx?id=2896030&use=l&cat=p&typeid=i","cat":316067},{"id":66754,"n":"Boisson a l'avoine Végé 1L Végé - 200g","p":1.47,"u":"1,47 €/L","img":"https://fd9-photos.leclercdrive.fr/image.ashx?id=2869501&use=l&cat=p&typeid=i","cat":316067},{"id":66755,"n":"Boisson à la noisette Végé 1L Végé - 200g","p":1.79,"u":"1,79 €/L","img":"https://fd9-photos.leclercdrive.fr/image.ashx?id=2869504&use=l&cat=p&typeid=i","cat":316067},{"id":66757,"n":"Soja cuisine Bio Bio Village Végétal - 25cl","p":0.95,"u":"3,80 €/L","img":"https://fd9-photos.leclercdrive.fr/image.ashx?id=2791060&use=l&cat=p&typeid=i","cat":316069},{"id":66761,"n":"Mini gratins Côté Table Légumes du soleil - 400g","p":3.69,"u":"9,23 €/KG","img":"https://fd9-photos.leclercdrive.fr/image.ashx?id=2059098&use=l&cat=p&typeid=i","cat":319802},{"id":66764,"n":"Olives Couleur Vives A l'oriental - 150g","p":1.99,"u":"13,27 €/KG","img":"https://fd9-photos.leclercdrive.fr/image.ashx?id=2601289&use=l&cat=p&typeid=i","cat":316002},{"id":66767,"n":"Olives Couleurs Vives A la provençal - 150g","p":1.99,"u":"13,27 €/KG","img":"https://fd9-photos.leclercdrive.fr/image.ashx?id=2601292&use=l&cat=p&typeid=i","cat":316002},{"id":66772,"n":"Gésiers de volaille Provençale - 300g","p":2.49,"u":"8,30 €/KG","img":"https://fd9-photos.leclercdrive.fr/image.ashx?id=2814872&use=l&cat=p&typeid=i","cat":284715},{"id":66785,"n":"Biscuits Nat&Vie Soja/figue 200g","p":1.26,"u":"6,30 €/KG","img":"https://fd9-photos.leclercdrive.fr/image.ashx?id=2460619&use=l&cat=p&typeid=i","cat":318651},{"id":66787,"n":"Biscuits Nat&Vie  Chocolat - 200g","p":1.07,"u":"5,35 €/KG","img":"https://fd9-photos.leclercdrive.fr/image.ashx?id=2460616&use=l&cat=p&typeid=i","cat":318651},{"id":66793,"n":"Biscuits Nat&Vie Sésame - 200g","p":1.15,"u":"5,75 €/KG","img":"https://fd9-photos.leclercdrive.fr/image.ashx?id=2390428&use=l&cat=p&typeid=i","cat":318651},{"id":66794,"n":"Biscuits Nat&Vie Soja/orange - 200g","p":0.96,"u":"4,80 €/KG","img":"https://fd9-photos.leclercdrive.fr/image.ashx?id=2460613&use=l&cat=p&typeid=i","cat":318651},{"id":66804,"n":"Biscuits Nutella B-ready Cacao Noisettes - 220g","p":2.81,"u":"12,77 €/KG","img":"https://fd9-photos.leclercdrive.fr/image.ashx?id=2630784&use=l&cat=p&typeid=i","cat":284488},{"id":66809,"n":"Gousses vanille Vahiné  3g","p":4.28,"img":"https://fd9-photos.leclercdrive.fr/image.ashx?id=2524314&use=l&cat=p&typeid=i","cat":284504},{"id":66811,"n":"Tablette de chocolat Côte d'Or Lait Noisettes - 2x180g","p":6.72,"u":"18,67 €/KG","img":"https://fd9-photos.leclercdrive.fr/image.ashx?id=2850231&use=l&cat=p&typeid=i","cat":284497},{"id":66834,"n":"Gel coiffant Vitanove Fixation extrême - 250ml","p":1.62,"u":"6,48 €/L","img":"https://fd9-photos.leclercdrive.fr/image.ashx?id=2824704&use=l&cat=p&typeid=i","cat":284609},{"id":66837,"n":"Gel coiffant Vitanove  Fixation extra forte - 250ml","p":1.29,"u":"5,16 €/L","img":"https://fd9-photos.leclercdrive.fr/image.ashx?id=2836325&use=l&cat=p&typeid=i","cat":284609},{"id":66838,"n":"Gel coiffant Vitanove  Fixation béton - 250ml","p":1.61,"u":"6,44 €/L","img":"https://fd9-photos.leclercdrive.fr/image.ashx?id=2823087&use=l&cat=p&typeid=i","cat":284609},{"id":66841,"n":"Déodorant bille Manava Grenade - 50ml","p":0.99,"u":"19,80 €/L","img":"https://fd9-photos.leclercdrive.fr/image.ashx?id=2481234&use=l&cat=p&typeid=i","cat":284595},{"id":66843,"n":"Bandes de cire froide Siliss Visage - x32","p":2.19,"u":"0,07 €/P","img":"https://fd9-photos.leclercdrive.fr/image.ashx?id=2699708&use=l&cat=p&typeid=i","cat":325351},{"id":66844,"n":"Bandes de cire froide Siliss Jambes - x20","p":2.3,"u":"0,12 €/P","img":"https://fd9-photos.leclercdrive.fr/image.ashx?id=2842316&use=l&cat=p&typeid=i","cat":325351},{"id":66849,"n":"Dessert bébé lacté Blédina 6m Banane - 6x55g","p":2.02,"u":"6,12 €/KG","img":"https://fd9-photos.leclercdrive.fr/image.ashx?id=2952454&use=l&cat=p&typeid=i","cat":312392},{"id":66968,"n":"Beurre tendre Président Doux - 82% MG - 250g","p":3.13,"u":"12,52 €/KG","img":"https://fd9-photos.leclercdrive.fr/image.ashx?id=2811944&use=l&cat=p&typeid=i","cat":284379},{"id":66969,"n":"Pommes de terre Notre Jardin En lamelle - 500g","p":1.38,"u":"2,76 €/KG","img":"https://fd9-photos.leclercdrive.fr/image.ashx?id=2670335&use=l&cat=p&typeid=i","cat":284352},{"id":66974,"n":"Quart de jambon sec Saint Azay 18 tranches - 220g","p":2.84,"u":"12,91 €/KG","img":"https://fd9-photos.leclercdrive.fr/image.ashx?id=2874386&use=l&cat=p&typeid=i","cat":316007},{"id":66978,"n":"Poire bio Bio Village Barquette x4","p":2.99,"u":"0,75 €/P","img":"https://fd9-photos.leclercdrive.fr/image.ashx?id=2552002&use=l&cat=p&typeid=i","cat":284356},{"id":66985,"n":"Roulés au fromage Côté Table x2 - 260g","p":2.32,"u":"8,92 €/KG","img":"https://fd9-photos.leclercdrive.fr/image.ashx?id=2794838&use=l&cat=p&typeid=i","cat":333671},{"id":66989,"n":"Yaourt bifidus Activia céréales noix - 4x120g","p":2.11,"u":"4,40 €/KG","img":"https://fd9-photos.leclercdrive.fr/image.ashx?id=2901623&use=l&cat=p&typeid=i","cat":315000},{"id":66990,"n":"Yaourt bifidus Activia céréales muesli - 4x120g","p":2.02,"u":"4,21 €/KG","img":"https://fd9-photos.leclercdrive.fr/image.ashx?id=2901620&use=l&cat=p&typeid=i","cat":315000},{"id":67152,"n":"Tablette de chocolat noir Lindt Zestes de citron vert - 2x100g","p":4.64,"u":"23,20 €/KG","img":"https://fd9-photos.leclercdrive.fr/image.ashx?id=2230887&use=l&cat=p&typeid=i","cat":284956},{"id":67155,"n":"Tablette de chocolat noir Lindt Orange intense - 2x100g","p":4.48,"u":"22,40 €/KG","img":"https://fd9-photos.leclercdrive.fr/image.ashx?id=2153273&use=l&cat=p&typeid=i","cat":284956},{"id":67378,"n":"Sirop Eco+ Grenadine - 1L","p":1.71,"u":"1,71 €/L","img":"https://fd9-photos.leclercdrive.fr/image.ashx?id=2901419&use=l&cat=p&typeid=i","cat":295020},{"id":67392,"n":"Boisson aux fruits gazeuses Pulpe orange - 1,5L","p":1.17,"u":"0,78 €/L","img":"https://fd9-photos.leclercdrive.fr/image.ashx?id=2754198&use=l&cat=p&typeid=i","cat":284532},{"id":67393,"n":"Beurre gastronomique Président Doux - 82% MG - 250g","p":2.74,"u":"10,96 €/KG","img":"https://fd9-photos.leclercdrive.fr/image.ashx?id=3011104&use=l&cat=p&typeid=i","cat":284379},{"id":67522,"n":"Chili con carne Côté Table Au piment de Cayenne - 400g","p":1.65,"u":"4,13 €/KG","img":"https://fd9-photos.leclercdrive.fr/image.ashx?id=2977174&use=l&cat=p&typeid=i","cat":325094},{"id":67564,"n":"Ruban correcteur UHU Mini - 2x6m","p":2.55,"img":"https://fd9-photos.leclercdrive.fr/image.ashx?id=2057665&use=l&cat=p&typeid=i","cat":334133},{"id":67568,"n":"Curry moulu Rustica 42g","p":0.55,"u":"13,10 €/KG","img":"https://fd9-photos.leclercdrive.fr/image.ashx?id=2772975&use=l&cat=p&typeid=i","cat":298297},{"id":67569,"n":"Oignon semoule Rustica Déshydraté - 30g","p":0.99,"u":"33,00 €/KG","img":"https://fd9-photos.leclercdrive.fr/image.ashx?id=2772978&use=l&cat=p&typeid=i","cat":298297},{"id":67571,"n":"Poivre noir Rustica Moulin - 28g","p":1.22,"u":"43,57 €/KG","img":"https://fd9-photos.leclercdrive.fr/image.ashx?id=1691339&use=l&cat=p&typeid=i","cat":284457},{"id":67572,"n":"Ciboulette Rustica 4g","p":0.43,"u":"107,50 €/KG","img":"https://fd9-photos.leclercdrive.fr/image.ashx?id=2772990&use=l&cat=p&typeid=i","cat":298297},{"id":67573,"n":"Cumin moulu Rustica 32g","p":0.59,"u":"18,44 €/KG","img":"https://fd9-photos.leclercdrive.fr/image.ashx?id=2772963&use=l&cat=p&typeid=i","cat":298297},{"id":67620,"n":"Persil Rustica 5g","p":0.39,"u":"78,00 €/KG","img":"https://fd9-photos.leclercdrive.fr/image.ashx?id=2772969&use=l&cat=p&typeid=i","cat":298297},{"id":67621,"n":"Paprika doux moulu Rustica  40g","p":0.49,"u":"12,25 €/KG","img":"https://fd9-photos.leclercdrive.fr/image.ashx?id=2772966&use=l&cat=p&typeid=i","cat":298297},{"id":67622,"n":"Thym Rustica 14g","p":0.4,"u":"28,57 €/KG","img":"https://fd9-photos.leclercdrive.fr/image.ashx?id=2797784&use=l&cat=p&typeid=i","cat":298297},{"id":67651,"n":"Poivre Noir moulu Bio Village Bio  - 38g","p":1.99,"u":"52,37 €/KG","img":"https://fd9-photos.leclercdrive.fr/image.ashx?id=2706538&use=l&cat=p&typeid=i","cat":284457},{"id":67652,"n":"Poivre gris moulu Flacon - 36g","p":1.11,"u":"30,83 €/KG","img":"https://fd9-photos.leclercdrive.fr/image.ashx?id=2797778&use=l&cat=p&typeid=i","cat":284457},{"id":67653,"n":"Gingembre moulu Rustica 27g","p":1.19,"u":"44,07 €/KG","img":"https://fd9-photos.leclercdrive.fr/image.ashx?id=2797796&use=l&cat=p&typeid=i","cat":298297},{"id":67654,"n":"Ail semoule Bio Village Bio 56g","p":1.99,"u":"35,54 €/KG","img":"https://fd9-photos.leclercdrive.fr/image.ashx?id=2991461&use=l&cat=p&typeid=i","cat":298297},{"id":67667,"n":"Purée de tomate Panzani Tomacouli nature - 500g","p":0.93,"u":"1,86 €/KG","img":"https://fd9-photos.leclercdrive.fr/image.ashx?id=2979623&use=l&cat=p&typeid=i","cat":288384},{"id":67677,"n":"Clous de girofle Rustica 23g","p":1.32,"u":"57,39 €/KG","img":"https://fd9-photos.leclercdrive.fr/image.ashx?id=2797787&use=l&cat=p&typeid=i","cat":298297},{"id":67678,"n":"Curcuma moulu Rustica 37g","p":0.66,"u":"17,84 €/KG","img":"https://fd9-photos.leclercdrive.fr/image.ashx?id=2772981&use=l&cat=p&typeid=i","cat":298297},{"id":67680,"n":"Herbes de provence Rustica 120g","p":2.6,"u":"21,67 €/KG","img":"https://fd9-photos.leclercdrive.fr/image.ashx?id=2907228&use=l&cat=p&typeid=i","cat":298297},{"id":67681,"n":"Herbes de Provence Rustica 18g","p":0.41,"u":"22,78 €/KG","img":"https://fd9-photos.leclercdrive.fr/image.ashx?id=2772972&use=l&cat=p&typeid=i","cat":298297},{"id":67682,"n":"Noix de Muscade Rustica Moulue - 32g","p":1.36,"u":"42,50 €/KG","img":"https://fd9-photos.leclercdrive.fr/image.ashx?id=2772996&use=l&cat=p&typeid=i","cat":298297},{"id":67683,"n":"Persillade Rustica 95g","p":1.74,"u":"18,32 €/KG","img":"https://fd9-photos.leclercdrive.fr/image.ashx?id=2932668&use=l&cat=p&typeid=i","cat":298297},{"id":67693,"n":"Piment de Cayenne Rustica 38g","p":1.09,"u":"28,68 €/KG","img":"https://fd9-photos.leclercdrive.fr/image.ashx?id=2932671&use=l&cat=p&typeid=i","cat":298297},{"id":67712,"n":"Yaourts nature Délisse Au lait chèvre - 4x125g","p":1.84,"u":"3,68 €/KG","img":"https://fd9-photos.leclercdrive.fr/image.ashx?id=1231988&use=l&cat=p&typeid=i","cat":314998},{"id":67714,"n":"Yaourts à la Grecque Délisse Lait brebis, nature - 2x150g","p":1.84,"u":"6,13 €/KG","img":"https://fd9-photos.leclercdrive.fr/image.ashx?id=1231994&use=l&cat=p&typeid=i","cat":314999},{"id":67715,"n":"Liégeois Délisse Pistache - 4x100g","p":1.62,"u":"4,05 €/KG","img":"https://fd9-photos.leclercdrive.fr/image.ashx?id=2652514&use=l&cat=p&typeid=i","cat":285042},{"id":67820,"n":"Bois bûches 30cm Woodstock  Haute performance - 25dm3","p":7.67,"u":"0,63 €/KG","img":"https://fd9-photos.leclercdrive.fr/image.ashx?id=3008887&use=l&cat=p&typeid=i","cat":300577},{"id":67875,"n":"The Pik Box Haribo Boîte bonbons acidulés - 550g","p":4.84,"u":"8,80 €/KG","img":"https://fd9-photos.leclercdrive.fr/image.ashx?id=2805219&use=l&cat=p&typeid=i","cat":304250},{"id":67890,"n":"Mélange de fruits de mer Costa - 360g","p":8.53,"u":"23,69 €/KG","img":"https://fd9-photos.leclercdrive.fr/image.ashx?id=2741132&use=l&cat=p&typeid=i","cat":319787},{"id":67915,"n":"Baby carottes Florette 250g","p":2.3,"u":"9,20 €/KG","img":"https://fd9-photos.leclercdrive.fr/image.ashx?id=2786492&use=l&cat=p&typeid=i","cat":284352},{"id":67924,"n":"Culottes Pampers Baby Dry T3 : 6/11kg - x44","p":15.99,"u":"0,36 €/P","img":"https://fd9-photos.leclercdrive.fr/image.ashx?id=1738237&use=l&cat=p&typeid=i","cat":290633},{"id":68009,"n":"Yaourt Enfant Petits Filous Fruits Mixés Panaché - 18x50g","p":2.75,"u":"3,06 €/KG","img":"https://fd9-photos.leclercdrive.fr/image.ashx?id=2767362&use=l&cat=p&typeid=i","cat":284414},{"id":68010,"n":"Crème dessert Bio Les 2 vaches Vanille - 4x95g","p":1.8,"u":"4,74 €/KG","img":"https://fd9-photos.leclercdrive.fr/image.ashx?id=2774015&use=l&cat=p&typeid=i","cat":285041},{"id":68012,"n":"Crème dessert Bio Les 2 vaches Chocolat - 4x95g","p":1.72,"u":"4,53 €/KG","img":"https://fd9-photos.leclercdrive.fr/image.ashx?id=2774100&use=l&cat=p&typeid=i","cat":285041},{"id":68087,"n":"Ananas Douceur du Verger Tranches brisées -  340g","p":1.59,"u":"4,68 €/KG","img":"https://fd9-photos.leclercdrive.fr/image.ashx?id=2485086&use=l&cat=p&typeid=i","cat":284507},{"id":68088,"n":"Cannelle Rustica 39g","p":0.88,"u":"22,56 €/KG","img":"https://fd9-photos.leclercdrive.fr/image.ashx?id=2772960&use=l&cat=p&typeid=i","cat":298297},{"id":68090,"n":"Champignons Bio Village Bio Emincés - 170g","p":2.25,"u":"13,24 €/KG","img":"https://fd9-photos.leclercdrive.fr/image.ashx?id=2613294&use=l&cat=p&typeid=i","cat":312610},{"id":68093,"n":"Champignons Paris Notre Jardin Entiers - 2x115g","p":1.85,"u":"8,04 €/KG","img":"https://fd9-photos.leclercdrive.fr/image.ashx?id=2724699&use=l&cat=p&typeid=i","cat":312610},{"id":68095,"n":"Yaourt à la grecque YAOS Nature lit de fraises 4x125g","p":2.56,"u":"5,12 €/KG","img":"https://fd9-photos.leclercdrive.fr/image.ashx?id=2729734&use=l&cat=p&typeid=i","cat":314999},{"id":68158,"n":"Lardons fumés 1kg","p":10.95,"u":"10,95 €/KG","img":"https://fd9-photos.leclercdrive.fr/image.ashx?id=1227792&use=l&cat=p&typeid=i","cat":316011},{"id":68214,"n":"Biscuits Petits Cœurs LU Chocolat - 125g","p":1.15,"u":"9,20 €/KG","img":"https://fd9-photos.leclercdrive.fr/image.ashx?id=3002021&use=l&cat=p&typeid=i","cat":284488},{"id":68275,"n":"Déodorant Carré homme Musc séduction - 100ml","p":1.12,"u":"11,20 €/L","img":"https://fd9-photos.leclercdrive.fr/image.ashx?id=2440745&use=l&cat=p&typeid=i","cat":284618},{"id":68276,"n":"Déodorant Carré Homme Marine Ice boost - 100ml","p":1.12,"u":"11,20 €/L","img":"https://fd9-photos.leclercdrive.fr/image.ashx?id=2440748&use=l&cat=p&typeid=i","cat":284618},{"id":68277,"n":"Déodorant Carré Homme Anti-transpirant - 100ml","p":1.12,"u":"11,20 €/L","img":"https://fd9-photos.leclercdrive.fr/image.ashx?id=2618232&use=l&cat=p&typeid=i","cat":284618},{"id":68278,"n":"Recharge gel lavant Manava Hypoallergénique - 250ml","p":0.66,"u":"2,64 €/L","img":"https://fd9-photos.leclercdrive.fr/image.ashx?id=2935537&use=l&cat=p&typeid=i","cat":284597},{"id":68355,"n":"Compote pomme poire Bio Bio Village - 4x100g","p":1.99,"u":"4,98 €/KG","img":"https://fd9-photos.leclercdrive.fr/image.ashx?id=2454638&use=l&cat=p&typeid=i","cat":284416},{"id":68432,"n":"Gel WC Syphon Activ'Effect Fraîcheur pin - 750ml","p":0.74,"u":"0,99 €/L","img":"https://fd9-photos.leclercdrive.fr/image.ashx?id=2388382&use=l&cat=p&typeid=i","cat":284662},{"id":68433,"n":"Destructeur d'odeurs Bien air Escapade forêt - 250ml","p":2.42,"u":"9,68 €/L","img":"https://fd9-photos.leclercdrive.fr/image.ashx?id=2593465&use=l&cat=p&typeid=i","cat":311626},{"id":68434,"n":"Destructeur d'odeurs Bien air Printemps Japon - 250ml","p":2.42,"u":"9,68 €/L","img":"https://fd9-photos.leclercdrive.fr/image.ashx?id=2593468&use=l&cat=p&typeid=i","cat":311626},{"id":68445,"n":"Recharge crème lavante Manava Framboise pivoine - 250ml","p":0.57,"u":"2,28 €/L","img":"https://fd9-photos.leclercdrive.fr/image.ashx?id=2935510&use=l&cat=p&typeid=i","cat":284597},{"id":68449,"n":"Perles désodorisantes Bien Air Japon","p":2.25,"img":"https://fd9-photos.leclercdrive.fr/image.ashx?id=2568798&use=l&cat=p&typeid=i","cat":311628},{"id":68450,"n":"Lingettes Clair Dépoussiérantes - x40","p":3.94,"u":"0,10 €/P","img":"https://fd9-photos.leclercdrive.fr/image.ashx?id=2863039&use=l&cat=p&typeid=i","cat":325364},{"id":68451,"n":"Lingettes Inell Rafraichissantes - x10","p":1.08,"u":"0,11 €/P","img":"https://fd9-photos.leclercdrive.fr/image.ashx?id=2658132&use=l&cat=p&typeid=i","cat":284603},{"id":68452,"n":"Lingettes hygiène intime Doulys Individuelles - x16","p":1.59,"u":"0,10 €/P","img":"https://fd9-photos.leclercdrive.fr/image.ashx?id=2671825&use=l&cat=p&typeid=i","cat":284627},{"id":68453,"n":"Gel lavant Manava Hypoallergénique - 300ml","p":1.05,"u":"3,50 €/L","img":"https://fd9-photos.leclercdrive.fr/image.ashx?id=2935528&use=l&cat=p&typeid=i","cat":284597},{"id":68454,"n":"Savon noir Clair Mou - 1kg","p":4.3,"u":"4,30 €/KG","img":"https://fd9-photos.leclercdrive.fr/image.ashx?id=1294158&use=l&cat=p&typeid=i","cat":284907},{"id":68455,"n":"Gel nettoyant Syphon Entretien menthe - 1L","p":2.89,"u":"2,89 €/L","img":"https://fd9-photos.leclercdrive.fr/image.ashx?id=1846253&use=l&cat=p&typeid=i","cat":284908},{"id":68457,"n":"Nettoyant Clair Parquets modernes - 1L","p":2.45,"u":"2,45 €/L","img":"https://fd9-photos.leclercdrive.fr/image.ashx?id=2652909&use=l&cat=p&typeid=i","cat":284907},{"id":68459,"n":"Nettoyant Clair Parquets classiques - 1L","p":2.45,"u":"2,45 €/L","img":"https://fd9-photos.leclercdrive.fr/image.ashx?id=2652912&use=l&cat=p&typeid=i","cat":284907},{"id":68475,"n":"Culotte Chorys Médium nuit - x12","p":8.56,"u":"0,71 €/P","img":"https://fd9-photos.leclercdrive.fr/image.ashx?id=2716009&use=l&cat=p&typeid=i","cat":284628},{"id":68476,"n":"Culotte Chorys Absorption plus large nuit x10","p":7.14,"u":"0,71 €/P","img":"https://fd9-photos.leclercdrive.fr/image.ashx?id=2704490&use=l&cat=p&typeid=i","cat":284628},{"id":68479,"n":"Couches de bain Mots d'Enfants Baby Swim - Taille S - x12","p":6.1,"img":"https://fd9-photos.leclercdrive.fr/image.ashx?id=2907219&use=l&cat=p&typeid=i","cat":290634},{"id":68482,"n":"Couches de bain Mots d'Enfants Baby Swim - Taille M - x11","p":5.89,"u":"0,54 €/P","img":"https://fd9-photos.leclercdrive.fr/image.ashx?id=2907222&use=l&cat=p&typeid=i","cat":290634},{"id":68486,"n":"Tampon Nett  Digital normal boite - x24","p":2.4,"u":"0,10 €/P","img":"https://fd9-photos.leclercdrive.fr/image.ashx?id=2359657&use=l&cat=p&typeid=i","cat":284626},{"id":68487,"n":"Tampons Nett Procomfort Digitaux - Super - x24","p":2.45,"u":"0,10 €/P","img":"https://fd9-photos.leclercdrive.fr/image.ashx?id=2502625&use=l&cat=p&typeid=i","cat":284626},{"id":68635,"n":"Sacs Poubelle 30L Alfapac Imprimés Frimoussac - x15","p":3.49,"u":"0,23 €/P","img":"https://fd9-photos.leclercdrive.fr/image.ashx?id=1602290&use=l&cat=p&typeid=i","cat":285168},{"id":68735,"n":"Thé vert Bio Clipper Détox - 20 sachets - 40g","p":2.18,"u":"54,50 €/KG","img":"https://fd9-photos.leclercdrive.fr/image.ashx?id=2922098&use=l&cat=p&typeid=i","cat":293233},{"id":68736,"n":"Thé vert Bio Clipper 20 sachets - 35g","p":2.26,"u":"64,57 €/KG","img":"https://fd9-photos.leclercdrive.fr/image.ashx?id=2912548&use=l&cat=p&typeid=i","cat":293233},{"id":68737,"n":"Crème de coco légère Bio Bjorg  20cl","p":1.61,"u":"8,05 €/L","img":"https://fd9-photos.leclercdrive.fr/image.ashx?id=2936386&use=l&cat=p&typeid=i","cat":288992},{"id":68775,"n":"Guirlande blanche 120 leds 1 pièce","p":7.9,"u":"Dont 0,10 € d'éco-part.","img":"https://fd9-photos.leclercdrive.fr/image.ashx?id=1996616&use=l&cat=p&typeid=i","cat":335913},{"id":68824,"n":"Coton maxi carré Inell Aloé Vera - x50","p":1.75,"u":"0,04 €/P","img":"https://fd9-photos.leclercdrive.fr/image.ashx?id=1959190&use=l&cat=p&typeid=i","cat":284636},{"id":68840,"n":"Chocolat noir Bio Village Bio - Noisettes entières - 200g","p":3.33,"u":"16,65 €/KG","img":"https://fd9-photos.leclercdrive.fr/image.ashx?id=2646026&use=l&cat=p&typeid=i","cat":284956},{"id":68844,"n":"Mini crackers Tokapi 75g","p":0.95,"u":"12,67 €/KG","img":"https://fd9-photos.leclercdrive.fr/image.ashx?id=2096458&use=l&cat=p&typeid=i","cat":297000},{"id":68861,"n":"Miel Bio Village Bio crémeux de fleurs - 500g","p":4.99,"u":"9,98 €/KG","img":"https://fd9-photos.leclercdrive.fr/image.ashx?id=2564219&use=l&cat=p&typeid=i","cat":287643},{"id":68862,"n":"Pâte à tartiner Nustikao 600g","p":2.73,"u":"4,55 €/KG","img":"https://fd9-photos.leclercdrive.fr/image.ashx?id=2814869&use=l&cat=p&typeid=i","cat":284481},{"id":68863,"n":"Compote Douceur du Verger Gourdes Pomme - 12x90g","p":2.95,"u":"2,73 €/KG","img":"https://fd9-photos.leclercdrive.fr/image.ashx?id=2317276&use=l&cat=p&typeid=i","cat":284508},{"id":68864,"n":"Compote Douceur du Verger Bocal pomme poire - 710g","p":1.75,"u":"2,46 €/KG","img":"https://fd9-photos.leclercdrive.fr/image.ashx?id=2663539&use=l&cat=p&typeid=i","cat":284508},{"id":68865,"n":"Compote Douceur du Verger Bocal pomme vanille - 710g","p":1.57,"u":"2,21 €/KG","img":"https://fd9-photos.leclercdrive.fr/image.ashx?id=2215951&use=l&cat=p&typeid=i","cat":284508},{"id":68866,"n":"Compote Douceur du Verger Bocal pomme - 710g","p":1.27,"u":"1,79 €/KG","img":"https://fd9-photos.leclercdrive.fr/image.ashx?id=2663536&use=l&cat=p&typeid=i","cat":284508},{"id":68868,"n":"Riz long Bio Village Bio semi complet - 500g","p":2.25,"u":"4,50 €/KG","img":"https://fd9-photos.leclercdrive.fr/image.ashx?id=2441513&use=l&cat=p&typeid=i","cat":284428},{"id":68881,"n":"Litchis Douceur du Verger Sirop léger - 250g","p":2.74,"u":"10,96 €/KG","img":"https://fd9-photos.leclercdrive.fr/image.ashx?id=2485089&use=l&cat=p&typeid=i","cat":284507},{"id":68882,"n":"Compote bio Bio Village Coupelle pomme - 8x100g","p":2.89,"u":"3,61 €/KG","img":"https://fd9-photos.leclercdrive.fr/image.ashx?id=1947749&use=l&cat=p&typeid=i","cat":284508},{"id":68902,"n":"Crackers Tokapi 100g","p":0.46,"u":"4,60 €/KG","img":"https://fd9-photos.leclercdrive.fr/image.ashx?id=2661073&use=l&cat=p&typeid=i","cat":297000},{"id":68913,"n":"Purificateur d'air Sanytol Désinfectant - 300ml","p":3.79,"u":"12,63 €/L","img":"https://fd9-photos.leclercdrive.fr/image.ashx?id=2901659&use=l&cat=p&typeid=i","cat":311626},{"id":68914,"n":"Riz Basmati Comptoir du grain Variété Traditionelle - 1kg","p":3.56,"u":"3,56 €/KG","img":"https://fd9-photos.leclercdrive.fr/image.ashx?id=2583271&use=l&cat=p&typeid=i","cat":284428},{"id":68921,"n":"Boisson lactée Tous mes amis pour chats stérilisé - 3x200ml","p":2.45,"u":"4,08 €/L","img":"https://fd9-photos.leclercdrive.fr/image.ashx?id=1236376&use=l&cat=p&typeid=i","cat":285285},{"id":68926,"n":"Chips Bio Village Légumes bio - sachet - 80g","p":2.39,"u":"29,88 €/KG","img":"https://fd9-photos.leclercdrive.fr/image.ashx?id=2037094&use=l&cat=p&typeid=i","cat":284447},{"id":68935,"n":"Soupe Régal Soupe Poule pot vermicelles - 1L","p":2.02,"u":"2,02 €/L","img":"https://fd9-photos.leclercdrive.fr/image.ashx?id=2983817&use=l&cat=p&typeid=i","cat":284462},{"id":68951,"n":"Crème dessert La Laitière  Velours de crème caramel 4x85g","p":1.99,"u":"5,85 €/KG","img":"https://fd9-photos.leclercdrive.fr/image.ashx?id=3007930&use=l&cat=p&typeid=i","cat":285041},{"id":68952,"n":"Crème dessert La Laitière Velours de crème chocolat 4x85g","p":2.19,"u":"6,44 €/KG","img":"https://fd9-photos.leclercdrive.fr/image.ashx?id=2633824&use=l&cat=p&typeid=i","cat":285041},{"id":68953,"n":"Crème dessert La Laitière Chocolat Caramel - 4x85g","p":2.19,"u":"6,44 €/KG","img":"https://fd9-photos.leclercdrive.fr/image.ashx?id=2633827&use=l&cat=p&typeid=i","cat":285041},{"id":68981,"n":"Couscous Chaque jour sans gluten - de maïs - 375g","p":3.09,"u":"8,24 €/KG","img":"https://fd9-photos.leclercdrive.fr/image.ashx?id=2764143&use=l&cat=p&typeid=i","cat":284429},{"id":68986,"n":"Lait d'amande Bio Village Sans sucre bio - 1L","p":1.41,"u":"1,41 €/L","img":"https://fd9-photos.leclercdrive.fr/image.ashx?id=2499109&use=l&cat=p&typeid=i","cat":316067},{"id":69003,"n":"Galettes maïs Bio Village Chocolat noir bio - 100g","p":1.89,"u":"18,90 €/KG","img":"https://fd9-photos.leclercdrive.fr/image.ashx?id=2559399&use=l&cat=p&typeid=i","cat":318651},{"id":69004,"n":"Moutarde Bio Village A l'ancienne bio - 200g","p":1.57,"u":"7,85 €/KG","img":"https://fd9-photos.leclercdrive.fr/image.ashx?id=2607966&use=l&cat=p&typeid=i","cat":288850},{"id":69011,"n":"Petit beurre Sans Gluten 130g","p":1.82,"u":"14,00 €/KG","img":"https://fd9-photos.leclercdrive.fr/image.ashx?id=2460622&use=l&cat=p&typeid=i","cat":318654},{"id":69057,"n":"Yaourts nature Bio Village Bio - 4x125g","p":2.28,"u":"4,56 €/KG","img":"https://fd9-photos.leclercdrive.fr/image.ashx?id=2822775&use=l&cat=p&typeid=i","cat":284409},{"id":69058,"n":"Yaourt Bio Village Bio Vanille - 4x125g","p":2.31,"u":"4,62 €/KG","img":"https://fd9-photos.leclercdrive.fr/image.ashx?id=2822778&use=l&cat=p&typeid=i","cat":286006},{"id":69061,"n":"Yaourt nature Danone 4x125g","p":0.92,"u":"1,84 €/KG","img":"https://fd9-photos.leclercdrive.fr/image.ashx?id=2911184&use=l&cat=p&typeid=i","cat":284409},{"id":69062,"n":"Yaourt nature Danone 12x125g","p":2.75,"u":"1,83 €/KG","img":"https://fd9-photos.leclercdrive.fr/image.ashx?id=2915688&use=l&cat=p&typeid=i","cat":284409},{"id":69063,"n":"Yaourt nature Danone 16x125g","p":3.14,"u":"1,57 €/KG","img":"https://fd9-photos.leclercdrive.fr/image.ashx?id=2915691&use=l&cat=p&typeid=i","cat":284409},{"id":69067,"n":"Crème dessert Délisse Saveur cookies - 4x125g","p":1.52,"u":"3,04 €/KG","img":"https://fd9-photos.leclercdrive.fr/image.ashx?id=2441405&use=l&cat=p&typeid=i","cat":285041},{"id":69068,"n":"Crème dessert Délisse Saveur Brownie - 4x125g","p":1.55,"u":"3,10 €/KG","img":"https://fd9-photos.leclercdrive.fr/image.ashx?id=2441411&use=l&cat=p&typeid=i","cat":285041},{"id":69074,"n":"Yaourts brassés Velouté Danone Nature - 8x125g","p":2.44,"u":"2,44 €/KG","img":"https://fd9-photos.leclercdrive.fr/image.ashx?id=2865590&use=l&cat=p&typeid=i","cat":284409},{"id":69108,"n":"Muesli duo pépites de chocolats  bio Terres et Céréales -1kg","p":6.0,"u":"6,00 €/KG","img":"https://fd9-photos.leclercdrive.fr/image.ashx?id=2802452&use=l&cat=p&typeid=i","cat":309512},{"id":69120,"n":"Eau de toilette Alix de Faure Vanille - 110ml","p":3.2,"u":"29,09 €/L","img":"https://fd9-photos.leclercdrive.fr/image.ashx?id=2675768&use=l&cat=p&typeid=i","cat":291525},{"id":69128,"n":"Chocolat Excellence Abtey Chardons Ball - 220g","p":6.34,"u":"28,82 €/KG","img":"https://fd9-photos.leclercdrive.fr/image.ashx?id=2367178&use=l&cat=p&typeid=i","cat":327595},{"id":69141,"n":"Papier cuisson Elembal Rouleau 8m","p":1.08,"u":"0,14 €/MT","img":"https://fd9-photos.leclercdrive.fr/image.ashx?id=2169168&use=l&cat=p&typeid=i","cat":334134},{"id":69145,"n":"Crème lavante Manava Framboise pivoine - 300ml","p":1.28,"u":"4,27 €/L","img":"https://fd9-photos.leclercdrive.fr/image.ashx?id=2935507&use=l&cat=p&typeid=i","cat":284597},{"id":69147,"n":"Café dosettes Tassimo L'Or Café Long Classique x16","p":4.64,"u":"44,62 €/KG","img":"https://fd9-photos.leclercdrive.fr/image.ashx?id=2160312&use=l&cat=p&typeid=i","cat":293240},{"id":69148,"n":"Café dosettes Tassimo L'Or Café Long Intense x16","p":4.85,"u":"37,89 €/KG","img":"https://fd9-photos.leclercdrive.fr/image.ashx?id=2290599&use=l&cat=p&typeid=i","cat":293240},{"id":69150,"n":"Nettoyant multi surfaces Clair Citron - 1.5L","p":1.7,"u":"1,13 €/L","img":"https://fd9-photos.leclercdrive.fr/image.ashx?id=2534211&use=l&cat=p&typeid=i","cat":284907},{"id":69151,"n":"Nettoyant multi surfaces Clair Pins - 1.5L","p":1.7,"u":"1,13 €/L","img":"https://fd9-photos.leclercdrive.fr/image.ashx?id=2369164&use=l&cat=p&typeid=i","cat":284907},{"id":69152,"n":"Nettoyant multi surfaces Clair Fleurs - 1.5L","p":1.7,"u":"1,13 €/L","img":"https://fd9-photos.leclercdrive.fr/image.ashx?id=2381556&use=l&cat=p&typeid=i","cat":284907},{"id":69153,"n":"Nettoyant multi surfaces Clair Fraîcheur pure - 1.5L","p":1.7,"u":"1,13 €/L","img":"https://fd9-photos.leclercdrive.fr/image.ashx?id=2373263&use=l&cat=p&typeid=i","cat":284907},{"id":69154,"n":"Nettoyant multi surfaces Clair Savon de Marseille - 1.5L","p":1.7,"u":"1,13 €/L","img":"https://fd9-photos.leclercdrive.fr/image.ashx?id=2858845&use=l&cat=p&typeid=i","cat":284907},{"id":69155,"n":"Nettoyant multi surfaces Clair Savon noir - 1.5L","p":1.7,"u":"1,13 €/L","img":"https://fd9-photos.leclercdrive.fr/image.ashx?id=2849584&use=l&cat=p&typeid=i","cat":284907},{"id":69159,"n":"Poelée cuisinée légumes Bio Bio village - 600g","p":2.99,"u":"4,98 €/KG","img":"https://fd9-photos.leclercdrive.fr/image.ashx?id=2898074&use=l&cat=p&typeid=i","cat":319823},{"id":69161,"n":"Purée carotte bio Bio Village 450g","p":1.39,"u":"3,09 €/KG","img":"https://fd9-photos.leclercdrive.fr/image.ashx?id=2878747&use=l&cat=p&typeid=i","cat":319805},{"id":69163,"n":"Purée 100% brocolis Bio Bio Village - 450g","p":1.75,"u":"3,89 €/KG","img":"https://fd9-photos.leclercdrive.fr/image.ashx?id=2878750&use=l&cat=p&typeid=i","cat":319805},{"id":69164,"n":"Pizza chèvre feu de bois Bio  Bio Village - 360g","p":3.19,"u":"8,86 €/KG","img":"https://fd9-photos.leclercdrive.fr/image.ashx?id=1911810&use=l&cat=p&typeid=i","cat":284256},{"id":69211,"n":"Brioche tressée Epi d'or Perles de sucre - 500g","p":2.5,"u":"5,00 €/KG","img":"https://fd9-photos.leclercdrive.fr/image.ashx?id=2860745&use=l&cat=p&typeid=i","cat":284478},{"id":69213,"n":"Frites à peau McCain Côté Resto - 650g","p":2.67,"u":"4,11 €/KG","img":"https://fd9-photos.leclercdrive.fr/image.ashx?id=2927047&use=l&cat=p&typeid=i","cat":319791},{"id":69218,"n":"Mini toasts Epi d'or Carré - 120g","p":1.79,"u":"14,92 €/KG","img":"https://fd9-photos.leclercdrive.fr/image.ashx?id=2564339&use=l&cat=p&typeid=i","cat":285454},{"id":69227,"n":"Huile vierge Bio Village Coco bio - 200ml","p":2.28,"u":"11,40 €/L","img":"https://fd9-photos.leclercdrive.fr/image.ashx?id=1974311&use=l&cat=p&typeid=i","cat":284453},{"id":69233,"n":"Capsules café L'Or Espresso Ristretto N°11 x10","p":3.09,"u":"59,42 €/KG","img":"https://fd9-photos.leclercdrive.fr/image.ashx?id=2260869&use=l&cat=p&typeid=i","cat":284749},{"id":69240,"n":"Vinaigre en gel Uni Vert 750ml","p":2.98,"u":"3,97 €/L","img":"https://fd9-photos.leclercdrive.fr/image.ashx?id=2883324&use=l&cat=p&typeid=i","cat":325357},{"id":69256,"n":"Dessert panaché Andros Panaché - 16x100g","p":5.4,"u":"3,38 €/KG","img":"https://fd9-photos.leclercdrive.fr/image.ashx?id=2875114&use=l&cat=p&typeid=i","cat":284416},{"id":69268,"n":"Liquide vaisselle Rainett Citron écologique - 750ml","p":1.84,"u":"2,45 €/L","img":"https://fd9-photos.leclercdrive.fr/image.ashx?id=2297129&use=l&cat=p&typeid=i","cat":284655},{"id":69273,"n":"Eau de toilette Alix de Faure Fruits rouges - 110ml","p":3.2,"u":"29,09 €/L","img":"https://fd9-photos.leclercdrive.fr/image.ashx?id=2675762&use=l&cat=p&typeid=i","cat":291525},{"id":69274,"n":"Eau de toilette Alix de Faure Patchouli - 110ml","p":3.2,"u":"29,09 €/L","img":"https://fd9-photos.leclercdrive.fr/image.ashx?id=2675765&use=l&cat=p&typeid=i","cat":291525},{"id":69280,"n":"Couches bébé Mots d'enfants Midi T3 4/9kg - x50 changes","p":6.35,"u":"0,13 €/P","img":"https://fd9-photos.leclercdrive.fr/image.ashx?id=2699717&use=l&cat=p&typeid=i","cat":284737},{"id":69281,"n":"Couches bébé Mots d'enfants Ultra confort T4 7/18kg - x44","p":6.35,"u":"0,14 €/P","img":"https://fd9-photos.leclercdrive.fr/image.ashx?id=2699720&use=l&cat=p&typeid=i","cat":284737},{"id":69282,"n":"Couches bébé Mots d'enfants Ultra confort T4+  9/20kg - x41","p":6.35,"u":"0,15 €/P","img":"https://fd9-photos.leclercdrive.fr/image.ashx?id=2699723&use=l&cat=p&typeid=i","cat":284737},{"id":69283,"n":"Couches bébé Mots d'enfants Ultra confort T5 11/25kg - x39","p":6.35,"u":"0,16 €/P","img":"https://fd9-photos.leclercdrive.fr/image.ashx?id=2699726&use=l&cat=p&typeid=i","cat":284737},{"id":69284,"n":"Couches bébé Mots d'enfants Ultra confort T6  16/23kg - x33","p":6.35,"u":"0,19 €/P","img":"https://fd9-photos.leclercdrive.fr/image.ashx?id=2699729&use=l&cat=p&typeid=i","cat":284737},{"id":69286,"n":"Couches bébé Mots d'enfants T5 Ultra confort 11/25kg - x136","p":19.85,"u":"0,15 €/P","img":"https://fd9-photos.leclercdrive.fr/image.ashx?id=2691833&use=l&cat=p&typeid=i","cat":284737},{"id":69315,"n":"Sirop saveur mojito Frucci 75cl","p":3.25,"u":"4,33 €/L","img":"https://fd9-photos.leclercdrive.fr/image.ashx?id=2898032&use=l&cat=p&typeid=i","cat":295020},{"id":69316,"n":"Pur jus Jafaden Orange mangue citron - 1L","p":2.39,"u":"2,39 €/L","img":"https://fd9-photos.leclercdrive.fr/image.ashx?id=2956759&use=l&cat=p&typeid=i","cat":284917},{"id":69317,"n":"Eau minérale naturelle Vittel 6x1.5L","p":2.86,"u":"0,32 €/L","img":"https://fd9-photos.leclercdrive.fr/image.ashx?id=3000441&use=l&cat=p&typeid=i","cat":284535},{"id":69318,"n":"Pur jus Jafaden Orange pêche abricot - 1L","p":2.39,"u":"2,39 €/L","img":"https://fd9-photos.leclercdrive.fr/image.ashx?id=2956762&use=l&cat=p&typeid=i","cat":284917},{"id":69319,"n":"Pur jus Jafaden Pomme goyave citron - 1L","p":2.15,"u":"2,15 €/L","img":"https://fd9-photos.leclercdrive.fr/image.ashx?id=2956765&use=l&cat=p&typeid=i","cat":284917},{"id":69327,"n":"Piles Duracell MN21 x2","p":5.1,"u":"2,55 €/P","img":"https://fd9-photos.leclercdrive.fr/image.ashx?id=2328739&use=l&cat=p&typeid=i","cat":300572},{"id":69335,"n":"Piles rechargeables Duracell 2500mAh AA - x4","p":18.69,"img":"https://fd9-photos.leclercdrive.fr/image.ashx?id=2862833&use=l&cat=p&typeid=i","cat":300572},{"id":69340,"n":"Ampoule Led Osram 60W white E27 x3","p":6.9,"u":"Dont 0,86 € d'éco-part.","img":"https://fd9-photos.leclercdrive.fr/image.ashx?id=2073982&use=l&cat=p&typeid=i","cat":300573},{"id":69379,"n":"From'Chaud Ermitage 50% mg - 200g","p":2.85,"u":"14,25 €/KG","img":"https://fd9-photos.leclercdrive.fr/image.ashx?id=2966002&use=l&cat=p&typeid=i","cat":314037},{"id":69382,"n":"Petits fours traiteur x16 bouchées - 235g","p":8.8,"u":"37,45 €/KG","img":"https://fd9-photos.leclercdrive.fr/image.ashx?id=2634208&use=l&cat=p&typeid=i","cat":316003},{"id":69383,"n":"Fromage à Raclette RichesMonts  Duo Classique & Fumée - 420G","p":6.27,"u":"14,93 €/KG","img":"https://fd9-photos.leclercdrive.fr/image.ashx?id=2953815&use=l&cat=p&typeid=i","cat":314037},{"id":69385,"n":"Fromage à Raclette RichesMonts  Duo Classique 3 Poivres - 420G","p":6.33,"u":"15,07 €/KG","img":"https://fd9-photos.leclercdrive.fr/image.ashx?id=2953818&use=l&cat=p&typeid=i","cat":314037},{"id":69396,"n":"Fromage à Raclette RichesMonts  Sans croûte 18 Tranches - 420g","p":5.71,"u":"13,60 €/KG","img":"https://fd9-photos.leclercdrive.fr/image.ashx?id=2960765&use=l&cat=p&typeid=i","cat":314037},{"id":69418,"n":"Serviette papier Homeside Triple épaisseur 40x40cm - x20","p":1.39,"u":"0,07 €/P","img":"https://fd9-photos.leclercdrive.fr/image.ashx?id=1659732&use=l&cat=p&typeid=i","cat":334134},{"id":69430,"n":"Poulet Basquaise NRT 750g","p":7.99,"u":"10,65 €/KG","img":"https://fd9-photos.leclercdrive.fr/image.ashx?id=2723255&use=l&cat=p&typeid=i","cat":284441},{"id":69432,"n":"Trio de terrines Label Rouge Nos Régions Ont Du Talent -270g","p":3.7,"u":"13,70 €/KG","img":"https://fd9-photos.leclercdrive.fr/image.ashx?id=2560521&use=l&cat=p&typeid=i","cat":305149},{"id":69442,"n":"Madeleines NRT Caramel - 330g","p":3.29,"u":"9,97 €/KG","img":"https://fd9-photos.leclercdrive.fr/image.ashx?id=2607885&use=l&cat=p&typeid=i","cat":284492},{"id":69445,"n":"Pralinés extra NRT 200g","p":3.29,"u":"16,45 €/KG","img":"https://fd9-photos.leclercdrive.fr/image.ashx?id=2443194&use=l&cat=p&typeid=i","cat":284504},{"id":69562,"n":"Culottes Pampers Baby Dry T3 : 6/11kg - x26 changes","p":8.3,"u":"0,32 €/P","img":"https://fd9-photos.leclercdrive.fr/image.ashx?id=1868089&use=l&cat=p&typeid=i","cat":290633},{"id":69701,"n":"Raclette fumée Richesmonts 450g","p":7.99,"u":"17,76 €/KG","img":"https://fd9-photos.leclercdrive.fr/image.ashx?id=2953827&use=l&cat=p&typeid=i","cat":314036},{"id":69705,"n":"Coleslaw moutarde Bonduelle 320g","p":1.81,"u":"5,66 €/KG","img":"https://fd9-photos.leclercdrive.fr/image.ashx?id=2894185&use=l&cat=p&typeid=i","cat":333657},{"id":69720,"n":"Gougères au fromage Côté Table x20 - 140g","p":3.76,"u":"26,86 €/KG","img":"https://fd9-photos.leclercdrive.fr/image.ashx?id=2726709&use=l&cat=p&typeid=i","cat":319774},{"id":69737,"n":"AOC Coteaux Varois en Provence vin rosé Terres Ocrées - BIB 3L","p":15.99,"u":"5,33 €/L","img":"https://fd9-photos.leclercdrive.fr/image.ashx?id=2716000&use=l&cat=p&typeid=i","cat":289560},{"id":69738,"n":"AOC Côtes du Marmandais vin  rosé Terrasses d'Autan - BIB 3L","p":9.99,"u":"3,33 €/L","img":"https://fd9-photos.leclercdrive.fr/image.ashx?id=2710500&use=l&cat=p&typeid=i","cat":289560},{"id":69739,"n":"Mini feuilletés Côté Table Apéritifs - x30 - 360g","p":3.72,"u":"10,33 €/KG","img":"https://fd9-photos.leclercdrive.fr/image.ashx?id=2212509&use=l&cat=p&typeid=i","cat":319774},{"id":69740,"n":"Mini-feuilletés Côté Table Apéritifs - x80 - 740g","p":6.83,"u":"9,23 €/KG","img":"https://fd9-photos.leclercdrive.fr/image.ashx?id=2238045&use=l&cat=p&typeid=i","cat":319774},{"id":69741,"n":"Mini-feuilletés Côté Table Apéritifs - x40 - 350g","p":3.37,"u":"9,63 €/KG","img":"https://fd9-photos.leclercdrive.fr/image.ashx?id=2632873&use=l&cat=p&typeid=i","cat":319774},{"id":69910,"n":"Origan Rustica 11g","p":0.45,"u":"40,91 €/KG","img":"https://fd9-photos.leclercdrive.fr/image.ashx?id=1232057&use=l&cat=p&typeid=i","cat":298297},{"id":70123,"n":"Fromage blanc Danone Nature 3%MG - 8x100g","p":2.89,"u":"3,61 €/KG","img":"https://fd9-photos.leclercdrive.fr/image.ashx?id=2792075&use=l&cat=p&typeid=i","cat":284409},{"id":70140,"n":"Yaourt Nature Panier de Yoplait Lit de Fruits Panaché - 6x140g","p":2.94,"u":"3,50 €/KG","img":"https://fd9-photos.leclercdrive.fr/image.ashx?id=2884429&use=l&cat=p&typeid=i","cat":284410},{"id":70334,"n":"Kasteel rouge  8° 75cl","p":5.13,"u":"6,84 €/L","img":"https://fd9-photos.leclercdrive.fr/image.ashx?id=2981325&use=l&cat=p&typeid=i","cat":334872},{"id":70344,"n":"Triple Secret des Moines 8%  - 75cl","p":3.86,"u":"5,15 €/L","img":"https://fd9-photos.leclercdrive.fr/image.ashx?id=2947991&use=l&cat=p&typeid=i","cat":334872},{"id":70389,"n":"Café dosettes Tassimo L'Or Cappuccino x8","p":4.89,"u":"18,31 €/KG","img":"https://fd9-photos.leclercdrive.fr/image.ashx?id=2100305&use=l&cat=p&typeid=i","cat":293240},{"id":70460,"n":"Oeufs surprises Barbie Chocolat - x3 - 60g","p":2.5,"u":"41,67 €/KG","img":"https://fd9-photos.leclercdrive.fr/image.ashx?id=2826213&use=l&cat=p&typeid=i","cat":327789},{"id":70558,"n":"Basilic bio Bio Village 11g","p":0.69,"u":"62,73 €/KG","img":"https://fd9-photos.leclercdrive.fr/image.ashx?id=2991458&use=l&cat=p&typeid=i","cat":298297},{"id":70559,"n":"Ciboulette bio Bio Village 4g","p":0.68,"u":"170,00 €/KG","img":"https://fd9-photos.leclercdrive.fr/image.ashx?id=2711704&use=l&cat=p&typeid=i","cat":298297},{"id":70579,"n":"Fromage Caprice des Dieux  200g","p":2.88,"u":"14,40 €/KG","img":"https://fd9-photos.leclercdrive.fr/image.ashx?id=2762438&use=l&cat=p&typeid=i","cat":314033},{"id":70634,"n":"Lentilles Notre Jardin Graisse d'oie - 400g","p":1.05,"u":"2,63 €/KG","img":"https://fd9-photos.leclercdrive.fr/image.ashx?id=3002620&use=l&cat=p&typeid=i","cat":312609},{"id":70914,"n":"Poivre noir grains Rustica 90g","p":2.32,"u":"25,78 €/KG","img":"https://fd9-photos.leclercdrive.fr/image.ashx?id=2870047&use=l&cat=p&typeid=i","cat":284457},{"id":70993,"n":"Coulommiers Président  350g","p":2.76,"u":"7,89 €/KG","img":"https://fd9-photos.leclercdrive.fr/image.ashx?id=2029862&use=l&cat=p&typeid=i","cat":314033},{"id":71018,"n":"Baie de Szechuan L'Origine du goût - 25g","p":4.95,"u":"198,00 €/KG","img":"https://fd9-photos.leclercdrive.fr/image.ashx?id=1759741&use=l&cat=p&typeid=i","cat":298297},{"id":71060,"n":"Basilic Rustica 11g","p":0.39,"u":"35,45 €/KG","img":"https://fd9-photos.leclercdrive.fr/image.ashx?id=2772957&use=l&cat=p&typeid=i","cat":298297},{"id":71066,"n":"Moutarde à l'ancienne Origine du Goût-Au vinaigre cidre -100g","p":1.39,"u":"13,90 €/KG","img":"https://fd9-photos.leclercdrive.fr/image.ashx?id=2794850&use=l&cat=p&typeid=i","cat":288850},{"id":71072,"n":"Vinaigre Pulpe de framboise L'Origine du goût - 20cl","p":3.99,"u":"19,95 €/L","img":"https://fd9-photos.leclercdrive.fr/image.ashx?id=2709030&use=l&cat=p&typeid=i","cat":298543},{"id":71075,"n":"Vinaigrette biphase Rustica Tomate/ Balsamique - 50cl","p":2.72,"u":"5,44 €/L","img":"https://fd9-photos.leclercdrive.fr/image.ashx?id=1972937&use=l&cat=p&typeid=i","cat":284456},{"id":71077,"n":"Vinaigrette biphase Rustica Ciboulette/Echalote - 50cl","p":2.79,"u":"5,58 €/L","img":"https://fd9-photos.leclercdrive.fr/image.ashx?id=1943241&use=l&cat=p&typeid=i","cat":284456},{"id":71078,"n":"Apéritivo bitter Volcano Spritz 15%vol - 1L","p":6.99,"u":"6,99 €/L","img":"https://fd9-photos.leclercdrive.fr/image.ashx?id=2473963&use=l&cat=p&typeid=i","cat":284913},{"id":71099,"n":"IGP Pays d'Oc Merlot vin rouge Vieux Carion 12% vol - BIB 3L","p":7.99,"u":"2,66 €/L","img":"https://fd9-photos.leclercdrive.fr/image.ashx?id=2905231&use=l&cat=p&typeid=i","cat":289560},{"id":71100,"n":"IGP Pays d'Oc vin rouge Vieux Carion - BIB 3L","p":7.99,"u":"2,66 €/L","img":"https://fd9-photos.leclercdrive.fr/image.ashx?id=2646782&use=l&cat=p&typeid=i","cat":289560},{"id":71101,"n":"IGP Pays d'Oc Muscat blanc  Moelleux 12% vol - 75cl","p":2.99,"u":"3,99 €/L","img":"https://fd9-photos.leclercdrive.fr/image.ashx?id=2677119&use=l&cat=p&typeid=i","cat":289557},{"id":71102,"n":"Bière Desperados 65cl","p":2.5,"u":"3,85 €/L","img":"https://fd9-photos.leclercdrive.fr/image.ashx?id=2977960&use=l&cat=p&typeid=i","cat":334878},{"id":71106,"n":"Ail semoule Rustica 110g","p":1.39,"u":"12,64 €/KG","img":"https://fd9-photos.leclercdrive.fr/image.ashx?id=2870038&use=l&cat=p&typeid=i","cat":298297},{"id":71107,"n":"Bouquet garni entier Rustica 17g","p":1.68,"u":"98,82 €/KG","img":"https://fd9-photos.leclercdrive.fr/image.ashx?id=1710608&use=l&cat=p&typeid=i","cat":298297},{"id":71154,"n":"Arôme vanille Tablier Blanc 200ml","p":2.31,"u":"11,55 €/L","img":"https://fd9-photos.leclercdrive.fr/image.ashx?id=2487476&use=l&cat=p&typeid=i","cat":284504},{"id":71155,"n":"Ail semoule Rustica Flacon - 60g","p":0.99,"u":"16,50 €/KG","img":"https://fd9-photos.leclercdrive.fr/image.ashx?id=2797790&use=l&cat=p&typeid=i","cat":298297},{"id":71156,"n":"Moulin 5 baies Rustica Flacon - 24g","p":1.19,"u":"49,58 €/KG","img":"https://fd9-photos.leclercdrive.fr/image.ashx?id=2907231&use=l&cat=p&typeid=i","cat":284457},{"id":71157,"n":"Herbe de provence haché Rustica 40g","p":0.88,"u":"22,00 €/KG","img":"https://fd9-photos.leclercdrive.fr/image.ashx?id=2935226&use=l&cat=p&typeid=i","cat":298297},{"id":71158,"n":"Poivre gris moulu Rustica Boite - 90g","p":2.29,"u":"25,44 €/KG","img":"https://fd9-photos.leclercdrive.fr/image.ashx?id=1239440&use=l&cat=p&typeid=i","cat":284457},{"id":71162,"n":"Assortiment crackers Tokapi 85g","p":0.69,"u":"8,12 €/KG","img":"https://fd9-photos.leclercdrive.fr/image.ashx?id=2705037&use=l&cat=p&typeid=i","cat":297000},{"id":71164,"n":"Gel lavant Bionaïa Abricot bio - 300ml","p":1.79,"u":"5,97 €/L","img":"https://fd9-photos.leclercdrive.fr/image.ashx?id=2935525&use=l&cat=p&typeid=i","cat":284597},{"id":71351,"n":"Cocktail Pêche Océan Fruits de mer - 500g","p":4.94,"u":"9,88 €/KG","img":"https://fd9-photos.leclercdrive.fr/image.ashx?id=2686347&use=l&cat=p&typeid=i","cat":319787},{"id":71412,"n":"Déodorant Manava Cologne - 100ml","p":1.39,"u":"13,90 €/L","img":"https://fd9-photos.leclercdrive.fr/image.ashx?id=2666572&use=l&cat=p&typeid=i","cat":284595},{"id":71413,"n":"Déodorant Manava Freesia Orchidée - 100ml","p":1.36,"u":"13,60 €/L","img":"https://fd9-photos.leclercdrive.fr/image.ashx?id=2656451&use=l&cat=p&typeid=i","cat":284595},{"id":71417,"n":"Petits pois très fins Eco  560g","p":1.15,"u":"2,05 €/KG","img":"https://fd9-photos.leclercdrive.fr/image.ashx?id=3003711&use=l&cat=p&typeid=i","cat":312607},{"id":71419,"n":"Petits pois carottes Eco  530g","p":1.12,"u":"2,11 €/KG","img":"https://fd9-photos.leclercdrive.fr/image.ashx?id=3003714&use=l&cat=p&typeid=i","cat":312607},{"id":71422,"n":"Macedoine de legumes Eco  530g","p":1.11,"u":"2,09 €/KG","img":"https://fd9-photos.leclercdrive.fr/image.ashx?id=2729245&use=l&cat=p&typeid=i","cat":312612},{"id":71426,"n":"Lentilles Eco+ 530g","p":1.02,"u":"1,92 €/KG","img":"https://fd9-photos.leclercdrive.fr/image.ashx?id=2671786&use=l&cat=p&typeid=i","cat":312609},{"id":71431,"n":"Tomates entières pelées Eco+ - 480g","p":1.1,"u":"2,29 €/KG","img":"https://fd9-photos.leclercdrive.fr/image.ashx?id=3003729&use=l&cat=p&typeid=i","cat":312608},{"id":71439,"n":"Filets de colin d'Alaska Eco+ 10x100g","p":5.3,"u":"5,30 €/KG","img":"https://fd9-photos.leclercdrive.fr/image.ashx?id=1668300&use=l&cat=p&typeid=i","cat":319786},{"id":71442,"n":"Cassoulet Eco+ 840g","p":1.97,"u":"2,35 €/KG","img":"https://fd9-photos.leclercdrive.fr/image.ashx?id=2847937&use=l&cat=p&typeid=i","cat":284440},{"id":71444,"n":"Galettes au beurre Eco+ x16 - 125g","p":0.64,"u":"5,12 €/KG","img":"https://fd9-photos.leclercdrive.fr/image.ashx?id=2746781&use=l&cat=p&typeid=i","cat":284487},{"id":71446,"n":"Biscuits aux oeufs Eco+ x60 - 400g","p":1.57,"u":"3,93 €/KG","img":"https://fd9-photos.leclercdrive.fr/image.ashx?id=2804136&use=l&cat=p&typeid=i","cat":284487},{"id":71448,"n":"Raviolis à la sauce tomate Eco+ 800g","p":1.69,"u":"2,11 €/KG","img":"https://fd9-photos.leclercdrive.fr/image.ashx?id=2688288&use=l&cat=p&typeid=i","cat":284442},{"id":71451,"n":"Serviettes maxi nuit Eco+ x10","p":0.64,"u":"0,06 €/P","img":"https://fd9-photos.leclercdrive.fr/image.ashx?id=2824739&use=l&cat=p&typeid=i","cat":284624},{"id":71454,"n":"Persil bio Ducros Flacon - 7g","p":2.33,"u":"332,86 €/KG","img":"https://fd9-photos.leclercdrive.fr/image.ashx?id=2484062&use=l&cat=p&typeid=i","cat":298297},{"id":71455,"n":"Gélatine feuille bio Vahiné 10g","p":1.37,"u":"137,00 €/KG","img":"https://fd9-photos.leclercdrive.fr/image.ashx?id=2559829&use=l&cat=p&typeid=i","cat":284504},{"id":71459,"n":"Noix coco rapée bio Vahiné 115g","p":2.3,"u":"20,00 €/KG","img":"https://fd9-photos.leclercdrive.fr/image.ashx?id=2559841&use=l&cat=p&typeid=i","cat":284504},{"id":71461,"n":"Sucre vanillé bio Vahiné 5 sachets - 35G","p":3.48,"u":"99,43 €/KG","img":"https://fd9-photos.leclercdrive.fr/image.ashx?id=2559835&use=l&cat=p&typeid=i","cat":284504},{"id":71468,"n":"Spécialité au soja Nat&Vie Café - 4x100g","p":1.45,"u":"3,63 €/KG","img":"https://fd9-photos.leclercdrive.fr/image.ashx?id=2901470&use=l&cat=p&typeid=i","cat":316071},{"id":71469,"n":"DOC Prosecco extra-dry blanc 7% vol - 75cl","p":4.99,"u":"6,65 €/L","img":"https://fd9-photos.leclercdrive.fr/image.ashx?id=2977171&use=l&cat=p&typeid=i","cat":289461},{"id":71473,"n":"Vin d'Espagne blanc Chardonnay Adrien Champaud - BIB 5L","p":11.99,"u":"2,40 €/L","img":"https://fd9-photos.leclercdrive.fr/image.ashx?id=2959617&use=l&cat=p&typeid=i","cat":289557},{"id":71475,"n":"Vin d'Espagne Grenache rosé Adrien Champaud - BIB 5L","p":9.99,"u":"2,00 €/L","img":"https://fd9-photos.leclercdrive.fr/image.ashx?id=2959620&use=l&cat=p&typeid=i","cat":289560},{"id":71479,"n":"Cookies P'tit Déli Paillettes muticolores - 150g","p":1.45,"u":"9,67 €/KG","img":"https://fd9-photos.leclercdrive.fr/image.ashx?id=2939064&use=l&cat=p&typeid=i","cat":325066},{"id":71488,"n":"Mini chinois Epi d'Or Pepites de chocolat x6 - 300g","p":1.85,"u":"6,17 €/KG","img":"https://fd9-photos.leclercdrive.fr/image.ashx?id=2867916&use=l&cat=p&typeid=i","cat":296366},{"id":71489,"n":"Croissants Epi d'Or x8 - 320g","p":1.64,"u":"5,13 €/KG","img":"https://fd9-photos.leclercdrive.fr/image.ashx?id=2860766&use=l&cat=p&typeid=i","cat":296366},{"id":71490,"n":"Vin d'Espagne blanc Sauvignon Adrien Champaud - BIB 5L","p":9.99,"u":"2,00 €/L","img":"https://fd9-photos.leclercdrive.fr/image.ashx?id=2960511&use=l&cat=p&typeid=i","cat":289560},{"id":71491,"n":"Croissants Epi d'Or x14 - 560g","p":2.79,"u":"4,98 €/KG","img":"https://fd9-photos.leclercdrive.fr/image.ashx?id=2860769&use=l&cat=p&typeid=i","cat":296366},{"id":71496,"n":"Tartelette P'tit Déli Chocolat au lait caramel - 127g","p":1.49,"u":"11,73 €/KG","img":"https://fd9-photos.leclercdrive.fr/image.ashx?id=2722820&use=l&cat=p&typeid=i","cat":284488},{"id":71497,"n":"Tartelette P'tit Déli Fraise - 127g","p":1.42,"u":"11,18 €/KG","img":"https://fd9-photos.leclercdrive.fr/image.ashx?id=2888640&use=l&cat=p&typeid=i","cat":284489},{"id":71498,"n":"Lait concentré Délisse Non sucré x10  - 75g","p":0.44,"u":"5,87 €/KG","img":"https://fd9-photos.leclercdrive.fr/image.ashx?id=2671822&use=l&cat=p&typeid=i","cat":299162},{"id":71499,"n":"Gaufrette roulée P'tit Déli Chocolat noir - 125g","p":1.29,"u":"10,32 €/KG","img":"https://fd9-photos.leclercdrive.fr/image.ashx?id=2399859&use=l&cat=p&typeid=i","cat":284490},{"id":71514,"n":"Sablé pur beurre P'tit Déli Caramel - 100g","p":1.18,"u":"11,80 €/KG","img":"https://fd9-photos.leclercdrive.fr/image.ashx?id=2660574&use=l&cat=p&typeid=i","cat":284487},{"id":71519,"n":"Yaourt Bio Bio Village Aromatisé Citron - 4x125g","p":1.39,"u":"2,78 €/KG","img":"https://fd9-photos.leclercdrive.fr/image.ashx?id=2289666&use=l&cat=p&typeid=i","cat":286006},{"id":71523,"n":"Sablés pur beurre P'tit Déli Coco - 100g","p":1.89,"u":"18,90 €/KG","img":"https://fd9-photos.leclercdrive.fr/image.ashx?id=2709704&use=l&cat=p&typeid=i","cat":284487},{"id":71524,"n":"Goûter rectangle P'tit Déli Fourré chocolat - 125g","p":1.19,"u":"9,52 €/KG","img":"https://fd9-photos.leclercdrive.fr/image.ashx?id=2619725&use=l&cat=p&typeid=i","cat":284488},{"id":71528,"n":"Fromage frais nature Bio Bio village - 8x100g","p":3.16,"u":"3,95 €/KG","img":"https://fd9-photos.leclercdrive.fr/image.ashx?id=2839950&use=l&cat=p&typeid=i","cat":284409},{"id":71531,"n":"Crème fraiche bio Bio village Epaisse - 30% MG  - 50cl","p":2.66,"u":"5,32 €/L","img":"https://fd9-photos.leclercdrive.fr/image.ashx?id=1975050&use=l&cat=p&typeid=i","cat":284381},{"id":71535,"n":"Pommes de terre NRT à l'échirlète - 600g","p":3.55,"u":"5,92 €/KG","img":"https://fd9-photos.leclercdrive.fr/image.ashx?id=2699855&use=l&cat=p&typeid=i","cat":319792},{"id":71546,"n":"Gaufrettes P'tit Déli Vanille - 110g","p":1.01,"u":"9,18 €/KG","img":"https://fd9-photos.leclercdrive.fr/image.ashx?id=2436023&use=l&cat=p&typeid=i","cat":284487},{"id":71553,"n":"Déodorant Manava Freesia Orchidée - 200ml","p":1.34,"u":"6,70 €/L","img":"https://fd9-photos.leclercdrive.fr/image.ashx?id=2656454&use=l&cat=p&typeid=i","cat":284595},{"id":71557,"n":"Mini sables P'tit Déli Chocolat au lait - 160g","p":1.89,"u":"11,81 €/KG","img":"https://fd9-photos.leclercdrive.fr/image.ashx?id=2323295&use=l&cat=p&typeid=i","cat":284488},{"id":71561,"n":"Palets P'tit Déli A la madeleine - 125g","p":1.15,"u":"9,20 €/KG","img":"https://fd9-photos.leclercdrive.fr/image.ashx?id=2693138&use=l&cat=p&typeid=i","cat":284487},{"id":71563,"n":"Mayonnaise Rustica A la moutarde de Dijon - 720g","p":2.45,"u":"3,40 €/KG","img":"https://fd9-photos.leclercdrive.fr/image.ashx?id=2954379&use=l&cat=p&typeid=i","cat":298295},{"id":71565,"n":"Pêches Douceur du Verger Sirop léger - 465g","p":1.62,"u":"3,48 €/KG","img":"https://fd9-photos.leclercdrive.fr/image.ashx?id=2666471&use=l&cat=p&typeid=i","cat":284507},{"id":71566,"n":"Sauce Soja Tables Du Monde 125ml","p":0.83,"u":"6,64 €/L","img":"https://fd9-photos.leclercdrive.fr/image.ashx?id=2679765&use=l&cat=p&typeid=i","cat":288992},{"id":71568,"n":"Sauce soja sucrée Table du monde - 125ml","p":0.83,"u":"6,64 €/L","img":"https://fd9-photos.leclercdrive.fr/image.ashx?id=2679762&use=l&cat=p&typeid=i","cat":288992},{"id":71570,"n":"Palmiers P'tit Déli Zestes Citron - 100g","p":0.86,"u":"8,60 €/KG","img":"https://fd9-photos.leclercdrive.fr/image.ashx?id=2331321&use=l&cat=p&typeid=i","cat":284487},{"id":71574,"n":"Gaufrettes P'tit Déli Chocolat noisette - 160g","p":1.54,"u":"9,63 €/KG","img":"https://fd9-photos.leclercdrive.fr/image.ashx?id=2915302&use=l&cat=p&typeid=i","cat":284488},{"id":71575,"n":"Test de grossesse Primoplast x1","p":0.74,"img":"https://fd9-photos.leclercdrive.fr/image.ashx?id=2832975&use=l&cat=p&typeid=i","cat":324482},{"id":71576,"n":"Recharge brosse Mamison 90 feuilles adhésives","p":3.0,"img":"https://fd9-photos.leclercdrive.fr/image.ashx?id=2744134&use=l&cat=p&typeid=i","cat":284669},{"id":71578,"n":"Crème lavante Manava Surgras - 300ml","p":1.12,"u":"3,73 €/L","img":"https://fd9-photos.leclercdrive.fr/image.ashx?id=2935513&use=l&cat=p&typeid=i","cat":284597},{"id":71579,"n":"Recharge crème lavante Manava Surgras - 250ml","p":0.66,"u":"2,64 €/L","img":"https://fd9-photos.leclercdrive.fr/image.ashx?id=2935516&use=l&cat=p&typeid=i","cat":284597},{"id":71580,"n":"Tampons digitaux Doulys Super+ x24","p":2.09,"u":"0,09 €/P","img":"https://fd9-photos.leclercdrive.fr/image.ashx?id=2965521&use=l&cat=p&typeid=i","cat":284626},{"id":71581,"n":"Cire visage Siliss 15ml","p":4.07,"u":"271,33 €/L","img":"https://fd9-photos.leclercdrive.fr/image.ashx?id=2510446&use=l&cat=p&typeid=i","cat":325351},{"id":71599,"n":"Bicarbonate de soude Clair 500g","p":1.5,"u":"3,00 €/KG","img":"https://fd9-photos.leclercdrive.fr/image.ashx?id=2822129&use=l&cat=p&typeid=i","cat":325365},{"id":71602,"n":"Change bébé Mots d'Enfants Nouveau né - T1 - 2/5kg - x23","p":2.36,"u":"0,10 €/P","img":"https://fd9-photos.leclercdrive.fr/image.ashx?id=2907225&use=l&cat=p&typeid=i","cat":284737},{"id":71627,"n":"Boisson végétale Bio Village Soja chocolat bio - 1l","p":1.5,"u":"1,50 €/L","img":"https://fd9-photos.leclercdrive.fr/image.ashx?id=2352240&use=l&cat=p&typeid=i","cat":316067},{"id":71629,"n":"Boisson végétale Bio Village Lait amande intense bio - 1l","p":2.39,"u":"2,39 €/L","img":"https://fd9-photos.leclercdrive.fr/image.ashx?id=2386185&use=l&cat=p&typeid=i","cat":316067},{"id":71637,"n":"Bâtonnets enrobés bio Bio Village - Chocolat noir - 125g","p":1.99,"u":"15,92 €/KG","img":"https://fd9-photos.leclercdrive.fr/image.ashx?id=1947402&use=l&cat=p&typeid=i","cat":284488},{"id":71647,"n":"Biscuit graine Bio Village Pépites de chocolat Bio - 140g","p":1.85,"u":"13,21 €/KG","img":"https://fd9-photos.leclercdrive.fr/image.ashx?id=1667266&use=l&cat=p&typeid=i","cat":325066},{"id":71649,"n":"Herbe Provence bio Bio Village 14g","p":0.79,"u":"56,43 €/KG","img":"https://fd9-photos.leclercdrive.fr/image.ashx?id=2711695&use=l&cat=p&typeid=i","cat":298297},{"id":71655,"n":"Curry moulu Bio Village Bio - 37g","p":1.25,"u":"33,78 €/KG","img":"https://fd9-photos.leclercdrive.fr/image.ashx?id=2714989&use=l&cat=p&typeid=i","cat":298297},{"id":71683,"n":"Pâtes de fruits NRT Assortiment 300g","p":8.7,"u":"29,00 €/KG","img":"https://fd9-photos.leclercdrive.fr/image.ashx?id=1646525&use=l&cat=p&typeid=i","cat":284499},{"id":71698,"n":"Nappe damassée Homeside Jaune - 7m","p":2.96,"u":"0,42 €/MT","img":"https://fd9-photos.leclercdrive.fr/image.ashx?id=1419626&use=l&cat=p&typeid=i","cat":334134},{"id":71702,"n":"Nappe damassée Ardence Olive - 7m","p":2.96,"u":"0,42 €/MT","img":"https://fd9-photos.leclercdrive.fr/image.ashx?id=2726071&use=l&cat=p&typeid=i","cat":334134},{"id":72190,"n":"Lomo Bellota L'Origine du Goût - 80g","p":5.95,"u":"74,38 €/KG","img":"https://fd9-photos.leclercdrive.fr/image.ashx?id=1244434&use=l&cat=p&typeid=i","cat":316007},{"id":72191,"n":"Jamon Bellota 48 mois L'Origine du goût - 70g","p":9.5,"u":"135,71 €/KG","img":"https://fd9-photos.leclercdrive.fr/image.ashx?id=1244431&use=l&cat=p&typeid=i","cat":316007},{"id":72734,"n":"Pain de mie Schär - Céréales Sans gluten - 300g","p":3.49,"u":"11,63 €/KG","img":"https://fd9-photos.leclercdrive.fr/image.ashx?id=2659421&use=l&cat=p&typeid=i","cat":318654},{"id":72786,"n":"Bière blonde Pelforth Fût pression - 5L","p":15.52,"u":"3,10 €/L","img":"https://fd9-photos.leclercdrive.fr/image.ashx?id=2767249&use=l&cat=p&typeid=i","cat":334879},{"id":72791,"n":"Bière Desperados 3x33cl","p":4.25,"u":"4,29 €/L","img":"https://fd9-photos.leclercdrive.fr/image.ashx?id=2983120&use=l&cat=p&typeid=i","cat":334878},{"id":72815,"n":"Saumon fumé Labeyrie Norvège 12 tranches - 450g","p":13.97,"u":"31,04 €/KG","img":"https://fd9-photos.leclercdrive.fr/image.ashx?id=2916770&use=l&cat=p&typeid=i","cat":285188},{"id":72894,"n":"Huile d'olive Rustica Vierge extra fruité - 75cl","p":7.99,"u":"10,65 €/L","img":"https://fd9-photos.leclercdrive.fr/image.ashx?id=2898029&use=l&cat=p&typeid=i","cat":284453},{"id":72932,"n":"Spaghetti bolognaise Côté Table 415g","p":2.03,"u":"4,89 €/KG","img":"https://fd9-photos.leclercdrive.fr/image.ashx?id=2977882&use=l&cat=p&typeid=i","cat":284442},{"id":72934,"n":"Sauce nuoc mam Tables du monde 125ml","p":0.91,"u":"7,28 €/L","img":"https://fd9-photos.leclercdrive.fr/image.ashx?id=2679771&use=l&cat=p&typeid=i","cat":288992},{"id":72988,"n":"Eau Micellaire Biphase Garnier Maquillage Waterproof - 400ml","p":3.99,"u":"9,98 €/L","img":"https://fd9-photos.leclercdrive.fr/image.ashx?id=2286299&use=l&cat=p&typeid=i","cat":284603},{"id":73001,"n":"Blinis Ronde des mers x4 - 200g","p":1.25,"u":"6,25 €/KG","img":"https://fd9-photos.leclercdrive.fr/image.ashx?id=1919585&use=l&cat=p&typeid=i","cat":285191},{"id":73006,"n":"Sauce pour nems Tables du monde 125ml","p":0.99,"u":"7,92 €/L","img":"https://fd9-photos.leclercdrive.fr/image.ashx?id=2526306&use=l&cat=p&typeid=i","cat":288992},{"id":73064,"n":"Masque tissu hydratant Garnier Repulpant Grenade Hydrabomb","p":2.14,"img":"https://fd9-photos.leclercdrive.fr/image.ashx?id=2401583&use=l&cat=p&typeid=i","cat":325346},{"id":73084,"n":"Crème Hydratante Visage Mixa Peaux Sensibles - 100ml","p":2.76,"u":"27,60 €/L","img":"https://fd9-photos.leclercdrive.fr/image.ashx?id=2300749&use=l&cat=p&typeid=i","cat":325345},{"id":73311,"n":"Housse de couette satin Tissaia 240x220cm + 2Taies 63x63cm","p":41.9,"img":"https://fd9-photos.leclercdrive.fr/image.ashx?id=1274305&use=l&cat=p&typeid=i","cat":286694},{"id":73697,"n":"Compote Allégée en sucres Eco+ Bocal pomme - 720g","p":0.85,"u":"1,18 €/KG","img":"https://fd9-photos.leclercdrive.fr/image.ashx?id=2953185&use=l&cat=p&typeid=i","cat":284508},{"id":73706,"n":"Riz basmati Eco+ 1kg","p":2.01,"u":"2,01 €/KG","img":"https://fd9-photos.leclercdrive.fr/image.ashx?id=2141651&use=l&cat=p&typeid=i","cat":284428},{"id":73717,"n":"Pommes de terre Eco+ 530g","p":1.15,"u":"2,17 €/KG","img":"https://fd9-photos.leclercdrive.fr/image.ashx?id=2473186&use=l&cat=p&typeid=i","cat":312612},{"id":73727,"n":"Bouchées pour chats  Eco+ Boeuf poulet légumes - 410g","p":0.79,"u":"1,93 €/KG","img":"https://fd9-photos.leclercdrive.fr/image.ashx?id=1292464&use=l&cat=p&typeid=i","cat":285601},{"id":73729,"n":"Tartelettes à la fraise Eco+ x12 - 200g","p":0.8,"u":"4,00 €/KG","img":"https://fd9-photos.leclercdrive.fr/image.ashx?id=2869757&use=l&cat=p&typeid=i","cat":284489},{"id":73732,"n":"Gel WC javel Eco+ 750ml","p":0.57,"u":"0,76 €/L","img":"https://fd9-photos.leclercdrive.fr/image.ashx?id=2768074&use=l&cat=p&typeid=i","cat":284662},{"id":73735,"n":"Café moulu Eco+ Pur arabica - 500g","p":6.44,"u":"12,88 €/KG","img":"https://fd9-photos.leclercdrive.fr/image.ashx?id=2874374&use=l&cat=p&typeid=i","cat":284750},{"id":73781,"n":"Maïs doux Eco+ 285g","p":0.78,"u":"2,74 €/KG","img":"https://fd9-photos.leclercdrive.fr/image.ashx?id=3003738&use=l&cat=p&typeid=i","cat":312611},{"id":73790,"n":"Café soluble Eco+ 200g","p":3.47,"u":"17,35 €/KG","img":"https://fd9-photos.leclercdrive.fr/image.ashx?id=1654429&use=l&cat=p&typeid=i","cat":284843},{"id":73791,"n":"Chips nature Eco+ 200g","p":1.0,"u":"5,00 €/KG","img":"https://fd9-photos.leclercdrive.fr/image.ashx?id=2609538&use=l&cat=p&typeid=i","cat":284447},{"id":73793,"n":"Goûters ronds Eco+ Fourrés chocolat - 500g","p":1.36,"u":"2,72 €/KG","img":"https://fd9-photos.leclercdrive.fr/image.ashx?id=2222751&use=l&cat=p&typeid=i","cat":284488},{"id":73797,"n":"Pâtes Eco+ Macaroni - 1kg","p":0.99,"u":"0,99 €/KG","img":"https://fd9-photos.leclercdrive.fr/image.ashx?id=2887395&use=l&cat=p&typeid=i","cat":284427},{"id":73798,"n":"Pâtes Eco+ Coquillettes - 1kg","p":1.01,"u":"1,01 €/KG","img":"https://fd9-photos.leclercdrive.fr/image.ashx?id=2885723&use=l&cat=p&typeid=i","cat":284427},{"id":73799,"n":"Pâtes Eco+ Torsades - 1kg","p":1.0,"u":"1,00 €/KG","img":"https://fd9-photos.leclercdrive.fr/image.ashx?id=2885726&use=l&cat=p&typeid=i","cat":284427},{"id":73800,"n":"Dosettes café Eco+ 100% arabica - x48 - 336g","p":4.32,"u":"12,86 €/KG","img":"https://fd9-photos.leclercdrive.fr/image.ashx?id=2711586&use=l&cat=p&typeid=i","cat":293238},{"id":73801,"n":"Dosettes café Eco+ 100% Robusta - x48 - 336g","p":4.09,"u":"12,17 €/KG","img":"https://fd9-photos.leclercdrive.fr/image.ashx?id=2800222&use=l&cat=p&typeid=i","cat":293238},{"id":73802,"n":"Riz soufflé Eco+ Au chocolat au lait - 750g","p":2.71,"u":"3,61 €/KG","img":"https://fd9-photos.leclercdrive.fr/image.ashx?id=2693096&use=l&cat=p&typeid=i","cat":309513},{"id":73803,"n":"Shampooing aux oeufs Eco+ 750ml","p":0.53,"u":"0,71 €/L","img":"https://fd9-photos.leclercdrive.fr/image.ashx?id=2779178&use=l&cat=p&typeid=i","cat":284606},{"id":73804,"n":"Lingettes démaquillantes Eco+ x25","p":0.67,"u":"0,03 €/P","img":"https://fd9-photos.leclercdrive.fr/image.ashx?id=2282156&use=l&cat=p&typeid=i","cat":284603},{"id":73805,"n":"Biscuit fourré cacao Eco+ x12 - 225g","p":0.93,"u":"4,13 €/KG","img":"https://fd9-photos.leclercdrive.fr/image.ashx?id=2834223&use=l&cat=p&typeid=i","cat":284488},{"id":73806,"n":"Eau de javel Eco+ 3x250ml","p":0.48,"u":"0,64 €/L","img":"https://fd9-photos.leclercdrive.fr/image.ashx?id=2949164&use=l&cat=p&typeid=i","cat":284661},{"id":73807,"n":"Carré coton bébé Eco+ x60","p":0.99,"u":"0,02 €/P","img":"https://fd9-photos.leclercdrive.fr/image.ashx?id=2987634&use=l&cat=p&typeid=i","cat":284739},{"id":73808,"n":"Rhum blanc Isautier 49% vol. - 1L","p":17.6,"u":"17,60 €/L","img":"https://fd9-photos.leclercdrive.fr/image.ashx?id=2596901&use=l&cat=p&typeid=i","cat":284550},{"id":74047,"n":"Parmentier de porc Eco+ 1kg","p":2.6,"u":"2,60 €/KG","img":"https://fd9-photos.leclercdrive.fr/image.ashx?id=2774885&use=l&cat=p&typeid=i","cat":284254},{"id":74048,"n":"Lasagnes à la bolognaise Eco + 1kg","p":2.54,"u":"2,54 €/KG","img":"https://fd9-photos.leclercdrive.fr/image.ashx?id=2779166&use=l&cat=p&typeid=i","cat":284254},{"id":74089,"n":"Batonnets Poissons panés Eco+ x15 - 450g","p":1.6,"u":"3,56 €/KG","img":"https://fd9-photos.leclercdrive.fr/image.ashx?id=2843565&use=l&cat=p&typeid=i","cat":319788},{"id":74090,"n":"Nectar Multifruits Eco+ Brique - 2L","p":1.38,"u":"0,69 €/L","img":"https://fd9-photos.leclercdrive.fr/image.ashx?id=2751853&use=l&cat=p&typeid=i","cat":284917},{"id":74091,"n":"Mozzarella Eco+ 18%mg - 125g","p":0.76,"u":"6,08 €/KG","img":"https://fd9-photos.leclercdrive.fr/image.ashx?id=2754868&use=l&cat=p&typeid=i","cat":314026},{"id":74101,"n":"Saucisson sec Eco+ 200g","p":1.73,"u":"8,65 €/KG","img":"https://fd9-photos.leclercdrive.fr/image.ashx?id=2859146&use=l&cat=p&typeid=i","cat":316006},{"id":74105,"n":"Pur jus d'orange Eco  1.5L","p":2.46,"u":"1,64 €/L","img":"https://fd9-photos.leclercdrive.fr/image.ashx?id=2720136&use=l&cat=p&typeid=i","cat":284521},{"id":74110,"n":"Chorizo doux Eco+ 250g","p":1.66,"u":"6,64 €/KG","img":"https://fd9-photos.leclercdrive.fr/image.ashx?id=2076783&use=l&cat=p&typeid=i","cat":316006},{"id":74115,"n":"Petit Brie Eco+ 32%mg - 500g","p":3.39,"u":"6,78 €/KG","img":"https://fd9-photos.leclercdrive.fr/image.ashx?id=2938403&use=l&cat=p&typeid=i","cat":314033},{"id":74116,"n":"Bière blonde de luxe 4% - 50cl","p":0.57,"u":"1,14 €/L","img":"https://fd9-photos.leclercdrive.fr/image.ashx?id=2955599&use=l&cat=p&typeid=i","cat":334853},{"id":74123,"n":"Citron jaune Rustica 200ml","p":0.79,"u":"3,95 €/L","img":"https://fd9-photos.leclercdrive.fr/image.ashx?id=2627652&use=l&cat=p&typeid=i","cat":288383},{"id":74124,"n":"Citron vert Rustica 200ml","p":0.89,"u":"4,45 €/L","img":"https://fd9-photos.leclercdrive.fr/image.ashx?id=2635768&use=l&cat=p&typeid=i","cat":288383},{"id":74133,"n":"Bâtonnets de Surimi Pêche Océan MSC - x18 bâtonnets - 300g","p":2.05,"u":"6,83 €/KG","img":"https://fd9-photos.leclercdrive.fr/image.ashx?id=3004633&use=l&cat=p&typeid=i","cat":285189},{"id":74157,"n":"Bâtonnet Savoureux Pêche Océan Ail et fines herbes x16 - 256g","p":2.39,"u":"9,34 €/KG","img":"https://fd9-photos.leclercdrive.fr/image.ashx?id=2316461&use=l&cat=p&typeid=i","cat":285189},{"id":74284,"n":"Brocolis bio Bio Village 500g","p":2.49,"u":"4,98 €/KG","img":"https://fd9-photos.leclercdrive.fr/image.ashx?id=2960547&use=l&cat=p&typeid=i","cat":284352},{"id":74326,"n":"Crèpes fourrées P'tit Déli Chocolat noisettes - 256g","p":1.99,"u":"7,77 €/KG","img":"https://fd9-photos.leclercdrive.fr/image.ashx?id=2453195&use=l&cat=p&typeid=i","cat":284494},{"id":74697,"n":"Fondue aux 3 fromages Président 16%mg - 600g","p":6.01,"u":"10,02 €/KG","img":"https://fd9-photos.leclercdrive.fr/image.ashx?id=2632996&use=l&cat=p&typeid=i","cat":314037},{"id":74857,"n":"Gateaux P'tit Déli Tout chocolat x7 - 210g","p":2.2,"u":"10,48 €/KG","img":"https://fd9-photos.leclercdrive.fr/image.ashx?id=1947372&use=l&cat=p&typeid=i","cat":294776},{"id":74860,"n":"Champignons Notre Jardin A la grecque - 400g","p":1.56,"u":"3,90 €/KG","img":"https://fd9-photos.leclercdrive.fr/image.ashx?id=2531101&use=l&cat=p&typeid=i","cat":312610},{"id":75337,"n":"Café en grains Méo L'original Bio - 500g","p":8.82,"u":"17,64 €/KG","img":"https://fd9-photos.leclercdrive.fr/image.ashx?id=2798533&use=l&cat=p&typeid=i","cat":293237},{"id":75343,"n":"Biscuits fourrés bio Bjorg Vanille - 450g","p":7.0,"u":"15,56 €/KG","img":"https://fd9-photos.leclercdrive.fr/image.ashx?id=2117378&use=l&cat=p&typeid=i","cat":284489},{"id":75344,"n":"Biscuits fourrés bio Bjorg Citron - 2x255g","p":7.0,"u":"15,56 €/KG","img":"https://fd9-photos.leclercdrive.fr/image.ashx?id=2117387&use=l&cat=p&typeid=i","cat":284489},{"id":75357,"n":"Jus multifruits Jafaden Matin Fruité - 1L","p":2.09,"u":"2,09 €/L","img":"https://fd9-photos.leclercdrive.fr/image.ashx?id=2916713&use=l&cat=p&typeid=i","cat":285435},{"id":75359,"n":"Soupe mouliné bio Knorr Tomates oignons et herbes - 1L","p":3.71,"u":"3,71 €/L","img":"https://fd9-photos.leclercdrive.fr/image.ashx?id=2312949&use=l&cat=p&typeid=i","cat":284462},{"id":75421,"n":"Avoine cuisiné bio Bjorg 200ml","p":1.09,"u":"5,45 €/L","img":"https://fd9-photos.leclercdrive.fr/image.ashx?id=2757292&use=l&cat=p&typeid=i","cat":288383},{"id":75426,"n":"Tofu fumé bio Bjorg - 2x100g","p":3.15,"u":"15,75 €/KG","img":"https://fd9-photos.leclercdrive.fr/image.ashx?id=2928531&use=l&cat=p&typeid=i","cat":284953},{"id":75491,"n":"Tablette chocolat au lait Lindt Praliné noisettes - 225g","p":3.96,"u":"17,60 €/KG","img":"https://fd9-photos.leclercdrive.fr/image.ashx?id=2423756&use=l&cat=p&typeid=i","cat":284497},{"id":75539,"n":"Saucisse cockail Tradilege Bacon - 300g","p":2.82,"u":"9,40 €/KG","img":"https://fd9-photos.leclercdrive.fr/image.ashx?id=2930784&use=l&cat=p&typeid=i","cat":316012},{"id":75572,"n":"Yaourts nature bifidus Activia 16x125g","p":4.51,"u":"2,26 €/KG","img":"https://fd9-photos.leclercdrive.fr/image.ashx?id=2741700&use=l&cat=p&typeid=i","cat":315000},{"id":75587,"n":"Oignon jaune bio Bio village 1kg","p":2.79,"u":"2,79 €/KG","img":"https://fd9-photos.leclercdrive.fr/image.ashx?id=2922451&use=l&cat=p&typeid=i","cat":284352},{"id":75595,"n":"Courge butternut bio Bio Village - x1","p":2.59,"img":"https://fd9-photos.leclercdrive.fr/image.ashx?id=2645759&use=l&cat=p&typeid=i","cat":284352},{"id":75603,"n":"Effilés poissons Plénina Chat adulte - 4x85g","p":1.56,"u":"4,59 €/KG","img":"https://fd9-photos.leclercdrive.fr/image.ashx?id=2302256&use=l&cat=p&typeid=i","cat":285286},{"id":75604,"n":"Effilés viandes Plénima  Chat adulte - 4x85g","p":1.56,"u":"4,59 €/KG","img":"https://fd9-photos.leclercdrive.fr/image.ashx?id=2361122&use=l&cat=p&typeid=i","cat":285286},{"id":75605,"n":"Effilés chat adulte Plénima Viandes, Poissons - 12x85g","p":4.84,"u":"4,75 €/KG","img":"https://fd9-photos.leclercdrive.fr/image.ashx?id=2361125&use=l&cat=p&typeid=i","cat":285286},{"id":75629,"n":"Liégeois chocolat Bio Bio village - 4x100g","p":1.89,"u":"4,73 €/KG","img":"https://fd9-photos.leclercdrive.fr/image.ashx?id=2992639&use=l&cat=p&typeid=i","cat":285042},{"id":75630,"n":"Liégéois Bio Bio Village Café - 4x100g","p":1.89,"u":"4,73 €/KG","img":"https://fd9-photos.leclercdrive.fr/image.ashx?id=2992642&use=l&cat=p&typeid=i","cat":285042},{"id":75655,"n":"Matelas bébé Mots d'Enfants Pour lit 60x120cm","p":39.95,"u":"Dont 2,00 € d'éco-part.","img":"https://fd9-photos.leclercdrive.fr/image.ashx?id=1279906&use=l&cat=p&typeid=i","cat":299760},{"id":75781,"n":"Soin Antirougeurs Fort Avène Concentré - 30 ml","p":15.99,"u":"533,00 €/L","img":"https://fd9-photos.leclercdrive.fr/image.ashx?id=2532595&use=l&cat=p&typeid=i","cat":291171},{"id":75984,"n":"Crevettes Bio Bio Village 100g","p":3.28,"u":"32,80 €/KG","img":"https://fd9-photos.leclercdrive.fr/image.ashx?id=2121564&use=l&cat=p&typeid=i","cat":284343},{"id":75986,"n":"Pizza Feu de bois Bio Village Bio Margharita - 350g","p":3.29,"u":"9,40 €/KG","img":"https://fd9-photos.leclercdrive.fr/image.ashx?id=2943668&use=l&cat=p&typeid=i","cat":284256},{"id":75988,"n":"Fromage blanc lait Bio Village Bio Brebis - 400g","p":2.5,"u":"6,25 €/KG","img":"https://fd9-photos.leclercdrive.fr/image.ashx?id=2839953&use=l&cat=p&typeid=i","cat":314998},{"id":76008,"n":"Chocolat au lait Lindt Création La Crème brûlée - 150g","p":3.03,"u":"20,20 €/KG","img":"https://fd9-photos.leclercdrive.fr/image.ashx?id=2685802&use=l&cat=p&typeid=i","cat":284497},{"id":76011,"n":"Chocolat noir Lindt Création Le Rocher noir - 150g","p":3.03,"u":"20,20 €/KG","img":"https://fd9-photos.leclercdrive.fr/image.ashx?id=2685808&use=l&cat=p&typeid=i","cat":284956},{"id":76015,"n":"Biscuit Speculoos Lotus Biscoff Original - 250g (2x125g)","p":1.52,"u":"6,08 €/KG","img":"https://fd9-photos.leclercdrive.fr/image.ashx?id=2854735&use=l&cat=p&typeid=i","cat":284487},{"id":76024,"n":"Pain de mie seigle Epi d'Or 800g","p":2.6,"u":"3,25 €/KG","img":"https://fd9-photos.leclercdrive.fr/image.ashx?id=2994818&use=l&cat=p&typeid=i","cat":284477},{"id":76025,"n":"Cookies chocolat Eco+ Pépites de chocolat - 200g","p":0.97,"u":"4,85 €/KG","img":"https://fd9-photos.leclercdrive.fr/image.ashx?id=2965392&use=l&cat=p&typeid=i","cat":325066},{"id":76026,"n":"Biscuit tablette Eco+ Chocolat noir - 150g","p":1.07,"u":"7,13 €/KG","img":"https://fd9-photos.leclercdrive.fr/image.ashx?id=2698135&use=l&cat=p&typeid=i","cat":284488},{"id":76113,"n":"Fromage de Chèvre rapé  Les Croisés -  150g","p":2.69,"u":"17,93 €/KG","img":"https://fd9-photos.leclercdrive.fr/image.ashx?id=2897799&use=l&cat=p&typeid=i","cat":314035},{"id":76119,"n":"Secret de mousse La Laitière Chocolat au lait - 4x59g","p":1.47,"u":"6,23 €/KG","img":"https://fd9-photos.leclercdrive.fr/image.ashx?id=2729740&use=l&cat=p&typeid=i","cat":284417},{"id":76211,"n":"L'ours d'or Haribo Sachet bonbons - 300g","p":1.81,"u":"6,03 €/KG","img":"https://fd9-photos.leclercdrive.fr/image.ashx?id=2805201&use=l&cat=p&typeid=i","cat":304250},{"id":76212,"n":"Tutti Candi Haribo Sachet bonbons - 250g","p":1.79,"u":"7,16 €/KG","img":"https://fd9-photos.leclercdrive.fr/image.ashx?id=2984910&use=l&cat=p&typeid=i","cat":304250},{"id":76214,"n":"Chamallows Choco Haribo Sachet bonbons guimauve - 160g","p":1.95,"u":"12,19 €/KG","img":"https://fd9-photos.leclercdrive.fr/image.ashx?id=2984919&use=l&cat=p&typeid=i","cat":304250},{"id":76219,"n":"Cannelloni Côté Table 800g","p":2.99,"u":"3,74 €/KG","img":"https://fd9-photos.leclercdrive.fr/image.ashx?id=2977897&use=l&cat=p&typeid=i","cat":284442},{"id":76220,"n":"Raviolis Côté Table Aux 6 légumes - 800g","p":2.29,"u":"2,86 €/KG","img":"https://fd9-photos.leclercdrive.fr/image.ashx?id=2977903&use=l&cat=p&typeid=i","cat":284442},{"id":76221,"n":"Pur jus Bio Village Bio Citron Sicile - 25cl","p":1.29,"u":"5,16 €/L","img":"https://fd9-photos.leclercdrive.fr/image.ashx?id=3010446&use=l&cat=p&typeid=i","cat":288383},{"id":76226,"n":"Tartiflette Côté Table 800g","p":2.83,"u":"3,54 €/KG","img":"https://fd9-photos.leclercdrive.fr/image.ashx?id=2977879&use=l&cat=p&typeid=i","cat":284441},{"id":76292,"n":"Terreau Terre Au Naturel Géranium Aquastock - 40L","p":9.99,"u":"0,25 €/L","img":"https://fd9-photos.leclercdrive.fr/image.ashx?id=2869056&use=l&cat=p&typeid=i","cat":335919},{"id":76358,"n":"Prosecco zonin brut blanc  75cl","p":6.5,"pp":4.29,"u":"5,72 €/L","img":"https://fd9-photos.leclercdrive.fr/image.ashx?id=2507131&use=l&cat=p&typeid=i","cat":289461},{"id":76397,"n":"Tablette chocolat au lait Lindt Noisettes 34% - 150g","p":3.88,"u":"25,87 €/KG","img":"https://fd9-photos.leclercdrive.fr/image.ashx?id=1877960&use=l&cat=p&typeid=i","cat":284497},{"id":76398,"n":"Tablette de chocolat noir Lindt Amandes / Fleur de sel - 150g","p":4.19,"u":"27,93 €/KG","img":"https://fd9-photos.leclercdrive.fr/image.ashx?id=2382992&use=l&cat=p&typeid=i","cat":284956},{"id":76454,"n":"Dos de Colin d'Alaska Findus MSC - x6 - 660g","p":8.67,"u":"13,14 €/KG","img":"https://fd9-photos.leclercdrive.fr/image.ashx?id=2735341&use=l&cat=p&typeid=i","cat":319786},{"id":76487,"n":"Plaisir aux Noix  Lenôtre - 410g","p":7.51,"u":"18,32 €/KG","img":"https://fd9-photos.leclercdrive.fr/image.ashx?id=2807750&use=l&cat=p&typeid=i","cat":284267},{"id":76501,"n":"Chips Tortilla Old El Paso Nachips - 185g","p":2.26,"u":"12,22 €/KG","img":"https://fd9-photos.leclercdrive.fr/image.ashx?id=2444519&use=l&cat=p&typeid=i","cat":288993},{"id":76515,"n":"AOP Petit-Chablis blanc Union Vignerons - 75 cl","p":9.99,"u":"13,32 €/L","img":"https://fd9-photos.leclercdrive.fr/image.ashx?id=2417884&use=l&cat=p&typeid=i","cat":289557},{"id":76598,"n":"Crème Solaire Spray Nivea Sun FPS 30 Protect&Hydrate - 200ml","p":8.49,"u":"42,45 €/L","img":"https://fd9-photos.leclercdrive.fr/image.ashx?id=2736241&use=l&cat=p&typeid=i","cat":325355},{"id":76604,"n":"Nem au Poulet 4x65g","p":2.44,"u":"9,38 €/KG","img":"https://fd9-photos.leclercdrive.fr/image.ashx?id=2870548&use=l&cat=p&typeid=i","cat":333673},{"id":76719,"n":"Serviette papier Aqua Homeside Triple épaisseur 40x40cm - x20","p":1.39,"u":"0,07 €/P","img":"https://fd9-photos.leclercdrive.fr/image.ashx?id=2711710&use=l&cat=p&typeid=i","cat":334134},{"id":76721,"n":"Serviette papier Olive Homeside Triple épaisseur 40x40cm - x20","p":1.39,"u":"0,07 €/P","img":"https://fd9-photos.leclercdrive.fr/image.ashx?id=2712337&use=l&cat=p&typeid=i","cat":334134},{"id":76725,"n":"Serviette papier Rouge Homeside Triple épaisseur 40x40cm - x20","p":1.39,"u":"0,07 €/P","img":"https://fd9-photos.leclercdrive.fr/image.ashx?id=1659735&use=l&cat=p&typeid=i","cat":334134},{"id":76728,"n":"Serviette papier Homeside Bleu ciel 40x40cm - x20","p":1.39,"u":"0,07 €/P","img":"https://fd9-photos.leclercdrive.fr/image.ashx?id=2738985&use=l&cat=p&typeid=i","cat":334134},{"id":76731,"n":"Sachet mini burger Trolli 100g","p":2.33,"u":"23,30 €/KG","img":"https://fd9-photos.leclercdrive.fr/image.ashx?id=2651179&use=l&cat=p&typeid=i","cat":304250},{"id":76774,"n":"Soin barbe courte Barber Club men expert - 50ml","p":10.76,"u":"215,20 €/L","img":"https://fd9-photos.leclercdrive.fr/image.ashx?id=2353770&use=l&cat=p&typeid=i","cat":284622},{"id":76776,"n":"Eau de toilette Daniel Hechter  Homme Caractère - 50ml","p":14.29,"pp":10.0,"u":"200,00 €/L","img":"https://fd9-photos.leclercdrive.fr/image.ashx?id=2526953&use=l&cat=p&typeid=i","cat":287740},{"id":76783,"n":"Eau de Toilette Femme Eau Jeune Echappée Belle - 75ml","p":6.87,"pp":4.81,"u":"64,13 €/L","img":"https://fd9-photos.leclercdrive.fr/image.ashx?id=2458745&use=l&cat=p&typeid=i","cat":291525},{"id":76802,"n":"Biscuits cacao Kinder Cards Au lait et au cacao x5 - 128g","p":1.86,"u":"14,53 €/KG","img":"https://fd9-photos.leclercdrive.fr/image.ashx?id=2673328&use=l&cat=p&typeid=i","cat":284488},{"id":76859,"n":"Pâté de boeuf pour chat Eco+ Barquette - 100g","p":0.24,"u":"2,40 €/KG","img":"https://fd9-photos.leclercdrive.fr/image.ashx?id=2052724&use=l&cat=p&typeid=i","cat":285286},{"id":76861,"n":"Pâté au poisson pour chat Eco+ Barquette - 100g","p":0.24,"u":"2,40 €/KG","img":"https://fd9-photos.leclercdrive.fr/image.ashx?id=2052742&use=l&cat=p&typeid=i","cat":285286},{"id":76864,"n":"Gelée Bonne Maman Mûres - 370g","p":2.57,"u":"6,95 €/KG","img":"https://fd9-photos.leclercdrive.fr/image.ashx?id=2476305&use=l&cat=p&typeid=i","cat":284480},{"id":76875,"n":"Confiture Bonne Maman Fraise intense - 335g","p":1.95,"u":"5,82 €/KG","img":"https://fd9-photos.leclercdrive.fr/image.ashx?id=2341008&use=l&cat=p&typeid=i","cat":284480},{"id":76877,"n":"Confiture Bonne Maman Framboise intense - 335g","p":2.6,"u":"7,76 €/KG","img":"https://fd9-photos.leclercdrive.fr/image.ashx?id=2341017&use=l&cat=p&typeid=i","cat":284480},{"id":76888,"n":"Compotes Pom'Potes Gourdes  Multivariétés - 12x90g","p":4.92,"u":"4,56 €/KG","img":"https://fd9-photos.leclercdrive.fr/image.ashx?id=2986143&use=l&cat=p&typeid=i","cat":284508},{"id":76889,"n":"Compotes Pom'Potes Gourdes  Pomme Nature - 20x90g","p":7.25,"u":"4,03 €/KG","img":"https://fd9-photos.leclercdrive.fr/image.ashx?id=2889220&use=l&cat=p&typeid=i","cat":284508},{"id":76893,"n":"Gousse vanille bourbon Vahiné De Madagascar Bio - x1","p":5.29,"img":"https://fd9-photos.leclercdrive.fr/image.ashx?id=2559847&use=l&cat=p&typeid=i","cat":284504},{"id":76895,"n":"Lait croissance Bio Guigoz En poudre - dès 12 mois - 800g","p":15.13,"u":"18,91 €/KG","img":"https://fd9-photos.leclercdrive.fr/image.ashx?id=2740289&use=l&cat=p&typeid=i","cat":290219},{"id":77008,"n":"Petits pains grillés Epi d'Or Briochés - 225g","p":1.45,"u":"6,44 €/KG","img":"https://fd9-photos.leclercdrive.fr/image.ashx?id=2496416&use=l&cat=p&typeid=i","cat":284479},{"id":77017,"n":"Vinaigrette Maille Huile sésame/soja - 36cl","p":2.91,"u":"8,08 €/L","img":"https://fd9-photos.leclercdrive.fr/image.ashx?id=2985657&use=l&cat=p&typeid=i","cat":284456},{"id":77236,"n":"Liniment bébé bio SoBio Etic Oléo-calcaire - 500ml","p":8.88,"u":"17,76 €/L","img":"https://fd9-photos.leclercdrive.fr/image.ashx?id=2494758&use=l&cat=p&typeid=i","cat":284741},{"id":77289,"n":"Friandises chats  Félix Poulet, foie, dinde  - 200g","p":2.38,"u":"11,90 €/KG","img":"https://fd9-photos.leclercdrive.fr/image.ashx?id=2740859&use=l&cat=p&typeid=i","cat":285285},{"id":77335,"n":"Lait frais demi-écrémé bio Bio Village Bouteille - 1L","p":1.95,"u":"1,95 €/L","img":"https://fd9-photos.leclercdrive.fr/image.ashx?id=2969872&use=l&cat=p&typeid=i","cat":284377},{"id":77336,"n":"St nectaire laitier NRT AOP  300g","p":4.28,"u":"14,27 €/KG","img":"https://fd9-photos.leclercdrive.fr/image.ashx?id=2143359&use=l&cat=p&typeid=i","cat":329184},{"id":77359,"n":"Ravioli pur boeuf Côté Table Sauce italienne - 800g","p":2.19,"u":"2,74 €/KG","img":"https://fd9-photos.leclercdrive.fr/image.ashx?id=3015102&use=l&cat=p&typeid=i","cat":284442},{"id":77360,"n":"Ravioli bolognaise Côté Table 800g","p":2.89,"u":"3,61 €/KG","img":"https://fd9-photos.leclercdrive.fr/image.ashx?id=3015099&use=l&cat=p&typeid=i","cat":284442},{"id":77465,"n":"Fromages râpé spécial Pizza Les Croisés familial - 350g","p":3.94,"u":"11,26 €/KG","img":"https://fd9-photos.leclercdrive.fr/image.ashx?id=2942795&use=l&cat=p&typeid=i","cat":314035},{"id":77504,"n":"Kit pour Fajitas Old El Paso Original - 500g","p":4.79,"u":"9,58 €/KG","img":"https://fd9-photos.leclercdrive.fr/image.ashx?id=2759709&use=l&cat=p&typeid=i","cat":288993},{"id":77506,"n":"Kit pour Fajitas Old El Paso Sans piment - 478g","p":4.51,"u":"9,44 €/KG","img":"https://fd9-photos.leclercdrive.fr/image.ashx?id=2759712&use=l&cat=p&typeid=i","cat":288993},{"id":77562,"n":"AOC Champagne de Cazanove Réserve brut - 75cl","p":18.9,"u":"25,20 €/L","img":"https://fd9-photos.leclercdrive.fr/image.ashx?id=2106814&use=l&cat=p&typeid=i","cat":284542},{"id":77681,"n":"Amandes décortiquées Vahiné 125g","p":3.85,"u":"30,80 €/KG","img":"https://fd9-photos.leclercdrive.fr/image.ashx?id=2559805&use=l&cat=p&typeid=i","cat":284504},{"id":77683,"n":"Gousses vanille Vahiné x2","p":6.56,"u":"3,28 €/P","img":"https://fd9-photos.leclercdrive.fr/image.ashx?id=2524317&use=l&cat=p&typeid=i","cat":284504},{"id":77696,"n":"Yaourt brassé myrtille Soignon Au lait de chèvre - 4x125g","p":2.75,"u":"5,50 €/KG","img":"https://fd9-photos.leclercdrive.fr/image.ashx?id=2518259&use=l&cat=p&typeid=i","cat":314998},{"id":77731,"n":"Pâte à sucre Vahiné 250g","p":3.33,"u":"13,32 €/KG","img":"https://fd9-photos.leclercdrive.fr/image.ashx?id=2559874&use=l&cat=p&typeid=i","cat":284504},{"id":77739,"n":"Crème sans rinçage Elsève Cheveu Abimé, Cassant - 200ml","p":5.28,"u":"26,40 €/L","img":"https://fd9-photos.leclercdrive.fr/image.ashx?id=2948980&use=l&cat=p&typeid=i","cat":284608},{"id":77755,"n":"Vinaigrette Légère MAILLE Vin Rouge & Echalotes - 36cl","p":2.45,"u":"6,81 €/L","img":"https://fd9-photos.leclercdrive.fr/image.ashx?id=2788154&use=l&cat=p&typeid=i","cat":284456},{"id":77811,"n":"Roll-On EasyWax Expert Veet Appareil + Recharge Cire 50ml","p":13.02,"img":"https://fd9-photos.leclercdrive.fr/image.ashx?id=2854345&use=l&cat=p&typeid=i","cat":325351},{"id":77868,"n":"Rasoirs jetables Bic Flex3 Comfort - x6","p":5.89,"u":"0,98 €/P","img":"https://fd9-photos.leclercdrive.fr/image.ashx?id=2235236&use=l&cat=p&typeid=i","cat":284616},{"id":77882,"n":"Houmous L'Atelier Blini Extra au citron - 175g","p":2.77,"u":"15,83 €/KG","img":"https://fd9-photos.leclercdrive.fr/image.ashx?id=2868984&use=l&cat=p&typeid=i","cat":315999},{"id":77890,"n":"Cake fourré fraise  Sans Gluten - x6 - 210g","p":3.01,"u":"14,33 €/KG","img":"https://fd9-photos.leclercdrive.fr/image.ashx?id=2568828&use=l&cat=p&typeid=i","cat":318654},{"id":77946,"n":"Soin visage L'Oréal Paris Revitalift anti-âge - 50ml","p":14.07,"u":"281,40 €/L","img":"https://fd9-photos.leclercdrive.fr/image.ashx?id=2867527&use=l&cat=p&typeid=i","cat":325345},{"id":77950,"n":"Yaourt Délisse Déli'max Fraise banane - 850g","p":1.45,"u":"1,71 €/KG","img":"https://fd9-photos.leclercdrive.fr/image.ashx?id=2775893&use=l&cat=p&typeid=i","cat":284415},{"id":77976,"n":"Beurre Grand Fermage Doux - 82% MG - 250g","p":2.62,"u":"10,48 €/KG","img":"https://fd9-photos.leclercdrive.fr/image.ashx?id=2985207&use=l&cat=p&typeid=i","cat":284379},{"id":77979,"n":"Beurre AOP Isigny Ste Mère Doux  - 82% MG - 250g","p":2.98,"u":"11,92 €/KG","img":"https://fd9-photos.leclercdrive.fr/image.ashx?id=2578127&use=l&cat=p&typeid=i","cat":284379},{"id":77998,"n":"Yaourt Mini max Délisse Framboise - 8x100g","p":2.21,"u":"2,76 €/KG","img":"https://fd9-photos.leclercdrive.fr/image.ashx?id=2762507&use=l&cat=p&typeid=i","cat":284415},{"id":78057,"n":"Pain de mie nature Sans gluten - 300g","p":2.72,"u":"9,07 €/KG","img":"https://fd9-photos.leclercdrive.fr/image.ashx?id=2710828&use=l&cat=p&typeid=i","cat":284477},{"id":78060,"n":"Spaghetti Chaque Jour  Sans gluten - 400g","p":1.6,"u":"4,00 €/KG","img":"https://fd9-photos.leclercdrive.fr/image.ashx?id=2872712&use=l&cat=p&typeid=i","cat":284427},{"id":78098,"n":"Sauce Épicée TABASCO Piment Rouge - 60ml","p":2.38,"u":"39,67 €/L","img":"https://fd9-photos.leclercdrive.fr/image.ashx?id=2961317&use=l&cat=p&typeid=i","cat":298298},{"id":78105,"n":"Capsules café L'Or Espresso Splendente N°7 x10","p":3.09,"u":"59,42 €/KG","img":"https://fd9-photos.leclercdrive.fr/image.ashx?id=3000465&use=l&cat=p&typeid=i","cat":284749},{"id":78107,"n":"Capsules café L'Or Espresso Decaffeinato N°6 x10","p":3.17,"u":"60,96 €/KG","img":"https://fd9-photos.leclercdrive.fr/image.ashx?id=2100275&use=l&cat=p&typeid=i","cat":284749},{"id":78108,"n":"Capsules café L'Or Espresso Or Absolu N°9 x10","p":3.63,"u":"69,81 €/KG","img":"https://fd9-photos.leclercdrive.fr/image.ashx?id=2100287&use=l&cat=p&typeid=i","cat":284749},{"id":78131,"n":"Penne Chaque Jour  Sans gluten - 400g","p":1.62,"u":"4,05 €/KG","img":"https://fd9-photos.leclercdrive.fr/image.ashx?id=2866247&use=l&cat=p&typeid=i","cat":284427},{"id":78135,"n":"Safran filament Ducros 0.35g","p":5.69,"img":"https://fd9-photos.leclercdrive.fr/image.ashx?id=2474296&use=l&cat=p&typeid=i","cat":298297},{"id":78137,"n":"Coquillettes Chaque Jour  Sans gluten - 400g","p":1.57,"u":"3,93 €/KG","img":"https://fd9-photos.leclercdrive.fr/image.ashx?id=2872715&use=l&cat=p&typeid=i","cat":284427},{"id":78154,"n":"Fusilli Chaque Jour  Sans gluten - 400g","p":1.75,"u":"4,38 €/KG","img":"https://fd9-photos.leclercdrive.fr/image.ashx?id=2885774&use=l&cat=p&typeid=i","cat":284427},{"id":78159,"n":"Barres céréales chocolat Chaque jour sans gluten - 132g","p":3.56,"u":"26,97 €/KG","img":"https://fd9-photos.leclercdrive.fr/image.ashx?id=2764395&use=l&cat=p&typeid=i","cat":318654},{"id":78160,"n":"Petits cookies Bonne Maman Pépites de chocolat - 250g","p":2.43,"u":"9,72 €/KG","img":"https://fd9-photos.leclercdrive.fr/image.ashx?id=2936170&use=l&cat=p&typeid=i","cat":325066},{"id":78176,"n":"Mini cônes Extrême Vanille Chocolat x8 - 312g","p":3.58,"u":"11,47 €/KG","img":"https://fd9-photos.leclercdrive.fr/image.ashx?id=2737030&use=l&cat=p&typeid=i","cat":284264},{"id":78177,"n":"Glace Extrême mini Vanille/pecan/cookie - 8x39g","p":4.05,"u":"12,98 €/KG","img":"https://fd9-photos.leclercdrive.fr/image.ashx?id=2346485&use=l&cat=p&typeid=i","cat":284264},{"id":78192,"n":"Pizza extrème Marie L'américaine - 530g","p":4.0,"u":"7,55 €/KG","img":"https://fd9-photos.leclercdrive.fr/image.ashx?id=2996767&use=l&cat=p&typeid=i","cat":284256},{"id":78204,"n":"Biscuits Palmito LU 100g","p":0.83,"u":"8,30 €/KG","img":"https://fd9-photos.leclercdrive.fr/image.ashx?id=3001949&use=l&cat=p&typeid=i","cat":284487},{"id":78546,"n":"Ravioli bolognaise Côté Table 400g","p":1.99,"u":"4,98 €/KG","img":"https://fd9-photos.leclercdrive.fr/image.ashx?id=3014275&use=l&cat=p&typeid=i","cat":284442},{"id":78577,"n":"Gaufrettes Brun  Chocolat - 146g","p":0.92,"u":"6,30 €/KG","img":"https://fd9-photos.leclercdrive.fr/image.ashx?id=2842543&use=l&cat=p&typeid=i","cat":284487},{"id":78594,"n":"Biscuits croquants Délichoc Chocolat noir - 150g","p":1.51,"u":"10,07 €/KG","img":"https://fd9-photos.leclercdrive.fr/image.ashx?id=2956307&use=l&cat=p&typeid=i","cat":284488},{"id":78618,"n":"Assiettes en carton Eco+ x100","p":3.33,"img":"https://fd9-photos.leclercdrive.fr/image.ashx?id=1307672&use=l&cat=p&typeid=i","cat":334134},{"id":78625,"n":"4 attaches adéhsives Eco+ Pour rideaux","p":1.29,"u":"0,32 €/P","img":"https://fd9-photos.leclercdrive.fr/image.ashx?id=1308197&use=l&cat=p&typeid=i","cat":335909},{"id":78628,"n":"Serviettes blanches Homeside x30 - 38cmx38cm - 2 plis","p":1.31,"u":"0,04 €/P","img":"https://fd9-photos.leclercdrive.fr/image.ashx?id=1659693&use=l&cat=p&typeid=i","cat":334134},{"id":78639,"n":"Colle PVC 125ml","p":3.5,"u":"28,00 €/L","img":"https://fd9-photos.leclercdrive.fr/image.ashx?id=1308209&use=l&cat=p&typeid=i","cat":300576},{"id":78648,"n":"Coffret vissage Eco+ 47p","p":9.99,"u":"0,21 €/P","img":"https://fd9-photos.leclercdrive.fr/image.ashx?id=1308191&use=l&cat=p&typeid=i","cat":300576},{"id":78676,"n":"Champagne Rosé Tsarine 75cl","p":30.91,"u":"41,21 €/L","img":"https://fd9-photos.leclercdrive.fr/image.ashx?id=2748479&use=l&cat=p&typeid=i","cat":284542},{"id":78680,"n":"Champagne brut demie Rothschild 37.5cl","p":13.53,"u":"36,08 €/L","img":"https://fd9-photos.leclercdrive.fr/image.ashx?id=2686603&use=l&cat=p&typeid=i","cat":284542},{"id":78714,"n":"Mayonnaise Eco+ Flacon souple - 450g","p":1.27,"u":"2,82 €/KG","img":"https://fd9-photos.leclercdrive.fr/image.ashx?id=1293846&use=l&cat=p&typeid=i","cat":298295},{"id":78715,"n":"Gaufrettes vanille Eco+ 190g","p":0.69,"u":"3,63 €/KG","img":"https://fd9-photos.leclercdrive.fr/image.ashx?id=2760786&use=l&cat=p&typeid=i","cat":284487},{"id":78716,"n":"Gaufrettes chocolat Eco+ 190g","p":0.69,"u":"3,63 €/KG","img":"https://fd9-photos.leclercdrive.fr/image.ashx?id=2843036&use=l&cat=p&typeid=i","cat":284487},{"id":78717,"n":"Brioche tranchée Eco+ Nature - 500g","p":1.19,"u":"2,38 €/KG","img":"https://fd9-photos.leclercdrive.fr/image.ashx?id=1521024&use=l&cat=p&typeid=i","cat":284478},{"id":78719,"n":"Goûter fourré rond Eco+ Vanille - 500g","p":1.43,"u":"2,86 €/KG","img":"https://fd9-photos.leclercdrive.fr/image.ashx?id=3014341&use=l&cat=p&typeid=i","cat":284489},{"id":78722,"n":"Tartelettes à l'abricot Eco+ x12 - 200g","p":0.8,"u":"4,00 €/KG","img":"https://fd9-photos.leclercdrive.fr/image.ashx?id=2869754&use=l&cat=p&typeid=i","cat":284489},{"id":78723,"n":"Petits beurre Eco+ x24 - 175g","p":0.58,"u":"3,31 €/KG","img":"https://fd9-photos.leclercdrive.fr/image.ashx?id=2758782&use=l&cat=p&typeid=i","cat":284487},{"id":78725,"n":"Génoises fourrées orange Eco+ 300g","p":1.5,"u":"5,00 €/KG","img":"https://fd9-photos.leclercdrive.fr/image.ashx?id=2768445&use=l&cat=p&typeid=i","cat":284489},{"id":78726,"n":"Biscuits petit déjeuner Eco+ x25 - 350g","p":0.73,"u":"2,09 €/KG","img":"https://fd9-photos.leclercdrive.fr/image.ashx?id=2550821&use=l&cat=p&typeid=i","cat":284491},{"id":78728,"n":"Goûter fourré Eco+ Chocolat - 300g","p":1.07,"u":"3,57 €/KG","img":"https://fd9-photos.leclercdrive.fr/image.ashx?id=2775884&use=l&cat=p&typeid=i","cat":284488},{"id":78729,"n":"Biscuits sablés Sprits Eco+ 400g","p":1.14,"u":"2,85 €/KG","img":"https://fd9-photos.leclercdrive.fr/image.ashx?id=2047823&use=l&cat=p&typeid=i","cat":284487},{"id":78732,"n":"Guacamole Old El Paso Doux - 320g","p":2.31,"u":"7,22 €/KG","img":"https://fd9-photos.leclercdrive.fr/image.ashx?id=2737612&use=l&cat=p&typeid=i","cat":288993},{"id":78734,"n":"Boisson gourmande PAGO Red ACE Orange sang carotte ctrn - 75cl","p":1.83,"u":"2,44 €/L","img":"https://fd9-photos.leclercdrive.fr/image.ashx?id=2861234&use=l&cat=p&typeid=i","cat":284915},{"id":78737,"n":"Petit beurre Schar Sans gluten - 165g","p":2.74,"u":"16,61 €/KG","img":"https://fd9-photos.leclercdrive.fr/image.ashx?id=2137072&use=l&cat=p&typeid=i","cat":318654},{"id":78742,"n":"Pain campagnard Schar Aux graines sans gluten - 250g","p":3.34,"u":"13,36 €/KG","img":"https://fd9-photos.leclercdrive.fr/image.ashx?id=2139874&use=l&cat=p&typeid=i","cat":325069},{"id":78744,"n":"Pain de mie Schär - Classic Sans gluten - 300g","p":3.48,"u":"11,60 €/KG","img":"https://fd9-photos.leclercdrive.fr/image.ashx?id=2659418&use=l&cat=p&typeid=i","cat":318654},{"id":78773,"n":"Tablette de chocolat noir Lindt Noir 78% cacao - 100g","p":2.42,"u":"24,20 €/KG","img":"https://fd9-photos.leclercdrive.fr/image.ashx?id=2689481&use=l&cat=p&typeid=i","cat":284956},{"id":78837,"n":"Fromage blanc Danone Nature 3%MG - 825g","p":2.9,"u":"3,52 €/KG","img":"https://fd9-photos.leclercdrive.fr/image.ashx?id=2813878&use=l&cat=p&typeid=i","cat":284409},{"id":78937,"n":"Knacki végétal Herta x6 - 210g","p":2.33,"u":"11,10 €/KG","img":"https://fd9-photos.leclercdrive.fr/image.ashx?id=2992323&use=l&cat=p&typeid=i","cat":316036},{"id":78948,"n":"Mouchoirs Ultra Lotus Blanc boîte - x72","p":1.7,"u":"0,02 €/P","img":"https://fd9-photos.leclercdrive.fr/image.ashx?id=2609300&use=l&cat=p&typeid=i","cat":284638},{"id":78953,"n":"Savon solide Bionaïa Abricot bio - 100g","p":1.39,"u":"13,90 €/KG","img":"https://fd9-photos.leclercdrive.fr/image.ashx?id=2331324&use=l&cat=p&typeid=i","cat":284597},{"id":78960,"n":"Mini viennois Côté Snack Poulet - 130g","p":1.42,"u":"10,92 €/KG","img":"https://fd9-photos.leclercdrive.fr/image.ashx?id=2898254&use=l&cat=p&typeid=i","cat":333658},{"id":78970,"n":"Ravioli emmental Bio Village Bio Basilic - 250g","p":2.99,"u":"11,96 €/KG","img":"https://fd9-photos.leclercdrive.fr/image.ashx?id=2843611&use=l&cat=p&typeid=i","cat":333682},{"id":79016,"n":"Galette boulgour Céréal Bio  Bio tomate parmesan x2 200G","p":2.33,"u":"11,65 €/KG","img":"https://fd9-photos.leclercdrive.fr/image.ashx?id=2573519&use=l&cat=p&typeid=i","cat":284953},{"id":79019,"n":"Galettes bio Céréal Bio  Rroquefort, figues - 2x200g","p":2.33,"u":"11,65 €/KG","img":"https://fd9-photos.leclercdrive.fr/image.ashx?id=2573522&use=l&cat=p&typeid=i","cat":284953},{"id":79068,"n":"IGP Côte des roses Rosé Languedoc Roussillon 13% - 75cl","p":7.06,"u":"9,41 €/L","img":"https://fd9-photos.leclercdrive.fr/image.ashx?id=2505528&use=l&cat=p&typeid=i","cat":289558},{"id":79092,"n":"Adoucissant peaux sensibles 40 lavages - 750 ml - UNI VERT","p":1.78,"u":"2,37 €/L","img":"https://fd9-photos.leclercdrive.fr/image.ashx?id=2893334&use=l&cat=p&typeid=i","cat":284650},{"id":79181,"n":"Huile lavante Mots d'Enfants Bébé - 250ml","p":1.24,"u":"4,96 €/L","img":"https://fd9-photos.leclercdrive.fr/image.ashx?id=2485092&use=l&cat=p&typeid=i","cat":284741},{"id":79221,"n":"Petit pot bébé bio Blédina 6m  Légumes poulet - 2x200g","p":2.83,"u":"7,08 €/KG","img":"https://fd9-photos.leclercdrive.fr/image.ashx?id=2951578&use=l&cat=p&typeid=i","cat":312236},{"id":79243,"n":"Petit pot bébé bio Blédina 4-6m Patate douce - 2x130g","p":1.91,"u":"7,35 €/KG","img":"https://fd9-photos.leclercdrive.fr/image.ashx?id=2848581&use=l&cat=p&typeid=i","cat":312234},{"id":79252,"n":"Compote bébé bio Blédina 6 mois Pomme banane kiwi - 2x130g","p":2.49,"u":"9,58 €/KG","img":"https://fd9-photos.leclercdrive.fr/image.ashx?id=2848560&use=l&cat=p&typeid=i","cat":312388},{"id":79260,"n":"Compote bébé bio Blédina 6 mois Pomme banane nectarine - 2x130g","p":2.05,"u":"7,88 €/KG","img":"https://fd9-photos.leclercdrive.fr/image.ashx?id=2848572&use=l&cat=p&typeid=i","cat":312388},{"id":79311,"n":"Après-Shampooing Sobio Etic Lait d'amande Bio - 200ml","p":4.24,"u":"21,20 €/L","img":"https://fd9-photos.leclercdrive.fr/image.ashx?id=2787065&use=l&cat=p&typeid=i","cat":284607},{"id":79323,"n":"Shampooing Bio Sobio Etic Cheveux nourris - 250ml","p":3.75,"u":"15,00 €/L","img":"https://fd9-photos.leclercdrive.fr/image.ashx?id=2792681&use=l&cat=p&typeid=i","cat":284606},{"id":79404,"n":"P'tit max Délisse Vanille - 6x180g","p":2.03,"u":"1,88 €/KG","img":"https://fd9-photos.leclercdrive.fr/image.ashx?id=2757933&use=l&cat=p&typeid=i","cat":284415},{"id":79406,"n":"P'tit max Délisse Framboise - 6x180g","p":2.03,"u":"1,88 €/KG","img":"https://fd9-photos.leclercdrive.fr/image.ashx?id=2757936&use=l&cat=p&typeid=i","cat":284415},{"id":79528,"n":"Nouilles Tables du Monde Asiatiques Boeuf cup - 61.5g","p":0.74,"u":"11,94 €/KG","img":"https://fd9-photos.leclercdrive.fr/image.ashx?id=1297258&use=l&cat=p&typeid=i","cat":288992},{"id":79532,"n":"Nouilles Table du Monde Asiatiques Curry cup - 61.5g","p":0.79,"u":"12,74 €/KG","img":"https://fd9-photos.leclercdrive.fr/image.ashx?id=1297264&use=l&cat=p&typeid=i","cat":288992},{"id":79534,"n":"Nouilles Tables du Monde Asiatiques crevette cup - 61.5g","p":0.74,"u":"11,94 €/KG","img":"https://fd9-photos.leclercdrive.fr/image.ashx?id=2920208&use=l&cat=p&typeid=i","cat":288992},{"id":79545,"n":"Pâtes Collezione Barilla Tortellini jambon fromage -250g","p":2.55,"u":"10,20 €/KG","img":"https://fd9-photos.leclercdrive.fr/image.ashx?id=2588624&use=l&cat=p&typeid=i","cat":284427},{"id":79556,"n":"Couscous parfumé Tipiak Epice - 510g","p":2.0,"u":"3,92 €/KG","img":"https://fd9-photos.leclercdrive.fr/image.ashx?id=2882866&use=l&cat=p&typeid=i","cat":284429},{"id":79624,"n":"Barre de céréales Nature Valley Crunchy avoine chocolat x5-210g","p":2.47,"u":"11,76 €/KG","img":"https://fd9-photos.leclercdrive.fr/image.ashx?id=2844475&use=l&cat=p&typeid=i","cat":285869},{"id":79625,"n":"Barre de céréales Nature Valley  Sweet & Salty chocolat x5-150g","p":2.81,"u":"18,73 €/KG","img":"https://fd9-photos.leclercdrive.fr/image.ashx?id=2737714&use=l&cat=p&typeid=i","cat":285869},{"id":79670,"n":"Eau de toilette Vanderbilt  Gloria - 30ml","p":14.29,"pp":10.0,"u":"333,33 €/L","img":"https://fd9-photos.leclercdrive.fr/image.ashx?id=2848908&use=l&cat=p&typeid=i","cat":291525},{"id":79788,"n":"Cahier Oxford Openflex 96p Jaune - 17x22 cm","p":1.25,"img":"https://fd9-photos.leclercdrive.fr/image.ashx?id=1409904&use=l&cat=p&typeid=i","cat":284697},{"id":79791,"n":"Cahier Openflex Oxford 96 pages Rouge - 17x22cm","p":1.25,"img":"https://fd9-photos.leclercdrive.fr/image.ashx?id=1409910&use=l&cat=p&typeid=i","cat":284697},{"id":79795,"n":"Cahier Openflex Oxford 96pages Bleu clair - 17x22cm","p":1.25,"img":"https://fd9-photos.leclercdrive.fr/image.ashx?id=1689390&use=l&cat=p&typeid=i","cat":284697},{"id":79832,"n":"Gourde bébé Good Goût Bio 4mois Prune - 120g","p":1.59,"u":"13,25 €/KG","img":"https://fd9-photos.leclercdrive.fr/image.ashx?id=2381270&use=l&cat=p&typeid=i","cat":312393},{"id":79833,"n":"Gourde bébé Good Goût Bio 6mois Purée de Pomme/Coing - 120g","p":1.49,"u":"12,42 €/KG","img":"https://fd9-photos.leclercdrive.fr/image.ashx?id=2736181&use=l&cat=p&typeid=i","cat":312393},{"id":79842,"n":"Champagne Alfred Rothschild Brut 12.5%vol - 75cl","p":46.45,"u":"61,93 €/L","img":"https://fd9-photos.leclercdrive.fr/image.ashx?id=1614081&use=l&cat=p&typeid=i","cat":284542},{"id":79940,"n":"Bière blonde Grimbergen 6,7° - 50cl canette","p":1.85,"u":"3,70 €/L","img":"https://fd9-photos.leclercdrive.fr/image.ashx?id=2605458&use=l&cat=p&typeid=i","cat":334853},{"id":79960,"n":"Joker Le Fruit Jus de pomme - 1L","p":1.87,"u":"1,87 €/L","img":"https://fd9-photos.leclercdrive.fr/image.ashx?id=2846601&use=l&cat=p&typeid=i","cat":284522},{"id":79966,"n":"Joker Pur Jus Engagé Orange sans pulpe - 1,5L","p":3.6,"u":"2,40 €/L","img":"https://fd9-photos.leclercdrive.fr/image.ashx?id=3001290&use=l&cat=p&typeid=i","cat":284521},{"id":79967,"n":"Joker Pur Jus Engagé Orange  avec pulpe - 1,5L","p":4.1,"u":"2,73 €/L","img":"https://fd9-photos.leclercdrive.fr/image.ashx?id=3008140&use=l&cat=p&typeid=i","cat":284521},{"id":79971,"n":"Boisson Citronnade Pulco Citron - 1L","p":2.0,"u":"2,00 €/L","img":"https://fd9-photos.leclercdrive.fr/image.ashx?id=2942263&use=l&cat=p&typeid=i","cat":295018},{"id":80026,"n":"Trieur à soufflet Exacompta Rouge foncé - 6 positions","p":5.63,"img":"https://fd9-photos.leclercdrive.fr/image.ashx?id=1410154&use=l&cat=p&typeid=i","cat":284745},{"id":80036,"n":"Protège-cahier Esquisse Vert - 21x29.7cm","p":0.95,"img":"https://fd9-photos.leclercdrive.fr/image.ashx?id=1455358&use=l&cat=p&typeid=i","cat":284745},{"id":80100,"n":"Graine de courge bio Happy Bio 250g","p":5.34,"u":"21,36 €/KG","img":"https://fd9-photos.leclercdrive.fr/image.ashx?id=2970993&use=l&cat=p&typeid=i","cat":323809},{"id":80114,"n":"Lait bébé Les récoltes bio croissance Blédina 10 mois 6x1l","p":14.2,"u":"2,37 €/L","img":"https://fd9-photos.leclercdrive.fr/image.ashx?id=2605440&use=l&cat=p&typeid=i","cat":284728},{"id":80128,"n":"Rosette de Lyon Saint-Azay 12 tranches - 100g","p":1.44,"u":"14,40 €/KG","img":"https://fd9-photos.leclercdrive.fr/image.ashx?id=2728264&use=l&cat=p&typeid=i","cat":316007},{"id":80130,"n":"Alèses absorbantes DryNites 78x88cm - x12","p":12.59,"u":"1,05 €/P","img":"https://fd9-photos.leclercdrive.fr/image.ashx?id=2883717&use=l&cat=p&typeid=i","cat":290633},{"id":80170,"n":"Pochettes A4 perforées Oxford  Lisse en polypropylène x50","p":2.9,"img":"https://fd9-photos.leclercdrive.fr/image.ashx?id=2896144&use=l&cat=p&typeid=i","cat":284745},{"id":80229,"n":"Graines de lin brun Bio Village Bio - 200g","p":1.99,"u":"9,95 €/KG","img":"https://fd9-photos.leclercdrive.fr/image.ashx?id=2699577&use=l&cat=p&typeid=i","cat":284357},{"id":80230,"n":"Graines de sésame Bio Village Bio - 200g","p":1.99,"u":"9,95 €/KG","img":"https://fd9-photos.leclercdrive.fr/image.ashx?id=2699586&use=l&cat=p&typeid=i","cat":284357},{"id":80231,"n":"Graines de courge bio Bio Village - 200g","p":3.09,"u":"15,45 €/KG","img":"https://fd9-photos.leclercdrive.fr/image.ashx?id=2699583&use=l&cat=p&typeid=i","cat":323809},{"id":80232,"n":"Graines Bio Village Bio - tournesol - 200g","p":1.59,"u":"7,95 €/KG","img":"https://fd9-photos.leclercdrive.fr/image.ashx?id=2699580&use=l&cat=p&typeid=i","cat":284357},{"id":80264,"n":"Joker Pur Jus Engagé  Multifruits - 2L","p":4.35,"u":"2,18 €/L","img":"https://fd9-photos.leclercdrive.fr/image.ashx?id=2846358&use=l&cat=p&typeid=i","cat":284917},{"id":80266,"n":"Joker Pur Jus Engagé Orange  sans Pulpe - 2L","p":6.14,"u":"3,07 €/L","img":"https://fd9-photos.leclercdrive.fr/image.ashx?id=2731186&use=l&cat=p&typeid=i","cat":284521},{"id":80302,"n":"Eau minérale naturelle Volvic 6x1,5L","p":3.04,"u":"0,34 €/L","img":"https://fd9-photos.leclercdrive.fr/image.ashx?id=2730244&use=l&cat=p&typeid=i","cat":284535},{"id":80305,"n":"Boisson aux fruits Oasis Tropical - 12x33cl","p":7.06,"u":"1,78 €/L","img":"https://fd9-photos.leclercdrive.fr/image.ashx?id=2880706&use=l&cat=p&typeid=i","cat":295018},{"id":80306,"n":"Soda Schweppes Saveur Agrumes -12x33cl","p":7.04,"u":"1,78 €/L","img":"https://fd9-photos.leclercdrive.fr/image.ashx?id=2852426&use=l&cat=p&typeid=i","cat":284532},{"id":80352,"n":"Cannelloni Côté Table  - 400g","p":2.07,"u":"5,18 €/KG","img":"https://fd9-photos.leclercdrive.fr/image.ashx?id=2977900&use=l&cat=p&typeid=i","cat":284442},{"id":80380,"n":"Tablette De Chocolat Poulain Noir Extra - 200g","p":2.11,"u":"10,55 €/KG","img":"https://fd9-photos.leclercdrive.fr/image.ashx?id=2890262&use=l&cat=p&typeid=i","cat":284956},{"id":80382,"n":"Tablette De Chocolat Poulain Noir Extra - 2x100g","p":2.47,"u":"12,35 €/KG","img":"https://fd9-photos.leclercdrive.fr/image.ashx?id=2867566&use=l&cat=p&typeid=i","cat":284956},{"id":80383,"n":"Tablette KINDER Chocolat Chocolat au Lait x12 - 150g","p":2.84,"u":"18,93 €/KG","img":"https://fd9-photos.leclercdrive.fr/image.ashx?id=1904474&use=l&cat=p&typeid=i","cat":284498},{"id":80386,"n":"Barres KINDER BUENO White  Chocolat Blanc x6 - 234g","p":4.19,"u":"17,91 €/KG","img":"https://fd9-photos.leclercdrive.fr/image.ashx?id=2679639&use=l&cat=p&typeid=i","cat":284498},{"id":80398,"n":"Eau Micellaire visage Nivea Peaux sensibles - 400ml","p":3.63,"u":"9,08 €/L","img":"https://fd9-photos.leclercdrive.fr/image.ashx?id=2800965&use=l&cat=p&typeid=i","cat":284603},{"id":80506,"n":"Bière bio Bio Village Blonde - 6x25cl","p":4.99,"u":"3,33 €/L","img":"https://fd9-photos.leclercdrive.fr/image.ashx?id=2900668&use=l&cat=p&typeid=i","cat":334873},{"id":80663,"n":"Soda Pepsi Cola - 5x1.5L + 1 offerte","p":5.9,"u":"0,66 €/L","img":"https://fd9-photos.leclercdrive.fr/image.ashx?id=2983324&use=l&cat=p&typeid=i","cat":284530},{"id":80841,"n":"Bouillon Cube Maggi Volaille - Degraissé - 120g","p":1.48,"u":"12,33 €/KG","img":"https://fd9-photos.leclercdrive.fr/image.ashx?id=2737087&use=l&cat=p&typeid=i","cat":288379},{"id":80927,"n":"Fromage chèvre chaud Soignon Nature - 21% MG - 4x25g","p":1.94,"u":"19,40 €/KG","img":"https://fd9-photos.leclercdrive.fr/image.ashx?id=2844951&use=l&cat=p&typeid=i","cat":314027},{"id":81188,"n":"Flan aromatisé vanille Flanby nappé de caramel - 12x100g","p":2.6,"u":"2,17 €/KG","img":"https://fd9-photos.leclercdrive.fr/image.ashx?id=2744584&use=l&cat=p&typeid=i","cat":284420},{"id":81193,"n":"Compotes Douceur du Verger Pomme Châtaigne - 4x100g","p":1.46,"u":"3,65 €/KG","img":"https://fd9-photos.leclercdrive.fr/image.ashx?id=2993304&use=l&cat=p&typeid=i","cat":284416},{"id":81196,"n":"Flan aromatisé vanille Flanby nappé de caramel - 6x100g","p":1.47,"u":"2,45 €/KG","img":"https://fd9-photos.leclercdrive.fr/image.ashx?id=2483786&use=l&cat=p&typeid=i","cat":284420},{"id":81222,"n":"Pizza La pizz Sodebo Chorizo - 470g","p":3.44,"u":"7,32 €/KG","img":"https://fd9-photos.leclercdrive.fr/image.ashx?id=2868389&use=l&cat=p&typeid=i","cat":333679},{"id":81236,"n":"Fromage à tartiner Boursin Ail et fines herbes 10 portions","p":2.38,"u":"14,88 €/KG","img":"https://fd9-photos.leclercdrive.fr/image.ashx?id=2964682&use=l&cat=p&typeid=i","cat":314029},{"id":81250,"n":"Bière blonde Grimbergen 6,7° - 20x25cl","p":13.62,"u":"2,72 €/L","img":"https://fd9-photos.leclercdrive.fr/image.ashx?id=2294791&use=l&cat=p&typeid=i","cat":334852},{"id":81254,"n":"Bière blonde Grimbergen 6,7° - 12x25cl","p":8.77,"u":"2,92 €/L","img":"https://fd9-photos.leclercdrive.fr/image.ashx?id=2872865&use=l&cat=p&typeid=i","cat":334852},{"id":81268,"n":"Bière blonde Grimbergen 6,7° - 6x25cl","p":4.95,"u":"3,30 €/L","img":"https://fd9-photos.leclercdrive.fr/image.ashx?id=2294381&use=l&cat=p&typeid=i","cat":334852},{"id":81272,"n":"Vin mousseux brut blanc  Produit en Allemagne - 75cl","p":1.57,"u":"2,09 €/L","img":"https://fd9-photos.leclercdrive.fr/image.ashx?id=2720133&use=l&cat=p&typeid=i","cat":284544},{"id":81277,"n":"Vin mousseux demi-sec blanc  Produit en Allemagne - 75cl","p":1.59,"u":"2,12 €/L","img":"https://fd9-photos.leclercdrive.fr/image.ashx?id=2720130&use=l&cat=p&typeid=i","cat":284544},{"id":81278,"n":"Vinaigre IGP Toscoro Balsamique de Modène - 50cl","p":3.08,"u":"6,16 €/L","img":"https://fd9-photos.leclercdrive.fr/image.ashx?id=2758150&use=l&cat=p&typeid=i","cat":289010},{"id":81280,"n":"Fromage La Vache qui rit Toastinette nature 10 tranches","p":1.7,"u":"8,50 €/KG","img":"https://fd9-photos.leclercdrive.fr/image.ashx?id=2342776&use=l&cat=p&typeid=i","cat":314028},{"id":81291,"n":"Bière sans alcool Tourtel Twist Citron Vert Menthe 0,0° -6x27cl","p":3.97,"u":"2,41 €/L","img":"https://fd9-photos.leclercdrive.fr/image.ashx?id=2896567&use=l&cat=p&typeid=i","cat":334877},{"id":81316,"n":"Tablette KINDER Chocolat Chocolat au Lait x24 - 300g","p":4.23,"u":"14,10 €/KG","img":"https://fd9-photos.leclercdrive.fr/image.ashx?id=2868167&use=l&cat=p&typeid=i","cat":284498},{"id":81318,"n":"Bonbons KINDER Schoko-Bons Chocolat au lait - 500G","p":7.76,"u":"15,52 €/KG","img":"https://fd9-photos.leclercdrive.fr/image.ashx?id=2402925&use=l&cat=p&typeid=i","cat":304238},{"id":81322,"n":"Huile de Tournesol Eco+ 3L","p":4.89,"u":"1,63 €/L","img":"https://fd9-photos.leclercdrive.fr/image.ashx?id=3002506&use=l&cat=p&typeid=i","cat":284453},{"id":81323,"n":"Huile d'olive Bio Carapelli Extra-vierge - 75cl","p":11.99,"u":"15,99 €/L","img":"https://fd9-photos.leclercdrive.fr/image.ashx?id=2737447&use=l&cat=p&typeid=i","cat":284453},{"id":81330,"n":"Huile d'arachide Eco+ 1L","p":3.17,"u":"3,17 €/L","img":"https://fd9-photos.leclercdrive.fr/image.ashx?id=3002497&use=l&cat=p&typeid=i","cat":284453},{"id":81352,"n":"Dosettes Bio Village Bio Amérique latine  x36 - 252g","p":4.49,"u":"17,82 €/KG","img":"https://fd9-photos.leclercdrive.fr/image.ashx?id=3003070&use=l&cat=p&typeid=i","cat":293238},{"id":81354,"n":"Confiture Eco+ Abricot - 1kg","p":2.17,"u":"2,17 €/KG","img":"https://fd9-photos.leclercdrive.fr/image.ashx?id=2953194&use=l&cat=p&typeid=i","cat":284480},{"id":81371,"n":"Tartine de pain Pasquier Au blé complet - 240g","p":1.5,"u":"6,25 €/KG","img":"https://fd9-photos.leclercdrive.fr/image.ashx?id=2927339&use=l&cat=p&typeid=i","cat":284479},{"id":81374,"n":"Vodka Zubrowka Biala 37.5%vol - 1L","p":14.89,"u":"14,89 €/L","img":"https://fd9-photos.leclercdrive.fr/image.ashx?id=2955510&use=l&cat=p&typeid=i","cat":284550},{"id":81378,"n":"Bière Arômatisée Desquiles Rhum - 5.9%vol - 50cl","p":1.7,"u":"3,40 €/L","img":"https://fd9-photos.leclercdrive.fr/image.ashx?id=2865074&use=l&cat=p&typeid=i","cat":334853},{"id":81383,"n":"Rillettes du Mans La Véritable Bordeau Chesnel - 220g","p":2.15,"u":"9,77 €/KG","img":"https://fd9-photos.leclercdrive.fr/image.ashx?id=2763100&use=l&cat=p&typeid=i","cat":316008},{"id":81434,"n":"Tablette de chocolat Côte d'Or Chocolat Noir/Amandes - 4x180g","p":13.8,"u":"19,17 €/KG","img":"https://fd9-photos.leclercdrive.fr/image.ashx?id=2938028&use=l&cat=p&typeid=i","cat":284956},{"id":81462,"n":"Fromage Apéritif Apérivrais  Ail et Fines Herbes - 100g","p":2.08,"u":"20,80 €/KG","img":"https://fd9-photos.leclercdrive.fr/image.ashx?id=2854612&use=l&cat=p&typeid=i","cat":314027},{"id":81547,"n":"Capsules Nescafé Dolce Gusto  Cappuccino - x8 - 186g","p":4.51,"u":"24,25 €/KG","img":"https://fd9-photos.leclercdrive.fr/image.ashx?id=2838809&use=l&cat=p&typeid=i","cat":293239},{"id":81554,"n":"Riz au lait Bonne Maman Vanille Naturelle - 4x100g","p":2.29,"u":"5,73 €/KG","img":"https://fd9-photos.leclercdrive.fr/image.ashx?id=2619130&use=l&cat=p&typeid=i","cat":284418},{"id":81558,"n":"Pain de mie 100% Mie Harrys Nature petites tranches - 500g","p":1.71,"u":"3,42 €/KG","img":"https://fd9-photos.leclercdrive.fr/image.ashx?id=2517453&use=l&cat=p&typeid=i","cat":284477},{"id":81562,"n":"AOP Champagne Canard-Duchêne Rosé - 12%vol - 75cl","p":27.93,"u":"37,24 €/L","img":"https://fd9-photos.leclercdrive.fr/image.ashx?id=2757262&use=l&cat=p&typeid=i","cat":284542},{"id":81565,"n":"AOP Champagne Canard Duchêne Brut - 37.5cl","p":14.42,"u":"38,45 €/L","img":"https://fd9-photos.leclercdrive.fr/image.ashx?id=2104372&use=l&cat=p&typeid=i","cat":284542},{"id":81566,"n":"Fromage Raclette Burger Les Croisés 8 Tranches - 150g","p":1.23,"u":"8,20 €/KG","img":"https://fd9-photos.leclercdrive.fr/image.ashx?id=2396607&use=l&cat=p&typeid=i","cat":314028},{"id":81626,"n":"Seau oval à Serpillère  12L - x1","p":3.99,"img":"https://fd9-photos.leclercdrive.fr/image.ashx?id=1526171&use=l&cat=p&typeid=i","cat":284669},{"id":81768,"n":"Brioche tranchée La Boulangère Bio - 400g","p":2.26,"u":"5,65 €/KG","img":"https://fd9-photos.leclercdrive.fr/image.ashx?id=2912194&use=l&cat=p&typeid=i","cat":284478},{"id":81781,"n":"Thé noir Bio Ethiquable  Earl grey Darjeeling x20 - 36g","p":2.48,"u":"68,89 €/KG","img":"https://fd9-photos.leclercdrive.fr/image.ashx?id=2870836&use=l&cat=p&typeid=i","cat":293233},{"id":81890,"n":"Tablette chocolat au lait Milka Cacahuètes / Croquants - 2x90g","p":3.38,"u":"18,78 €/KG","img":"https://fd9-photos.leclercdrive.fr/image.ashx?id=2496338&use=l&cat=p&typeid=i","cat":284497},{"id":81909,"n":"Café moulu Grand Mère Familial - 250g","p":3.45,"u":"13,80 €/KG","img":"https://fd9-photos.leclercdrive.fr/image.ashx?id=1755046&use=l&cat=p&typeid=i","cat":284750},{"id":81967,"n":"Sauce Barbecue Halal Samia 350ml","p":2.06,"u":"5,89 €/L","img":"https://fd9-photos.leclercdrive.fr/image.ashx?id=2576961&use=l&cat=p&typeid=i","cat":318431},{"id":81972,"n":"Sauce Mayonnaise halal Samia 350ml","p":2.29,"u":"6,54 €/L","img":"https://fd9-photos.leclercdrive.fr/image.ashx?id=2291750&use=l&cat=p&typeid=i","cat":298295},{"id":81993,"n":"Butternut Bio Bio Village En cubes - 600g","p":1.99,"u":"3,32 €/KG","img":"https://fd9-photos.leclercdrive.fr/image.ashx?id=2898095&use=l&cat=p&typeid=i","cat":319805},{"id":82004,"n":"Mozzarella mini Galbani 150g","p":2.45,"u":"16,33 €/KG","img":"https://fd9-photos.leclercdrive.fr/image.ashx?id=2766586&use=l&cat=p&typeid=i","cat":314026},{"id":82148,"n":"Lardons fumés Supérieur Eco+ 2x100g","p":1.28,"u":"6,40 €/KG","img":"https://fd9-photos.leclercdrive.fr/image.ashx?id=2998895&use=l&cat=p&typeid=i","cat":316011},{"id":82149,"n":"lardons supérieurs ECO+ Nature - 2x100g","p":1.28,"u":"6,40 €/KG","img":"https://fd9-photos.leclercdrive.fr/image.ashx?id=2968655&use=l&cat=p&typeid=i","cat":316011},{"id":82152,"n":"Compote Andros Abricot Morceaux - 4x100g","p":2.26,"u":"5,65 €/KG","img":"https://fd9-photos.leclercdrive.fr/image.ashx?id=2853566&use=l&cat=p&typeid=i","cat":284416},{"id":82157,"n":"Dessert fruitier pêche Andros En morceaux - 4x100g","p":1.87,"u":"4,68 €/KG","img":"https://fd9-photos.leclercdrive.fr/image.ashx?id=2845470&use=l&cat=p&typeid=i","cat":284416},{"id":82166,"n":"Compotes Andros Pomme Fraise - 4x100g","p":1.49,"u":"3,73 €/KG","img":"https://fd9-photos.leclercdrive.fr/image.ashx?id=2915572&use=l&cat=p&typeid=i","cat":284416},{"id":82167,"n":"Compotes Andros Pomme Banane - 4x100g","p":1.52,"u":"3,80 €/KG","img":"https://fd9-photos.leclercdrive.fr/image.ashx?id=2883997&use=l&cat=p&typeid=i","cat":284416},{"id":82172,"n":"Mini cônes Extrême  Vanille Caramel x8 - 312g","p":4.29,"u":"13,75 €/KG","img":"https://fd9-photos.leclercdrive.fr/image.ashx?id=2737033&use=l&cat=p&typeid=i","cat":284264},{"id":82174,"n":"Extrême  Citron Framboise - 6x71g","p":3.79,"u":"8,90 €/KG","img":"https://fd9-photos.leclercdrive.fr/image.ashx?id=2866076&use=l&cat=p&typeid=i","cat":284264},{"id":82177,"n":"Bière blonde Duvel 8.5%vol - 75cl","p":4.21,"u":"5,61 €/L","img":"https://fd9-photos.leclercdrive.fr/image.ashx?id=2111139&use=l&cat=p&typeid=i","cat":334872},{"id":82179,"n":"Bière blonde 3 Monts 75cl","p":2.42,"u":"3,23 €/L","img":"https://fd9-photos.leclercdrive.fr/image.ashx?id=2550553&use=l&cat=p&typeid=i","cat":334852},{"id":82217,"n":"Gin Hendrick's 41.1%vol - 70cl","p":36.88,"u":"52,69 €/L","img":"https://fd9-photos.leclercdrive.fr/image.ashx?id=2225594&use=l&cat=p&typeid=i","cat":284550},{"id":82218,"n":"Emmental fromage rapé Les Croisés - 750g","p":5.98,"u":"7,97 €/KG","img":"https://fd9-photos.leclercdrive.fr/image.ashx?id=2900665&use=l&cat=p&typeid=i","cat":314035},{"id":82234,"n":"Liniment Corine de Farme Bio - 500ml","p":4.28,"u":"8,56 €/L","img":"https://fd9-photos.leclercdrive.fr/image.ashx?id=2424449&use=l&cat=p&typeid=i","cat":284741},{"id":82237,"n":"Rhum trois rivières Cuvée du  Moulin - 40%vol - 70cl","p":24.49,"u":"34,99 €/L","img":"https://fd9-photos.leclercdrive.fr/image.ashx?id=2844909&use=l&cat=p&typeid=i","cat":284550},{"id":82250,"n":"Thon au Naturel Petit Navire Démarche Responsable 140g","p":2.19,"u":"15,64 €/KG","img":"https://fd9-photos.leclercdrive.fr/image.ashx?id=2928360&use=l&cat=p&typeid=i","cat":303867},{"id":82251,"n":"Thon MSC Naturel Petit Navire Entier -  112g","p":3.13,"u":"27,95 €/KG","img":"https://fd9-photos.leclercdrive.fr/image.ashx?id=2928357&use=l&cat=p&typeid=i","cat":303867},{"id":82253,"n":"Biscuits Thé LU 350g","p":1.47,"u":"4,20 €/KG","img":"https://fd9-photos.leclercdrive.fr/image.ashx?id=2977738&use=l&cat=p&typeid=i","cat":284487},{"id":82265,"n":"Céréales Quaker Cruesli Chocolat - 450g","p":2.61,"u":"5,80 €/KG","img":"https://fd9-photos.leclercdrive.fr/image.ashx?id=2382791&use=l&cat=p&typeid=i","cat":309512},{"id":82266,"n":"Filet de sardines Saupiquet A l'huile d'olive - 100g","p":1.47,"u":"14,70 €/KG","img":"https://fd9-photos.leclercdrive.fr/image.ashx?id=2845347&use=l&cat=p&typeid=i","cat":305146},{"id":82267,"n":"Céréales Quaker Cruesli Chocolat au lait - 900g","p":5.05,"u":"5,61 €/KG","img":"https://fd9-photos.leclercdrive.fr/image.ashx?id=2212150&use=l&cat=p&typeid=i","cat":309512},{"id":82276,"n":"Sardines Huile PARMENTIER Tournesol 135g","p":1.52,"u":"11,26 €/KG","img":"https://fd9-photos.leclercdrive.fr/image.ashx?id=2989057&use=l&cat=p&typeid=i","cat":305146},{"id":82281,"n":"Boulettes de boeuf Eco+ x30 - 900g","p":6.96,"u":"7,73 €/KG","img":"https://fd9-photos.leclercdrive.fr/image.ashx?id=2966529&use=l&cat=p&typeid=i","cat":319779},{"id":82350,"n":"Frites fines McCain Côté Comptoir - 650g","p":2.72,"u":"4,18 €/KG","img":"https://fd9-photos.leclercdrive.fr/image.ashx?id=2693887&use=l&cat=p&typeid=i","cat":319791},{"id":82433,"n":"Cordons Bleus Côté Croc Poulet x4 - 400g","p":3.14,"u":"7,85 €/KG","img":"https://fd9-photos.leclercdrive.fr/image.ashx?id=2801052&use=l&cat=p&typeid=i","cat":333683},{"id":82452,"n":"Pruneaux d'Agen Maître Prunille IGP Dénoyautés - 500g","p":5.96,"u":"11,92 €/KG","img":"https://fd9-photos.leclercdrive.fr/image.ashx?id=2016023&use=l&cat=p&typeid=i","cat":284357},{"id":82520,"n":"Fromage Croque emmental Président - 12 tranches - 200g","p":1.74,"u":"8,70 €/KG","img":"https://fd9-photos.leclercdrive.fr/image.ashx?id=2446356&use=l&cat=p&typeid=i","cat":314028},{"id":82575,"n":"Bière ambrée La Goudale 7.2%vol - 6x25cl","p":5.27,"u":"3,51 €/L","img":"https://fd9-photos.leclercdrive.fr/image.ashx?id=2915521&use=l&cat=p&typeid=i","cat":334852},{"id":82638,"n":"Pizza Saumon  500g","p":8.5,"u":"17,00 €/KG","img":"https://fd9-photos.leclercdrive.fr/image.ashx?id=744654&use=l&cat=p&typeid=i","cat":333679},{"id":82647,"n":"Garniture :bouchées à la reine Petit Jean 2+1 offert - 3x400g","p":4.1,"u":"3,42 €/KG","img":"https://fd9-photos.leclercdrive.fr/image.ashx?id=2185286&use=l&cat=p&typeid=i","cat":284441},{"id":82663,"n":"Arrangé Rivière du Mât Banane Vanillé - 70cl - 35%vol","p":17.82,"pp":16.03,"u":"22,90 €/L","img":"https://fd9-photos.leclercdrive.fr/image.ashx?id=2731300&use=l&cat=p&typeid=i","cat":284551},{"id":82664,"n":"Arrangé Rivière du Mât Coco Torréfiée - 35%vol - 70cl","p":17.82,"pp":16.03,"u":"22,90 €/L","img":"https://fd9-photos.leclercdrive.fr/image.ashx?id=3002045&use=l&cat=p&typeid=i","cat":284551},{"id":82667,"n":"Yaourt aux fruits bifidus Activia poire - 4x125g","p":1.87,"u":"3,74 €/KG","img":"https://fd9-photos.leclercdrive.fr/image.ashx?id=2885330&use=l&cat=p&typeid=i","cat":315000},{"id":82669,"n":"Yaourt aux fruits bifidus Activia mangue - 4x125g","p":1.87,"u":"3,74 €/KG","img":"https://fd9-photos.leclercdrive.fr/image.ashx?id=2886642&use=l&cat=p&typeid=i","cat":315000},{"id":82677,"n":"yaourt aux fruits bifidus activia fraise - 4x125g","p":1.86,"u":"3,72 €/KG","img":"https://fd9-photos.leclercdrive.fr/image.ashx?id=2886627&use=l&cat=p&typeid=i","cat":315000},{"id":82679,"n":"yaourt aux fruits bifidus activia - 12x125g","p":4.73,"img":"https://fd9-photos.leclercdrive.fr/image.ashx?id=2741721&use=l&cat=p&typeid=i","cat":315000},{"id":82688,"n":"Brandade de Morue Tipiak 1.050kg","p":6.16,"u":"5,87 €/KG","img":"https://fd9-photos.leclercdrive.fr/image.ashx?id=2944023&use=l&cat=p&typeid=i","cat":284254},{"id":82717,"n":"Arrangé Rivière du Mât Ananas Caramélisé 35% vol 70cl","p":17.82,"pp":16.03,"u":"22,90 €/L","img":"https://fd9-photos.leclercdrive.fr/image.ashx?id=2731297&use=l&cat=p&typeid=i","cat":284551},{"id":82739,"n":"Poisson pané Croustibat Findus Petit trésor MSC - x15 - 450g","p":3.23,"u":"7,18 €/KG","img":"https://fd9-photos.leclercdrive.fr/image.ashx?id=3008758&use=l&cat=p&typeid=i","cat":319788},{"id":82745,"n":"Couches Activ+ Mots d'enfants  Taille 5 : 11/25kg - x35","p":12.99,"u":"0,37 €/P","img":"https://fd9-photos.leclercdrive.fr/image.ashx?id=2922424&use=l&cat=p&typeid=i","cat":284737},{"id":82746,"n":"Lames de rasoir Wilkinson Hydro Silk - x3","p":10.93,"u":"3,64 €/P","img":"https://fd9-photos.leclercdrive.fr/image.ashx?id=2830834&use=l&cat=p&typeid=i","cat":325352},{"id":82748,"n":"Couches Activ+ Mots d'enfants  Taille 4+ 9/20kg - x37 changes","p":12.99,"u":"0,35 €/P","img":"https://fd9-photos.leclercdrive.fr/image.ashx?id=2934742&use=l&cat=p&typeid=i","cat":284737},{"id":83107,"n":"Bière La G de Goudale 7.9% vol - 33cl","p":1.87,"u":"5,67 €/L","img":"https://fd9-photos.leclercdrive.fr/image.ashx?id=1736938&use=l&cat=p&typeid=i","cat":334872},{"id":83132,"n":"Boisson lactée Tous mes amis pour chats - 3x200ml","p":2.13,"u":"3,55 €/L","img":"https://fd9-photos.leclercdrive.fr/image.ashx?id=1944634&use=l&cat=p&typeid=i","cat":285285},{"id":83227,"n":"Nuggets de poulet Le Gaulois x10 - 200g","p":1.94,"u":"9,70 €/KG","img":"https://fd9-photos.leclercdrive.fr/image.ashx?id=2342818&use=l&cat=p&typeid=i","cat":333684},{"id":83348,"n":"Coloration permanente Vitanove Chatain cuivre","p":3.45,"img":"https://fd9-photos.leclercdrive.fr/image.ashx?id=2522521&use=l&cat=p&typeid=i","cat":288899},{"id":83377,"n":"Pâte à tartiner Karéléa Noisette sans sucre ajouté-400g","p":4.71,"u":"11,78 €/KG","img":"https://fd9-photos.leclercdrive.fr/image.ashx?id=2888013&use=l&cat=p&typeid=i","cat":284481},{"id":83382,"n":"Coeurs d'Artichauts Florelli A la paysanne - 280g","p":2.94,"u":"10,50 €/KG","img":"https://fd9-photos.leclercdrive.fr/image.ashx?id=2594533&use=l&cat=p&typeid=i","cat":289010},{"id":83429,"n":"AOP Côtes de Provence rosé H Haussmann - 75cl","p":7.4,"u":"9,87 €/L","img":"https://fd9-photos.leclercdrive.fr/image.ashx?id=2093535&use=l&cat=p&typeid=i","cat":289558},{"id":83474,"n":"Sauce pour pâtes Florelli Asperges tomates parmesan -190g","p":2.28,"u":"12,00 €/KG","img":"https://fd9-photos.leclercdrive.fr/image.ashx?id=3011665&use=l&cat=p&typeid=i","cat":289010},{"id":83476,"n":"Tapenade d'Olives vertes Les Tartinables Florelli 190g","p":2.18,"u":"11,47 €/KG","img":"https://fd9-photos.leclercdrive.fr/image.ashx?id=2904347&use=l&cat=p&typeid=i","cat":289010},{"id":83695,"n":"Vin d'Espagne rosé François d'Aubigné - 75cl","p":1.39,"u":"1,85 €/L","img":"https://fd9-photos.leclercdrive.fr/image.ashx?id=2747746&use=l&cat=p&typeid=i","cat":289558},{"id":83697,"n":"Vin d'Espagne blanc Sauvignon Bernard Cordelier - 75 cl","p":1.75,"u":"2,33 €/L","img":"https://fd9-photos.leclercdrive.fr/image.ashx?id=2487311&use=l&cat=p&typeid=i","cat":289557},{"id":83698,"n":"IGP Pays d'Oc Grenache vin rosé Vieux Carion 12.5% vol - 75cl","p":2.25,"u":"3,00 €/L","img":"https://fd9-photos.leclercdrive.fr/image.ashx?id=2722823&use=l&cat=p&typeid=i","cat":289558},{"id":83708,"n":"Arachides Seeberger Jumbo géantes - 500g","p":4.11,"u":"8,22 €/KG","img":"https://fd9-photos.leclercdrive.fr/image.ashx?id=2965265&use=l&cat=p&typeid=i","cat":284357},{"id":83739,"n":"Coeur neufchatel AOP 200g","p":2.99,"u":"14,95 €/KG","img":"https://fd9-photos.leclercdrive.fr/image.ashx?id=2022501&use=l&cat=p&typeid=i","cat":329558},{"id":83790,"n":"Desserts Lactés P'TIT BRASSE BIO Pomme Pêche 6M+ - 4x90g","p":2.05,"u":"5,69 €/KG","img":"https://fd9-photos.leclercdrive.fr/image.ashx?id=2670863&use=l&cat=p&typeid=i","cat":312392},{"id":83820,"n":"Chips Pom'Lisse  Saveur Chèvre miel - 135g","p":1.35,"u":"10,00 €/KG","img":"https://fd9-photos.leclercdrive.fr/image.ashx?id=2654474&use=l&cat=p&typeid=i","cat":284447},{"id":83951,"n":"IGP Pays d'Oc rouge Merlot J-P Chenet 13% vol BIB 3L","p":10.35,"u":"3,45 €/L","img":"https://fd9-photos.leclercdrive.fr/image.ashx?id=2941709&use=l&cat=p&typeid=i","cat":289560},{"id":83953,"n":"Vin d'Union Européenne rosé François D'Aubigné - 75 cl","p":1.46,"u":"1,95 €/L","img":"https://fd9-photos.leclercdrive.fr/image.ashx?id=2895756&use=l&cat=p&typeid=i","cat":289558},{"id":83974,"n":"IGP  Pays d'Hérault vin rosé Bernard Cordelier - 75cl","p":1.99,"u":"2,65 €/L","img":"https://fd9-photos.leclercdrive.fr/image.ashx?id=2891908&use=l&cat=p&typeid=i","cat":289558},{"id":83985,"n":"IGP Pays d'Oc rouge Merlot Grand Sud 13% vol - 1L","p":3.92,"u":"3,92 €/L","img":"https://fd9-photos.leclercdrive.fr/image.ashx?id=2941583&use=l&cat=p&typeid=i","cat":289556},{"id":83986,"n":"IGP Pays d'Oc rosé Merlot Grand Sud 12.5% vol - 1L","p":3.92,"u":"3,92 €/L","img":"https://fd9-photos.leclercdrive.fr/image.ashx?id=2941580&use=l&cat=p&typeid=i","cat":289558},{"id":84011,"n":"IGP  Pays d'Hérault vin rosé Bernard Cordelier - BIB 3L","p":5.99,"u":"2,00 €/L","img":"https://fd9-photos.leclercdrive.fr/image.ashx?id=2891911&use=l&cat=p&typeid=i","cat":289560},{"id":84013,"n":"AOC Ventoux vin rouge Bernard Cordelier - 75 cl","p":2.49,"u":"3,32 €/L","img":"https://fd9-photos.leclercdrive.fr/image.ashx?id=2498822&use=l&cat=p&typeid=i","cat":289556},{"id":84014,"n":"AOP Bordeaux vin blanc Bernard Cordelier - 75 cl","p":2.99,"u":"3,99 €/L","img":"https://fd9-photos.leclercdrive.fr/image.ashx?id=2776561&use=l&cat=p&typeid=i","cat":289557},{"id":84017,"n":"AOC Corbères vin rouge Bernard Cordelier - 75 cl","p":1.99,"u":"2,65 €/L","img":"https://fd9-photos.leclercdrive.fr/image.ashx?id=2747607&use=l&cat=p&typeid=i","cat":289556},{"id":84019,"n":"IGP  Pays d'Hérault vin rouge Bernard Cordelier - BIB 3L","p":5.99,"u":"2,00 €/L","img":"https://fd9-photos.leclercdrive.fr/image.ashx?id=2987473&use=l&cat=p&typeid=i","cat":289560},{"id":84020,"n":"IGP  Pays d'Hérault vin rouge Bernard Cordelier - 75cl","p":1.85,"u":"2,47 €/L","img":"https://fd9-photos.leclercdrive.fr/image.ashx?id=2804139&use=l&cat=p&typeid=i","cat":289556},{"id":84031,"n":"Maca-ginseng-gimgembre  Tonifiant sexuel - 40 comprimés","p":3.41,"u":"0,09 €/P","img":"https://fd9-photos.leclercdrive.fr/image.ashx?id=2773376&use=l&cat=p&typeid=i","cat":313217},{"id":84149,"n":"Café Soluble Carte Noire  Bocal Classique - 100g","p":6.0,"u":"60,00 €/KG","img":"https://fd9-photos.leclercdrive.fr/image.ashx?id=2866094&use=l&cat=p&typeid=i","cat":284843},{"id":84154,"n":"Bonbons VICHY Menthe 230g","p":1.05,"u":"4,57 €/KG","img":"https://fd9-photos.leclercdrive.fr/image.ashx?id=2806342&use=l&cat=p&typeid=i","cat":304252},{"id":84158,"n":"Bonbons CARAMBAR Fruits Assortiment - 320g","p":1.71,"u":"5,34 €/KG","img":"https://fd9-photos.leclercdrive.fr/image.ashx?id=2964499&use=l&cat=p&typeid=i","cat":304250},{"id":84159,"n":"Bonbons CARAMBAR Family Assortiment - 450g","p":2.69,"u":"5,98 €/KG","img":"https://fd9-photos.leclercdrive.fr/image.ashx?id=2903446&use=l&cat=p&typeid=i","cat":304250},{"id":84160,"n":"Bonbons CARAMBAR Caramel 320g","p":1.71,"u":"5,34 €/KG","img":"https://fd9-photos.leclercdrive.fr/image.ashx?id=2770124&use=l&cat=p&typeid=i","cat":304250},{"id":84161,"n":"Bonbons LA PIE QUI CHANTE Michoko Noir - 280g","p":2.38,"u":"8,50 €/KG","img":"https://fd9-photos.leclercdrive.fr/image.ashx?id=2817842&use=l&cat=p&typeid=i","cat":304250},{"id":84163,"n":"Break P'tit Déli 135g","p":1.33,"u":"9,85 €/KG","img":"https://fd9-photos.leclercdrive.fr/image.ashx?id=1419312&use=l&cat=p&typeid=i","cat":284488},{"id":84186,"n":"Lait bébé en poudre Bio Guigoz 2ème âge - 6-12 mois - 800g","p":18.41,"u":"23,01 €/KG","img":"https://fd9-photos.leclercdrive.fr/image.ashx?id=2740286&use=l&cat=p&typeid=i","cat":284727},{"id":84188,"n":"Lait bébé en poudre Bio Guigoz 1er âge - 0-6 mois - 800g","p":20.05,"u":"25,06 €/KG","img":"https://fd9-photos.leclercdrive.fr/image.ashx?id=3000438&use=l&cat=p&typeid=i","cat":284726},{"id":84249,"n":"Crème Bio Hydratante Sobio Etic Aloe Vera - 100ml","p":7.43,"u":"74,30 €/L","img":"https://fd9-photos.leclercdrive.fr/image.ashx?id=2787074&use=l&cat=p&typeid=i","cat":325345},{"id":84253,"n":"Crème de Douche Bio Sobio Etic Peaux Sensibles Aloe Vera-650ml","p":5.6,"u":"8,62 €/L","img":"https://fd9-photos.leclercdrive.fr/image.ashx?id=2891577&use=l&cat=p&typeid=i","cat":284594},{"id":84385,"n":"Croc'Choc Lucien Georgelin Noisette - 375g","p":4.26,"u":"11,36 €/KG","img":"https://fd9-photos.leclercdrive.fr/image.ashx?id=2561811&use=l&cat=p&typeid=i","cat":309513},{"id":84386,"n":"Croc'Tou Choc Lucien Georgelin 375g - Lucien Georgelin","p":3.99,"u":"10,64 €/KG","img":"https://fd9-photos.leclercdrive.fr/image.ashx?id=2561808&use=l&cat=p&typeid=i","cat":309513},{"id":84441,"n":"Trio saucissons Cévennes  Nos Régions ont du Talent 345g","p":6.84,"u":"19,83 €/KG","img":"https://fd9-photos.leclercdrive.fr/image.ashx?id=2898113&use=l&cat=p&typeid=i","cat":316006},{"id":84789,"n":"Filet de poulet blanc Le Gaulois x2 - 300g","p":4.69,"u":"15,63 €/KG","img":"https://fd9-photos.leclercdrive.fr/image.ashx?id=2633989&use=l&cat=p&typeid=i","cat":284336},{"id":84819,"n":"Cerneaux de noix Seeberger 150g","p":3.28,"u":"21,87 €/KG","img":"https://fd9-photos.leclercdrive.fr/image.ashx?id=2950615&use=l&cat=p&typeid=i","cat":284357},{"id":84820,"n":"Minis sandwich Daunat jambon/emmental - 130g","p":1.68,"u":"12,92 €/KG","img":"https://fd9-photos.leclercdrive.fr/image.ashx?id=2951812&use=l&cat=p&typeid=i","cat":333658},{"id":85029,"n":"Flocon avoine Happy Bio gros bio  - 500g","p":2.13,"u":"4,26 €/KG","img":"https://fd9-photos.leclercdrive.fr/image.ashx?id=2684994&use=l&cat=p&typeid=i","cat":318651},{"id":85052,"n":"Croquettes petit chien Ultima  Nature Poulet - 1,25kg","p":6.28,"u":"5,02 €/KG","img":"https://fd9-photos.leclercdrive.fr/image.ashx?id=2593164&use=l&cat=p&typeid=i","cat":294526},{"id":85278,"n":"Barres Têtes Brûlées Fraise/pomme - 200g","p":1.88,"u":"9,40 €/KG","img":"https://fd9-photos.leclercdrive.fr/image.ashx?id=2917882&use=l&cat=p&typeid=i","cat":304250},{"id":85442,"n":"Désodorisant diffuseur Airwick FreshMatic Rafraîchissant-250ml","p":9.21,"img":"https://fd9-photos.leclercdrive.fr/image.ashx?id=2158611&use=l&cat=p&typeid=i","cat":311629},{"id":85446,"n":"Durex Préservatifs Classic Jeans Confort Extra lubrifié x9","p":4.06,"u":"0,45 €/P","img":"https://fd9-photos.leclercdrive.fr/image.ashx?id=2247733&use=l&cat=p&typeid=i","cat":284631},{"id":85955,"n":"Vin d'Espagne rosé grenache Bio Alexandre de Montmirel - BIB 3L","p":13.5,"u":"4,50 €/L","img":"https://fd9-photos.leclercdrive.fr/image.ashx?id=2276729&use=l&cat=p&typeid=i","cat":289558},{"id":85960,"n":"AOP Bordeaux rosé Mouton Cadet - 75cl","p":5.59,"u":"7,45 €/L","img":"https://fd9-photos.leclercdrive.fr/image.ashx?id=2943987&use=l&cat=p&typeid=i","cat":289558},{"id":85998,"n":"Sauce Curry Mango Heinz - 225g","p":1.99,"u":"8,84 €/KG","img":"https://fd9-photos.leclercdrive.fr/image.ashx?id=2927050&use=l&cat=p&typeid=i","cat":318431},{"id":86020,"n":"Champagne Alfred Rothschild Brut - 75cl","p":26.88,"u":"35,84 €/L","img":"https://fd9-photos.leclercdrive.fr/image.ashx?id=2628473&use=l&cat=p&typeid=i","cat":284542},{"id":86208,"n":"Pâte à tartiner Nutella 1kg","p":6.62,"u":"6,62 €/KG","img":"https://fd9-photos.leclercdrive.fr/image.ashx?id=2935648&use=l&cat=p&typeid=i","cat":284481},{"id":86375,"n":"Rochers Suchard  Lait - 7x35g","p":4.12,"u":"16,82 €/KG","img":"https://fd9-photos.leclercdrive.fr/image.ashx?id=2950372&use=l&cat=p&typeid=i","cat":284499},{"id":86376,"n":"Rochers Suchard Noir - 7x35g","p":3.99,"u":"16,29 €/KG","img":"https://fd9-photos.leclercdrive.fr/image.ashx?id=2950375&use=l&cat=p&typeid=i","cat":284499},{"id":86411,"n":"Biscuit bio Bjorg Avoine pépites chocolat - 130g","p":2.49,"u":"19,15 €/KG","img":"https://fd9-photos.leclercdrive.fr/image.ashx?id=2999985&use=l&cat=p&typeid=i","cat":325066},{"id":86416,"n":"Confiture bio Bio Village Fruits rouges - 370g","p":2.79,"u":"7,54 €/KG","img":"https://fd9-photos.leclercdrive.fr/image.ashx?id=2965638&use=l&cat=p&typeid=i","cat":284480},{"id":86438,"n":"Dentifrice Integral 8 Signal Nature Elements Coco 75ml","p":1.71,"u":"22,80 €/L","img":"https://fd9-photos.leclercdrive.fr/image.ashx?id=2974659&use=l&cat=p&typeid=i","cat":284612},{"id":86451,"n":"Lessive gel Génie Lavage main - 200ml","p":1.49,"u":"7,45 €/L","img":"https://fd9-photos.leclercdrive.fr/image.ashx?id=2664142&use=l&cat=p&typeid=i","cat":284643},{"id":86470,"n":"Bonbons KREMA Festival Assortiment - 360g","p":2.38,"u":"6,61 €/KG","img":"https://fd9-photos.leclercdrive.fr/image.ashx?id=2817875&use=l&cat=p&typeid=i","cat":304250},{"id":86482,"n":"Bonbons KREMA Régal'ad Assortiment Fruits - 360g","p":2.46,"u":"6,83 €/KG","img":"https://fd9-photos.leclercdrive.fr/image.ashx?id=2855295&use=l&cat=p&typeid=i","cat":304250},{"id":86586,"n":"Pain de mie Harrys Nature extra moelleux - 500g","p":1.3,"u":"2,60 €/KG","img":"https://fd9-photos.leclercdrive.fr/image.ashx?id=2660730&use=l&cat=p&typeid=i","cat":284477},{"id":86591,"n":"AOP Champagne Pommery Brut Royal étui- 75cl","p":33.5,"u":"44,67 €/L","img":"https://fd9-photos.leclercdrive.fr/image.ashx?id=2791500&use=l&cat=p&typeid=i","cat":284542},{"id":86656,"n":"Bouillon cubes légumes Knorr Méditerranéens x12- 132g","p":1.41,"u":"10,68 €/KG","img":"https://fd9-photos.leclercdrive.fr/image.ashx?id=2940636&use=l&cat=p&typeid=i","cat":288379},{"id":86665,"n":"Dosettes café Senseo Grand Mère Classique x54","p":5.28,"u":"14,83 €/KG","img":"https://fd9-photos.leclercdrive.fr/image.ashx?id=2769837&use=l&cat=p&typeid=i","cat":293238},{"id":86669,"n":"Huile vierge Bio village  Sésame grillé bio - 25cl","p":2.67,"u":"10,68 €/L","img":"https://fd9-photos.leclercdrive.fr/image.ashx?id=3005715&use=l&cat=p&typeid=i","cat":284453},{"id":86724,"n":"Huile d'olive Bio Village Bio Vierge extra fruité - 75 cl","p":7.99,"u":"10,65 €/L","img":"https://fd9-photos.leclercdrive.fr/image.ashx?id=3005712&use=l&cat=p&typeid=i","cat":284453},{"id":86732,"n":"Chips Barbecue Pom'lisse Maxi format - 270g","p":1.81,"u":"6,70 €/KG","img":"https://fd9-photos.leclercdrive.fr/image.ashx?id=2710837&use=l&cat=p&typeid=i","cat":284447},{"id":86734,"n":"Cookies P'tit Déli Triple chocolat - 200g","p":1.44,"u":"7,20 €/KG","img":"https://fd9-photos.leclercdrive.fr/image.ashx?id=2529608&use=l&cat=p&typeid=i","cat":325066},{"id":86738,"n":"Croquants des cordes NRT 90g","p":3.55,"u":"39,44 €/KG","img":"https://fd9-photos.leclercdrive.fr/image.ashx?id=2622341&use=l&cat=p&typeid=i","cat":284487},{"id":86739,"n":"Apéritif Lagoa Cocktail  Fruit de la passion s/al - 75cl","p":2.8,"u":"3,73 €/L","img":"https://fd9-photos.leclercdrive.fr/image.ashx?id=1865307&use=l&cat=p&typeid=i","cat":284549},{"id":86741,"n":"AOC Costières de Nîmes vin rosé Rives & Terrasses - BIB 3L","p":9.99,"u":"3,33 €/L","img":"https://fd9-photos.leclercdrive.fr/image.ashx?id=2930367&use=l&cat=p&typeid=i","cat":289560},{"id":86743,"n":"IGP Côtes de Gascogne blanc  Vieux Carion - 12% vol 75 cl","p":2.79,"u":"3,72 €/L","img":"https://fd9-photos.leclercdrive.fr/image.ashx?id=2872724&use=l&cat=p&typeid=i","cat":289557},{"id":86744,"n":"Mouchoirs blancs 3 plis Caresse Boîte mouchoirs papier parf x80","p":1.65,"u":"0,02 €/P","img":"https://fd9-photos.leclercdrive.fr/image.ashx?id=2837247&use=l&cat=p&typeid=i","cat":284638},{"id":86747,"n":"Sacs de congélation Elembal Curseur moyen - x15","p":1.99,"u":"0,13 €/P","img":"https://fd9-photos.leclercdrive.fr/image.ashx?id=2511120&use=l&cat=p&typeid=i","cat":334134},{"id":86748,"n":"Adoucissant Hyperdou Lingettes Rêve de fraîcheur - x20","p":1.71,"u":"0,09 €/P","img":"https://fd9-photos.leclercdrive.fr/image.ashx?id=2489203&use=l&cat=p&typeid=i","cat":325302},{"id":86749,"n":"Rasoir Siliss 5 lames","p":5.99,"u":"3,00 €/P","img":"https://fd9-photos.leclercdrive.fr/image.ashx?id=2699732&use=l&cat=p&typeid=i","cat":325352},{"id":86757,"n":"Tranches d'emmental Bio Village Bio - 200g - 31% MG","p":3.19,"u":"15,95 €/KG","img":"https://fd9-photos.leclercdrive.fr/image.ashx?id=2641413&use=l&cat=p&typeid=i","cat":314028},{"id":86779,"n":"Colin d'Alaska Pêche Océan Beurre citron - MSC - 400g","p":3.39,"u":"8,48 €/KG","img":"https://fd9-photos.leclercdrive.fr/image.ashx?id=2930126&use=l&cat=p&typeid=i","cat":319786},{"id":86781,"n":"Trio de poissons nordiques  Pêche Océan - 600g","p":11.49,"u":"19,15 €/KG","img":"https://fd9-photos.leclercdrive.fr/image.ashx?id=2175714&use=l&cat=p&typeid=i","cat":319786},{"id":86784,"n":"Frites au four Pom'Lisse Pom'Steak - 600g","p":1.46,"u":"2,43 €/KG","img":"https://fd9-photos.leclercdrive.fr/image.ashx?id=2699711&use=l&cat=p&typeid=i","cat":319791},{"id":86905,"n":"Bière blonde 1664 5,5° - 12x33cl canettes","p":10.27,"u":"2,59 €/L","img":"https://fd9-photos.leclercdrive.fr/image.ashx?id=2246617&use=l&cat=p&typeid=i","cat":334853},{"id":86907,"n":"Lait en poudre Modilac Bébé : 2ème âge - 820g","p":15.38,"u":"18,76 €/KG","img":"https://fd9-photos.leclercdrive.fr/image.ashx?id=2873393&use=l&cat=p&typeid=i","cat":284727},{"id":86909,"n":"Lait en poudre Modilac Doucéa Bébé 0-6mois - 820g","p":18.76,"u":"22,88 €/KG","img":"https://fd9-photos.leclercdrive.fr/image.ashx?id=2997031&use=l&cat=p&typeid=i","cat":284726},{"id":86914,"n":"Fromage Camembert Isigny NRT 250g","p":2.81,"u":"11,24 €/KG","img":"https://fd9-photos.leclercdrive.fr/image.ashx?id=1961500&use=l&cat=p&typeid=i","cat":314033},{"id":86916,"n":"Lames de rasoir Carré Homme 2 lames - x10","p":1.29,"u":"0,13 €/P","img":"https://fd9-photos.leclercdrive.fr/image.ashx?id=2591721&use=l&cat=p&typeid=i","cat":284616},{"id":86917,"n":"Lames de rasoir Siliss 5 lames - x3","p":6.49,"u":"2,16 €/P","img":"https://fd9-photos.leclercdrive.fr/image.ashx?id=2699735&use=l&cat=p&typeid=i","cat":325352},{"id":86940,"n":"Emmental fromage râpé bio Bio village - 400g","p":4.45,"u":"11,13 €/KG","img":"https://fd9-photos.leclercdrive.fr/image.ashx?id=2501688&use=l&cat=p&typeid=i","cat":314035},{"id":86947,"n":"Parmesan rapé AOP 30% MG Bio Bio village - 50g","p":1.66,"u":"33,20 €/KG","img":"https://fd9-photos.leclercdrive.fr/image.ashx?id=2887422&use=l&cat=p&typeid=i","cat":314035},{"id":86954,"n":"Croissants crus surgelés Gourmet d'Alsace - 1.5kg - x30","p":9.5,"u":"6,33 €/KG","img":"https://fd9-photos.leclercdrive.fr/image.ashx?id=2167101&use=l&cat=p&typeid=i","cat":288858},{"id":86956,"n":"Pains au chocolat surgelé Gourmet d'Alsace - 1.25kg - x25","p":9.5,"u":"7,60 €/KG","img":"https://fd9-photos.leclercdrive.fr/image.ashx?id=2167104&use=l&cat=p&typeid=i","cat":288858},{"id":86957,"n":"Lentilles blondes Notre Jardin 500g","p":2.64,"u":"5,28 €/KG","img":"https://fd9-photos.leclercdrive.fr/image.ashx?id=2096455&use=l&cat=p&typeid=i","cat":284430},{"id":86967,"n":"Pois Cassés Notre Jardin 500g","p":2.15,"u":"4,30 €/KG","img":"https://fd9-photos.leclercdrive.fr/image.ashx?id=2096452&use=l&cat=p&typeid=i","cat":284430},{"id":86969,"n":"Haricots blancs Notre Jardin 500g","p":2.09,"u":"4,18 €/KG","img":"https://fd9-photos.leclercdrive.fr/image.ashx?id=2096449&use=l&cat=p&typeid=i","cat":284430},{"id":86996,"n":"Muesli Chaque jour sans Gluten  Croustillant fruit sec bio-375g","p":3.49,"u":"9,31 €/KG","img":"https://fd9-photos.leclercdrive.fr/image.ashx?id=2554520&use=l&cat=p&typeid=i","cat":318654},{"id":87001,"n":"Petits Pois Notre Jardin 600g","p":1.69,"u":"2,82 €/KG","img":"https://fd9-photos.leclercdrive.fr/image.ashx?id=2873156&use=l&cat=p&typeid=i","cat":319805},{"id":87024,"n":"Smoothie innocent énergie boogie ruby 750ml","p":3.68,"u":"4,91 €/L","img":"https://fd9-photos.leclercdrive.fr/image.ashx?id=2187631&use=l&cat=p&typeid=i","cat":285435},{"id":87067,"n":"Yaourt à boire P'tit max  Délisse Fraise - 6x180g","p":2.03,"u":"1,88 €/KG","img":"https://fd9-photos.leclercdrive.fr/image.ashx?id=2762510&use=l&cat=p&typeid=i","cat":284415},{"id":87078,"n":"Serviettes en papier Homeside Aqua - 33x33cm - 3 plis","p":1.99,"img":"https://fd9-photos.leclercdrive.fr/image.ashx?id=1659729&use=l&cat=p&typeid=i","cat":334134},{"id":87081,"n":"Serviettes en papier Homeside Rouge - 33x33cm - x50","p":1.99,"img":"https://fd9-photos.leclercdrive.fr/image.ashx?id=1659723&use=l&cat=p&typeid=i","cat":334134},{"id":87082,"n":"Serviettes en papier Homeside x30 - 38x38cm - point à point","p":1.7,"img":"https://fd9-photos.leclercdrive.fr/image.ashx?id=1659696&use=l&cat=p&typeid=i","cat":334134},{"id":87089,"n":"Pavé Gourmand Garden Gourmet Epinards et Fromage 180g","p":2.4,"u":"13,33 €/KG","img":"https://fd9-photos.leclercdrive.fr/image.ashx?id=2971389&use=l&cat=p&typeid=i","cat":316036},{"id":87091,"n":"St Jacques Marie Fondue de poireaux riz - 280g","p":3.94,"u":"14,07 €/KG","img":"https://fd9-photos.leclercdrive.fr/image.ashx?id=2317531&use=l&cat=p&typeid=i","cat":333665},{"id":87093,"n":"Eau coiffante Vitanove 150ml","p":1.99,"u":"13,27 €/L","img":"https://fd9-photos.leclercdrive.fr/image.ashx?id=2496419&use=l&cat=p&typeid=i","cat":284609},{"id":87100,"n":"Gel lavant Manava Purifiant mandarine - 300ml","p":1.25,"u":"4,17 €/L","img":"https://fd9-photos.leclercdrive.fr/image.ashx?id=2935519&use=l&cat=p&typeid=i","cat":284597},{"id":87375,"n":"Serviettes Doulys Ultra mince Nuit + large - x9","p":2.2,"u":"0,24 €/P","img":"https://fd9-photos.leclercdrive.fr/image.ashx?id=2839927&use=l&cat=p&typeid=i","cat":284624},{"id":87406,"n":"AOC Corbières Château Etang des Colombes Blanc - 75cl","p":5.5,"u":"7,33 €/L","img":"https://fd9-photos.leclercdrive.fr/image.ashx?id=1565698&use=l&cat=p&typeid=i","cat":289557},{"id":87747,"n":"Yaourts natures brassés bifidus Activia - 16x125g","p":4.51,"u":"2,26 €/KG","img":"https://fd9-photos.leclercdrive.fr/image.ashx?id=2741790&use=l&cat=p&typeid=i","cat":315000},{"id":87748,"n":"Yaourts natures 0%mg bifidus Activia - 16x125g","p":4.51,"u":"2,26 €/KG","img":"https://fd9-photos.leclercdrive.fr/image.ashx?id=2741793&use=l&cat=p&typeid=i","cat":315000},{"id":87809,"n":"Collant Dim Opaque velouté Noir - T1/2","p":5.88,"img":"https://fd9-photos.leclercdrive.fr/image.ashx?id=2876092&use=l&cat=p&typeid=i","cat":334130},{"id":87810,"n":"Collant Dim Opaque velouté Noir - T3/4","p":5.88,"img":"https://fd9-photos.leclercdrive.fr/image.ashx?id=2876095&use=l&cat=p&typeid=i","cat":334130},{"id":87811,"n":"Collants Well - Fusionnel Transparent noir -Taille 1","p":7.5,"img":"https://fd9-photos.leclercdrive.fr/image.ashx?id=2056515&use=l&cat=p&typeid=i","cat":334130},{"id":87818,"n":"Collant Well - Fusionnel Transparent noir - Taille 4","p":7.5,"img":"https://fd9-photos.leclercdrive.fr/image.ashx?id=2056524&use=l&cat=p&typeid=i","cat":334130},{"id":87849,"n":"Boisson végétale Alpro lait de coco riz - 1l","p":2.19,"u":"2,19 €/L","img":"https://fd9-photos.leclercdrive.fr/image.ashx?id=2790243&use=l&cat=p&typeid=i","cat":316067},{"id":87923,"n":"Compotes  gourdes Pom'Potes Multivariétés - 12x90g","p":5.15,"u":"4,77 €/KG","img":"https://fd9-photos.leclercdrive.fr/image.ashx?id=3010942&use=l&cat=p&typeid=i","cat":284508},{"id":87924,"n":"Dosettes café Senseo Classique x40","p":6.33,"u":"22,85 €/KG","img":"https://fd9-photos.leclercdrive.fr/image.ashx?id=2876326&use=l&cat=p&typeid=i","cat":293238},{"id":87925,"n":"Dosettes café Senseo Corsé x40","p":6.37,"u":"23,00 €/KG","img":"https://fd9-photos.leclercdrive.fr/image.ashx?id=2393581&use=l&cat=p&typeid=i","cat":293238},{"id":87927,"n":"Dosettes café Senseo Décaféiné x40","p":6.37,"u":"23,00 €/KG","img":"https://fd9-photos.leclercdrive.fr/image.ashx?id=2324921&use=l&cat=p&typeid=i","cat":293238},{"id":87929,"n":"Dosettes café Senseo Classique x54","p":8.51,"u":"22,69 €/KG","img":"https://fd9-photos.leclercdrive.fr/image.ashx?id=2391798&use=l&cat=p&typeid=i","cat":293238},{"id":87931,"n":"Dosettes café Senseo Doux x54","p":8.4,"u":"22,40 €/KG","img":"https://fd9-photos.leclercdrive.fr/image.ashx?id=2289951&use=l&cat=p&typeid=i","cat":293238},{"id":87950,"n":"Snacks chats Tous mes amis Liquide - 90g","p":1.45,"u":"16,11 €/KG","img":"https://fd9-photos.leclercdrive.fr/image.ashx?id=2520041&use=l&cat=p&typeid=i","cat":285285},{"id":88048,"n":"Compote Charles & Alice Pommes Bananes Vanille -4x100g","p":1.7,"u":"4,38 €/KG","img":"https://fd9-photos.leclercdrive.fr/image.ashx?id=2757698&use=l&cat=p&typeid=i","cat":284416},{"id":88053,"n":"Lasagne à la bolognaise Marie - 1 kg","p":4.81,"u":"4,81 €/KG","img":"https://fd9-photos.leclercdrive.fr/image.ashx?id=2993394&use=l&cat=p&typeid=i","cat":284254},{"id":88056,"n":"Sachets repas Ultima Nature 2x Saumon - 2x Truite - 340g","p":2.72,"u":"8,00 €/KG","img":"https://fd9-photos.leclercdrive.fr/image.ashx?id=1592175&use=l&cat=p&typeid=i","cat":285601},{"id":88062,"n":"Matière grasse Primevere Oméga 3 - 55% - 250g","p":1.49,"u":"5,96 €/KG","img":"https://fd9-photos.leclercdrive.fr/image.ashx?id=2928468&use=l&cat=p&typeid=i","cat":315229},{"id":88206,"n":"Céréales bébé Blédine 12 mois  Vanille - 400g","p":2.38,"u":"5,95 €/KG","img":"https://fd9-photos.leclercdrive.fr/image.ashx?id=2763124&use=l&cat=p&typeid=i","cat":312225},{"id":88288,"n":"Effaceur réécriveur Bic Pointe fine - x12 effaceurs","p":4.69,"img":"https://fd9-photos.leclercdrive.fr/image.ashx?id=1866892&use=l&cat=p&typeid=i","cat":334133},{"id":88339,"n":"Purée de sésame Jardin Bio Tahini bio - 350g","p":6.33,"u":"18,09 €/KG","img":"https://fd9-photos.leclercdrive.fr/image.ashx?id=3000183&use=l&cat=p&typeid=i","cat":284481},{"id":88340,"n":"Berries Haribo Sachet bonbons - 200g","p":1.81,"u":"9,05 €/KG","img":"https://fd9-photos.leclercdrive.fr/image.ashx?id=2982411&use=l&cat=p&typeid=i","cat":304250},{"id":88359,"n":"Bougies et chiffres Vahiné Plastique","p":3.73,"img":"https://fd9-photos.leclercdrive.fr/image.ashx?id=2402702&use=l&cat=p&typeid=i","cat":335913},{"id":88414,"n":"Boisson a base de thé Fresh Tea Thé vert saveur menthe 1L","p":0.96,"u":"0,96 €/L","img":"https://fd9-photos.leclercdrive.fr/image.ashx?id=3003058&use=l&cat=p&typeid=i","cat":295019},{"id":88418,"n":"Boisson a base de thé Fresh Tea Pêche - 1L","p":0.89,"u":"0,89 €/L","img":"https://fd9-photos.leclercdrive.fr/image.ashx?id=2622275&use=l&cat=p&typeid=i","cat":295019},{"id":88438,"n":"Coulommiers Cœur de Lion  Extra-Crèmeux - 385g","p":3.31,"u":"8,60 €/KG","img":"https://fd9-photos.leclercdrive.fr/image.ashx?id=2999958&use=l&cat=p&typeid=i","cat":314033},{"id":88441,"n":"Fromage à tartiner St Môret Nature maxi format - 400g","p":4.3,"u":"10,75 €/KG","img":"https://fd9-photos.leclercdrive.fr/image.ashx?id=2755459&use=l&cat=p&typeid=i","cat":314029},{"id":88448,"n":"Fromage à Tartiner Carré Frais  Nature 0% - 8 Portions - 200g","p":2.36,"u":"11,80 €/KG","img":"https://fd9-photos.leclercdrive.fr/image.ashx?id=2868684&use=l&cat=p&typeid=i","cat":314029},{"id":88451,"n":"AOP Champagne Chanoine Frères Brut - 75cl","p":20.78,"u":"27,71 €/L","img":"https://fd9-photos.leclercdrive.fr/image.ashx?id=2673217&use=l&cat=p&typeid=i","cat":284542},{"id":88460,"n":"Fromage de Chèvre Chavroux  9 Portions - 162g","p":3.02,"u":"18,64 €/KG","img":"https://fd9-photos.leclercdrive.fr/image.ashx?id=2936689&use=l&cat=p&typeid=i","cat":314031},{"id":88461,"n":"Salami Danois  Saint-Azay x16 - 160g","p":1.58,"u":"9,88 €/KG","img":"https://fd9-photos.leclercdrive.fr/image.ashx?id=2708354&use=l&cat=p&typeid=i","cat":316007},{"id":88548,"n":"Tartines campagne La Boulangère 450g","p":1.72,"u":"3,82 €/KG","img":"https://fd9-photos.leclercdrive.fr/image.ashx?id=2912395&use=l&cat=p&typeid=i","cat":284477},{"id":88563,"n":"AOP Côtes du Rhône Vin rouge E. Guigal - 75cl","p":9.13,"u":"12,17 €/L","img":"https://fd9-photos.leclercdrive.fr/image.ashx?id=2555658&use=l&cat=p&typeid=i","cat":289556},{"id":88564,"n":"AOP Crozes Hermitage E. Guigal - 75cl","p":17.25,"u":"23,00 €/L","img":"https://fd9-photos.leclercdrive.fr/image.ashx?id=2108171&use=l&cat=p&typeid=i","cat":289557},{"id":88614,"n":"Limeuhnade Bio 1,5L","p":2.5,"u":"1,67 €/L","img":"https://fd9-photos.leclercdrive.fr/image.ashx?id=1627881&use=l&cat=p&typeid=i","cat":284531},{"id":88662,"n":"Yaourt bifidus Activia Vanille - 4x125g","p":1.59,"u":"3,18 €/KG","img":"https://fd9-photos.leclercdrive.fr/image.ashx?id=3006184&use=l&cat=p&typeid=i","cat":315000},{"id":88698,"n":"Citrons bio Bio Village Sachet x4","p":1.99,"u":"0,50 €/P","img":"https://fd9-photos.leclercdrive.fr/image.ashx?id=2805063&use=l&cat=p&typeid=i","cat":284356},{"id":88738,"n":"Yaourt bifidus Activia citron vanille coco - 12x125g","p":4.8,"u":"3,20 €/KG","img":"https://fd9-photos.leclercdrive.fr/image.ashx?id=3003149&use=l&cat=p&typeid=i","cat":315000},{"id":88740,"n":"Yaourt bifidus Activia citron - 4x125g","p":1.6,"u":"3,20 €/KG","img":"https://fd9-photos.leclercdrive.fr/image.ashx?id=3006181&use=l&cat=p&typeid=i","cat":315000},{"id":88742,"n":"Yaourt bifidus Activia coco - 4x125g","p":1.64,"u":"3,28 €/KG","img":"https://fd9-photos.leclercdrive.fr/image.ashx?id=2886651&use=l&cat=p&typeid=i","cat":315000},{"id":88981,"n":"Tablette chocolat au lait Milka Caramel - 3x100g","p":4.17,"u":"13,90 €/KG","img":"https://fd9-photos.leclercdrive.fr/image.ashx?id=2617078&use=l&cat=p&typeid=i","cat":284497},{"id":88986,"n":"Barre Chocolat au Lait KitKat x6 barres - 249g","p":3.14,"u":"12,61 €/KG","img":"https://fd9-photos.leclercdrive.fr/image.ashx?id=2989426&use=l&cat=p&typeid=i","cat":284498},{"id":89010,"n":"Fromage Roquefort Société Crème 2x100g","p":4.19,"u":"20,95 €/KG","img":"https://fd9-photos.leclercdrive.fr/image.ashx?id=2789706&use=l&cat=p&typeid=i","cat":314032},{"id":89054,"n":"Bière blonde Kronenbourg 4,2° - 50cl canette","p":0.96,"u":"1,92 €/L","img":"https://fd9-photos.leclercdrive.fr/image.ashx?id=1586574&use=l&cat=p&typeid=i","cat":334853},{"id":89088,"n":"Boisson au Soja Alpro Goût vanille - 1L","p":2.22,"u":"2,22 €/L","img":"https://fd9-photos.leclercdrive.fr/image.ashx?id=2944383&use=l&cat=p&typeid=i","cat":316067},{"id":89090,"n":"Boisson végétale Alpro Soja - 1L","p":1.77,"u":"1,77 €/L","img":"https://fd9-photos.leclercdrive.fr/image.ashx?id=2977681&use=l&cat=p&typeid=i","cat":316067},{"id":89092,"n":"Boisson au soja Alpro Saveur chocolat - 1L","p":2.54,"u":"2,54 €/L","img":"https://fd9-photos.leclercdrive.fr/image.ashx?id=1889294&use=l&cat=p&typeid=i","cat":316067},{"id":89093,"n":"Boisson végétale Alpro avoine - 1l","p":2.19,"u":"2,19 €/L","img":"https://fd9-photos.leclercdrive.fr/image.ashx?id=2986852&use=l&cat=p&typeid=i","cat":316067},{"id":89094,"n":"Boisson végétale lait d'amande grillée sans sucre alpro - 1l","p":2.09,"u":"2,09 €/L","img":"https://fd9-photos.leclercdrive.fr/image.ashx?id=2985543&use=l&cat=p&typeid=i","cat":316067},{"id":89160,"n":"Recharge liquide nettoyant Swiffer WetJet - 1.25L","p":4.67,"pp":2.81,"u":"2,25 €/L","img":"https://fd9-photos.leclercdrive.fr/image.ashx?id=2867800&use=l&cat=p&typeid=i","cat":325364},{"id":89190,"n":"Carotte Bio Bio Village 1kg","p":1.89,"u":"1,89 €/KG","img":"https://fd9-photos.leclercdrive.fr/image.ashx?id=1457160&use=l&cat=p&typeid=i","cat":284352},{"id":89196,"n":"Eau gazeuse aromatisée Badoit Citron vert - 1L","p":1.2,"u":"1,20 €/L","img":"https://fd9-photos.leclercdrive.fr/image.ashx?id=2730658&use=l&cat=p&typeid=i","cat":284536},{"id":89197,"n":"Eau gazeuse aromatisée Badoit Pamplemousse citron - 1L","p":1.17,"u":"1,17 €/L","img":"https://fd9-photos.leclercdrive.fr/image.ashx?id=2730655&use=l&cat=p&typeid=i","cat":284536},{"id":89198,"n":"Eau gazeuse aromatisée Badoit Citron menthe - 1L","p":1.3,"u":"1,30 €/L","img":"https://fd9-photos.leclercdrive.fr/image.ashx?id=2730661&use=l&cat=p&typeid=i","cat":284536},{"id":89316,"n":"Fromage Carré de Normandie NRT 200g","p":2.11,"u":"10,55 €/KG","img":"https://fd9-photos.leclercdrive.fr/image.ashx?id=2488377&use=l&cat=p&typeid=i","cat":314033},{"id":89337,"n":"Cire coiffante Vitanove Brillance - 75ml","p":2.27,"u":"30,27 €/L","img":"https://fd9-photos.leclercdrive.fr/image.ashx?id=2780683&use=l&cat=p&typeid=i","cat":284609},{"id":89338,"n":"Soin anti-rides Inell Q10 Jour - 50ml","p":2.49,"u":"49,80 €/L","img":"https://fd9-photos.leclercdrive.fr/image.ashx?id=2822132&use=l&cat=p&typeid=i","cat":325345},{"id":89341,"n":"Gel lavant recharge Manava Antibactérien Mandarine - 250ml","p":0.54,"u":"2,16 €/L","img":"https://fd9-photos.leclercdrive.fr/image.ashx?id=2935522&use=l&cat=p&typeid=i","cat":284597},{"id":89344,"n":"Serviettes Normal Doulys Ultra mince - x28","p":2.42,"u":"0,09 €/P","img":"https://fd9-photos.leclercdrive.fr/image.ashx?id=2789143&use=l&cat=p&typeid=i","cat":284624},{"id":89345,"n":"Serviettes Super Doulys Ultra mince - x24","p":1.8,"u":"0,08 €/P","img":"https://fd9-photos.leclercdrive.fr/image.ashx?id=2839931&use=l&cat=p&typeid=i","cat":284624},{"id":89346,"n":"Serviettes Nuit Doulys Ultra mince - x20","p":2.55,"u":"0,13 €/P","img":"https://fd9-photos.leclercdrive.fr/image.ashx?id=2839935&use=l&cat=p&typeid=i","cat":284624},{"id":89390,"n":"Boxers coton stretch Dim Noir - Taille 3 - x3","p":24.95,"u":"8,32 €/P","img":"https://fd9-photos.leclercdrive.fr/image.ashx?id=2560678&use=l&cat=p&typeid=i","cat":291524},{"id":89391,"n":"Boxers coton stretch Dim Noir - Taille 4 - x3","p":24.95,"u":"8,32 €/P","img":"https://fd9-photos.leclercdrive.fr/image.ashx?id=2560681&use=l&cat=p&typeid=i","cat":291524},{"id":89392,"n":"Boxers coton stretch Dim Noir - Taille 5 - x3","p":24.95,"u":"8,32 €/P","img":"https://fd9-photos.leclercdrive.fr/image.ashx?id=2560684&use=l&cat=p&typeid=i","cat":291524},{"id":89397,"n":"AOP Saint-Joseph Vin rouge Guigal - 75cl","p":27.07,"u":"36,09 €/L","img":"https://fd9-photos.leclercdrive.fr/image.ashx?id=2837472&use=l&cat=p&typeid=i","cat":289556},{"id":89424,"n":"Pesto vert Bio Village Bio - 185g","p":1.8,"u":"9,73 €/KG","img":"https://fd9-photos.leclercdrive.fr/image.ashx?id=1466304&use=l&cat=p&typeid=i","cat":287599},{"id":89502,"n":"Assortiment créole Pic'express 390g","p":4.69,"u":"12,03 €/KG","img":"https://fd9-photos.leclercdrive.fr/image.ashx?id=2674948&use=l&cat=p&typeid=i","cat":333673},{"id":89507,"n":"Xtrem Box Sodebo Radiatori à la Carbonara 400g","p":3.08,"u":"7,70 €/KG","img":"https://fd9-photos.leclercdrive.fr/image.ashx?id=2631588&use=l&cat=p&typeid=i","cat":334983},{"id":89515,"n":"Velouté de légumes Régal Soupe Instantané - 64g","p":1.35,"u":"21,09 €/KG","img":"https://fd9-photos.leclercdrive.fr/image.ashx?id=1886620&use=l&cat=p&typeid=i","cat":293527},{"id":89519,"n":"Bouillon chinois Régal Soupe Instantané - 48g","p":1.34,"u":"27,92 €/KG","img":"https://fd9-photos.leclercdrive.fr/image.ashx?id=2071345&use=l&cat=p&typeid=i","cat":288992},{"id":89520,"n":"Mouliné 10 légumes Régal Soupe Instantané - 80g","p":1.39,"u":"17,38 €/KG","img":"https://fd9-photos.leclercdrive.fr/image.ashx?id=1886623&use=l&cat=p&typeid=i","cat":293527},{"id":89608,"n":"Lot de 3 slips Dim Pockets Coton Stretch - Taille 36/38","p":13.15,"u":"4,38 €/P","img":"https://fd9-photos.leclercdrive.fr/image.ashx?id=2461536&use=l&cat=p&typeid=i","cat":291524},{"id":89611,"n":"Lot de 3 slips Dim Pockets Coton Stretch - Taille 40/42","p":13.15,"u":"6,58 €/P","img":"https://fd9-photos.leclercdrive.fr/image.ashx?id=2461539&use=l&cat=p&typeid=i","cat":291524},{"id":89613,"n":"Lot de 3 slips Dim Pockets Coton Stretch - Taille 44/46","p":13.15,"u":"6,58 €/P","img":"https://fd9-photos.leclercdrive.fr/image.ashx?id=2461542&use=l&cat=p&typeid=i","cat":291524},{"id":89695,"n":"Poulet Weight Watchers Curry-coco - 300g","p":3.41,"u":"11,37 €/KG","img":"https://fd9-photos.leclercdrive.fr/image.ashx?id=2827203&use=l&cat=p&typeid=i","cat":333665},{"id":89848,"n":"Boisson Végétale lait d'amande  bjorg cappuccino - bio - 1l","p":3.11,"u":"3,11 €/L","img":"https://fd9-photos.leclercdrive.fr/image.ashx?id=2962488&use=l&cat=p&typeid=i","cat":316067},{"id":89897,"n":"Boisson Végétale lait d'amande grillée bio - 1l","p":2.88,"u":"2,88 €/L","img":"https://fd9-photos.leclercdrive.fr/image.ashx?id=2912065&use=l&cat=p&typeid=i","cat":316067},{"id":89914,"n":"Bouillon Cube Maggi Légumes x18 - 180g","p":1.56,"u":"8,67 €/KG","img":"https://fd9-photos.leclercdrive.fr/image.ashx?id=2737039&use=l&cat=p&typeid=i","cat":288379},{"id":89959,"n":"Pelle et balayette","p":2.59,"img":"https://fd9-photos.leclercdrive.fr/image.ashx?id=1463745&use=l&cat=p&typeid=i","cat":284669},{"id":90056,"n":"Quinotto Jardin Bio Bio légumes parmesan - 220g","p":2.16,"u":"9,82 €/KG","img":"https://fd9-photos.leclercdrive.fr/image.ashx?id=2535421&use=l&cat=p&typeid=i","cat":287600},{"id":90058,"n":"Ravioli Jardin Bio Bio chèvre ciboulette - 250g","p":2.24,"u":"8,96 €/KG","img":"https://fd9-photos.leclercdrive.fr/image.ashx?id=2534842&use=l&cat=p&typeid=i","cat":287600},{"id":90059,"n":"Thé Bio Ethiquable Breakfast - 20 sachets - 36g","p":2.15,"u":"59,72 €/KG","img":"https://fd9-photos.leclercdrive.fr/image.ashx?id=2870830&use=l&cat=p&typeid=i","cat":293233},{"id":90060,"n":"Thé vert Bio Ethiquable  Vietnam x20 - 36g","p":2.3,"u":"3,19 €/KG","img":"https://fd9-photos.leclercdrive.fr/image.ashx?id=2870845&use=l&cat=p&typeid=i","cat":293233},{"id":90090,"n":"Gnocchi à poêler Lustucru Extra Fromage 500g","p":2.89,"u":"5,78 €/KG","img":"https://fd9-photos.leclercdrive.fr/image.ashx?id=2786171&use=l&cat=p&typeid=i","cat":333682},{"id":90119,"n":"Fromage Persillée Saint Agur  190g","p":3.58,"u":"18,84 €/KG","img":"https://fd9-photos.leclercdrive.fr/image.ashx?id=2981512&use=l&cat=p&typeid=i","cat":314032},{"id":90120,"n":"Crème Saint Agur  155g","p":2.65,"u":"17,10 €/KG","img":"https://fd9-photos.leclercdrive.fr/image.ashx?id=2760014&use=l&cat=p&typeid=i","cat":314029},{"id":90122,"n":"Camembert Coeur de Lion 250g","p":1.96,"u":"7,84 €/KG","img":"https://fd9-photos.leclercdrive.fr/image.ashx?id=3008185&use=l&cat=p&typeid=i","cat":314033},{"id":90182,"n":"Savon Bionaïa Lait d'anesse - 100g","p":1.72,"u":"17,20 €/KG","img":"https://fd9-photos.leclercdrive.fr/image.ashx?id=2491047&use=l&cat=p&typeid=i","cat":284597},{"id":90188,"n":"Cremio Box Sodebo Poulet à l'Emmental - 280g","p":2.25,"u":"8,04 €/KG","img":"https://fd9-photos.leclercdrive.fr/image.ashx?id=2679068&use=l&cat=p&typeid=i","cat":334983},{"id":90547,"n":"Croquettes chat Purina One Chat Stérilisé Truite/Blé-1.5kg","p":7.41,"u":"4,94 €/KG","img":"https://fd9-photos.leclercdrive.fr/image.ashx?id=2488064&use=l&cat=p&typeid=i","cat":284680},{"id":90553,"n":"Sauce Tables du Monde Tikka Massala - 350g","p":1.75,"u":"5,00 €/KG","img":"https://fd9-photos.leclercdrive.fr/image.ashx?id=2556523&use=l&cat=p&typeid=i","cat":288992},{"id":90592,"n":"Herbes de Provence 35g","p":3.72,"u":"106,29 €/KG","img":"https://fd9-photos.leclercdrive.fr/image.ashx?id=2019582&use=l&cat=p&typeid=i","cat":298297},{"id":90632,"n":"Mozzarella Bio Bio Village AOP Di Bufalla - 125g","p":2.67,"u":"21,36 €/KG","img":"https://fd9-photos.leclercdrive.fr/image.ashx?id=2726712&use=l&cat=p&typeid=i","cat":314026},{"id":90633,"n":"Ricotta Bio Village Bio - 250g","p":1.79,"u":"7,16 €/KG","img":"https://fd9-photos.leclercdrive.fr/image.ashx?id=2185800&use=l&cat=p&typeid=i","cat":314026},{"id":90667,"n":"Céréales Chocapic Nestlé Bio - 375g","p":3.45,"u":"9,20 €/KG","img":"https://fd9-photos.leclercdrive.fr/image.ashx?id=2997262&use=l&cat=p&typeid=i","cat":309513},{"id":90673,"n":"Pâte à tartiner Alter Eco Bio Sans huile de palme - 270g","p":3.71,"u":"13,74 €/KG","img":"https://fd9-photos.leclercdrive.fr/image.ashx?id=2264195&use=l&cat=p&typeid=i","cat":284481},{"id":90682,"n":"Génoise P'tit Déli Fraise - 150g","p":1.41,"u":"9,40 €/KG","img":"https://fd9-photos.leclercdrive.fr/image.ashx?id=2482505&use=l&cat=p&typeid=i","cat":284489},{"id":90689,"n":"Lotus Biscoff Speculoos Biscuit Pocket 248g (16x2p)","p":2.32,"u":"9,35 €/KG","img":"https://fd9-photos.leclercdrive.fr/image.ashx?id=2694986&use=l&cat=p&typeid=i","cat":284487},{"id":90693,"n":"Chair et pattes de crabe Eco+ 121g","p":2.97,"u":"24,55 €/KG","img":"https://fd9-photos.leclercdrive.fr/image.ashx?id=2646985&use=l&cat=p&typeid=i","cat":305147},{"id":90697,"n":"Boisson Coco Végé 1L Végé - 200g","p":1.75,"u":"1,75 €/L","img":"https://fd9-photos.leclercdrive.fr/image.ashx?id=2869516&use=l&cat=p&typeid=i","cat":316067},{"id":90798,"n":"Velouté Bio Liebig Légumes du soleil - 1L","p":3.45,"u":"3,45 €/L","img":"https://fd9-photos.leclercdrive.fr/image.ashx?id=2643689&use=l&cat=p&typeid=i","cat":284462},{"id":90820,"n":"Soupe liquide Knorr Potiron - 45cl","p":2.19,"u":"4,87 €/L","img":"https://fd9-photos.leclercdrive.fr/image.ashx?id=2338663&use=l&cat=p&typeid=i","cat":284462},{"id":90822,"n":"Soupe liquide Knorr Légumes du potager - 45cl","p":2.19,"u":"4,87 €/L","img":"https://fd9-photos.leclercdrive.fr/image.ashx?id=2324357&use=l&cat=p&typeid=i","cat":284462},{"id":90892,"n":"Whisky Jack Daniel's Rye 70cL","p":27.25,"u":"38,93 €/L","img":"https://fd9-photos.leclercdrive.fr/image.ashx?id=2525432&use=l&cat=p&typeid=i","cat":284547},{"id":90905,"n":"Emmental 32% MG Bio Bio village - 250g","p":2.99,"u":"11,96 €/KG","img":"https://fd9-photos.leclercdrive.fr/image.ashx?id=2425351&use=l&cat=p&typeid=i","cat":314034},{"id":90993,"n":"Soda Pepsi Regular - 2L","p":1.57,"u":"0,79 €/L","img":"https://fd9-photos.leclercdrive.fr/image.ashx?id=1583915&use=l&cat=p&typeid=i","cat":284530},{"id":91019,"n":"Pastis de Marseille Sigale 45%vol. - 50cl","p":9.89,"u":"19,78 €/L","img":"https://fd9-photos.leclercdrive.fr/image.ashx?id=2637820&use=l&cat=p&typeid=i","cat":284548},{"id":91020,"n":"Gin Brighton's London Dry 37,5%vol. - 70cl","p":9.96,"u":"14,23 €/L","img":"https://fd9-photos.leclercdrive.fr/image.ashx?id=2869835&use=l&cat=p&typeid=i","cat":284550},{"id":91022,"n":"Vodka Boriskov Pure grain 37.5%vol - 70cl","p":9.95,"u":"14,21 €/L","img":"https://fd9-photos.leclercdrive.fr/image.ashx?id=2805009&use=l&cat=p&typeid=i","cat":284550},{"id":91026,"n":"Pur Jus d'orange Bio Village Bio Carotte Citron - 1L","p":2.89,"u":"2,89 €/L","img":"https://fd9-photos.leclercdrive.fr/image.ashx?id=2901557&use=l&cat=p&typeid=i","cat":284521},{"id":91178,"n":"Crème visage Jour FPS 15 Nivea Nourrissante Peau Sèche - 50ml","p":4.07,"u":"81,40 €/L","img":"https://fd9-photos.leclercdrive.fr/image.ashx?id=3014605&use=l&cat=p&typeid=i","cat":325345},{"id":91231,"n":"Thé vert Twinings Framboise Passion x20 - 32g","p":2.76,"u":"86,25 €/KG","img":"https://fd9-photos.leclercdrive.fr/image.ashx?id=2893030&use=l&cat=p&typeid=i","cat":293233},{"id":91296,"n":"Assortiment chocolats Equador Fins - 195g","p":5.15,"u":"26,41 €/KG","img":"https://fd9-photos.leclercdrive.fr/image.ashx?id=3001214&use=l&cat=p&typeid=i","cat":327595},{"id":91340,"n":"Collants Modacolors Le Bourget Opaque Marine T1/2","p":5.95,"img":"https://fd9-photos.leclercdrive.fr/image.ashx?id=2566966&use=l&cat=p&typeid=i","cat":334130},{"id":91365,"n":"Choco monnaie Fizzy Chocolat - 100g","p":1.95,"u":"19,50 €/KG","img":"https://fd9-photos.leclercdrive.fr/image.ashx?id=2194235&use=l&cat=p&typeid=i","cat":284958},{"id":91390,"n":"Ampoule globe Foxter LED E27 8,5-60W blanc chaud x1","p":7.99,"u":"Dont 0,12 € d'éco-part.","img":"https://fd9-photos.leclercdrive.fr/image.ashx?id=1505542&use=l&cat=p&typeid=i","cat":300573},{"id":91391,"n":"Gold Gianduiotti Novi 150g","p":7.95,"u":"53,00 €/KG","img":"https://fd9-photos.leclercdrive.fr/image.ashx?id=2654384&use=l&cat=p&typeid=i","cat":327595},{"id":91432,"n":"Ampoule spot Foxter LED GU10 5,5-50W dim blanc chaud","p":6.59,"u":"Dont 0,12 € d'éco-part.","img":"https://fd9-photos.leclercdrive.fr/image.ashx?id=1505673&use=l&cat=p&typeid=i","cat":300573},{"id":91437,"n":"Ampoule standard Foxter LED E27 10,5-75W blanc chaud","p":4.49,"u":"Dont 0,12 € d'éco-part.","img":"https://fd9-photos.leclercdrive.fr/image.ashx?id=1505688&use=l&cat=p&typeid=i","cat":300573},{"id":91442,"n":"Ampoule standard Foxter LED B22 10,5-75W blanc chaud","p":4.49,"u":"Dont 0,12 € d'éco-part.","img":"https://fd9-photos.leclercdrive.fr/image.ashx?id=1505691&use=l&cat=p&typeid=i","cat":300573},{"id":91455,"n":"Ampoule LED capsule Foxter G4 90 lumen - lumière chaude","p":4.99,"u":"Dont 0,12 € d'éco-part.","img":"https://fd9-photos.leclercdrive.fr/image.ashx?id=1872538&use=l&cat=p&typeid=i","cat":300573},{"id":91461,"n":"Mini toblerone Chocolat au lait - 280g","p":9.99,"u":"35,68 €/KG","img":"https://fd9-photos.leclercdrive.fr/image.ashx?id=2792951&use=l&cat=p&typeid=i","cat":284499},{"id":91462,"n":"Marrons glacés Equador Morceaux - 250g","p":6.6,"u":"26,40 €/KG","img":"https://fd9-photos.leclercdrive.fr/image.ashx?id=2228013&use=l&cat=p&typeid=i","cat":327603},{"id":91482,"n":"Riz Comptoir du Grain Champignons 2 min - 250g","p":1.22,"u":"4,88 €/KG","img":"https://fd9-photos.leclercdrive.fr/image.ashx?id=2856561&use=l&cat=p&typeid=i","cat":287600},{"id":91485,"n":"Riz long Comptoir du Grain Express 2 min - 250g","p":0.99,"u":"3,96 €/KG","img":"https://fd9-photos.leclercdrive.fr/image.ashx?id=2441393&use=l&cat=p&typeid=i","cat":287600},{"id":91487,"n":"Bière Brewdog Elvis Juice  33cl","p":2.58,"u":"7,82 €/L","img":"https://fd9-photos.leclercdrive.fr/image.ashx?id=2941871&use=l&cat=p&typeid=i","cat":334872},{"id":91553,"n":"Quinoa Céréal Bio  Bio repas express 220g","p":2.32,"u":"10,55 €/KG","img":"https://fd9-photos.leclercdrive.fr/image.ashx?id=2575081&use=l&cat=p&typeid=i","cat":287600},{"id":91554,"n":"Blé Riz quinoa Céréal Bio  Bio repas express 220g","p":1.96,"u":"8,91 €/KG","img":"https://fd9-photos.leclercdrive.fr/image.ashx?id=2662844&use=l&cat=p&typeid=i","cat":287600},{"id":91557,"n":"Lentilles Riz Soja Céréal Bio Bio repas express-250g","p":1.95,"u":"7,80 €/KG","img":"https://fd9-photos.leclercdrive.fr/image.ashx?id=2575084&use=l&cat=p&typeid=i","cat":287600},{"id":91567,"n":"Carton 5 ramettes Esquisse A4 90g - 5x500 feuilles","p":29.5,"u":"5,90 €/P","img":"https://fd9-photos.leclercdrive.fr/image.ashx?id=1495399&use=l&cat=p&typeid=i","cat":284697},{"id":91603,"n":"Gel pur So Bio Etic Aloe Vera bio - 125ml","p":7.43,"u":"59,44 €/L","img":"https://fd9-photos.leclercdrive.fr/image.ashx?id=2802497&use=l&cat=p&typeid=i","cat":325345},{"id":91604,"n":"Serum Hydra Bio Etic Aloe Vera bio  - 30ml","p":7.64,"u":"254,67 €/L","img":"https://fd9-photos.leclercdrive.fr/image.ashx?id=2957650&use=l&cat=p&typeid=i","cat":325345},{"id":91605,"n":"Soin nutritif So Bio Etic Aloe Vera bio - 50ml","p":7.43,"u":"148,60 €/L","img":"https://fd9-photos.leclercdrive.fr/image.ashx?id=2992128&use=l&cat=p&typeid=i","cat":325345},{"id":91606,"n":"Contour yeux Sobio Etic Aloe Vera bio apaisant - 15ml","p":7.84,"u":"522,67 €/L","img":"https://fd9-photos.leclercdrive.fr/image.ashx?id=2811248&use=l&cat=p&typeid=i","cat":325345},{"id":91793,"n":"AOC Côtes du Rhône rouge Chapoutier - 1.5L","p":12.73,"u":"8,49 €/L","img":"https://fd9-photos.leclercdrive.fr/image.ashx?id=2734345&use=l&cat=p&typeid=i","cat":289556},{"id":91807,"n":"petit suisse aux fruits danonino - 12x50g","p":2.37,"u":"3,95 €/KG","img":"https://fd9-photos.leclercdrive.fr/image.ashx?id=3003140&use=l&cat=p&typeid=i","cat":284414},{"id":91809,"n":"Yaourts bio - Les 300&Bio Mûre Myrtille - 4x125g","p":1.75,"u":"3,50 €/KG","img":"https://fd9-photos.leclercdrive.fr/image.ashx?id=2845452&use=l&cat=p&typeid=i","cat":284410},{"id":91812,"n":"Panés pois chiches feta Végé - 2x90g","p":1.88,"u":"10,44 €/KG","img":"https://fd9-photos.leclercdrive.fr/image.ashx?id=2865272&use=l&cat=p&typeid=i","cat":316036},{"id":91813,"n":"Panés tomate mozza Végé - 2x90g","p":1.88,"u":"10,44 €/KG","img":"https://fd9-photos.leclercdrive.fr/image.ashx?id=2865275&use=l&cat=p&typeid=i","cat":316036},{"id":91814,"n":"Pommes bicolores bio Bio Village Barquette x4","p":1.99,"u":"0,50 €/P","img":"https://fd9-photos.leclercdrive.fr/image.ashx?id=2556538&use=l&cat=p&typeid=i","cat":284356},{"id":91903,"n":"Biscuits Délichoc Chocolat noir - 3x150g","p":4.53,"u":"10,07 €/KG","img":"https://fd9-photos.leclercdrive.fr/image.ashx?id=2668332&use=l&cat=p&typeid=i","cat":284488},{"id":92027,"n":"Tablette chocolat au lait Lindt Caramel Pointe de sel - 100g","p":2.32,"u":"23,20 €/KG","img":"https://fd9-photos.leclercdrive.fr/image.ashx?id=2750384&use=l&cat=p&typeid=i","cat":284497},{"id":92028,"n":"Tablette de chocolat noir Lindt Amandes effilées - 100g","p":2.55,"u":"25,50 €/KG","img":"https://fd9-photos.leclercdrive.fr/image.ashx?id=2643764&use=l&cat=p&typeid=i","cat":284956},{"id":92073,"n":"Légumes pour Wok Bio Village Bio - 600g","p":2.99,"u":"4,98 €/KG","img":"https://fd9-photos.leclercdrive.fr/image.ashx?id=2898071&use=l&cat=p&typeid=i","cat":319823},{"id":92256,"n":"Gourdes bio bébé Hipp Bio 4 variétés - 8x120g","p":9.75,"u":"10,16 €/KG","img":"https://fd9-photos.leclercdrive.fr/image.ashx?id=2915578&use=l&cat=p&typeid=i","cat":312393},{"id":92267,"n":"Soupe instantanée Royco  Indienne - 3x200ml","p":1.64,"u":"2,73 €/L","img":"https://fd9-photos.leclercdrive.fr/image.ashx?id=2650988&use=l&cat=p&typeid=i","cat":293527},{"id":92342,"n":"AOP Bordeaux vin blanc Mouton Cadet - 75cl","p":5.59,"u":"7,45 €/L","img":"https://fd9-photos.leclercdrive.fr/image.ashx?id=2845985&use=l&cat=p&typeid=i","cat":289557},{"id":92356,"n":"Serviettes Hygieniques Vania  Maxi confort super - x16","p":1.75,"u":"0,11 €/P","img":"https://fd9-photos.leclercdrive.fr/image.ashx?id=2908168&use=l&cat=p&typeid=i","cat":284624},{"id":92436,"n":"Noix de Saint-Jacques ASC Ronde des Mers - 300g","p":8.7,"u":"29,00 €/KG","img":"https://fd9-photos.leclercdrive.fr/image.ashx?id=2835032&use=l&cat=p&typeid=i","cat":319787},{"id":92516,"n":"Poélée Légume Wok Notre Jardin Inde - 1kg","p":3.99,"u":"3,99 €/KG","img":"https://fd9-photos.leclercdrive.fr/image.ashx?id=2803957&use=l&cat=p&typeid=i","cat":319823},{"id":92529,"n":"Échalotes traditionnelles bio  Bio Village - 250g","p":1.99,"u":"7,96 €/KG","img":"https://fd9-photos.leclercdrive.fr/image.ashx?id=2922454&use=l&cat=p&typeid=i","cat":284352},{"id":92530,"n":"Cidre fermier Doux NRT IGP  De Bretagne - 3%vol - 75cl","p":3.34,"u":"4,45 €/L","img":"https://fd9-photos.leclercdrive.fr/image.ashx?id=2791117&use=l&cat=p&typeid=i","cat":334880},{"id":92533,"n":"Céréales Quaker Cruesli Chocolat au lait - 450g","p":2.61,"u":"5,80 €/KG","img":"https://fd9-photos.leclercdrive.fr/image.ashx?id=2212156&use=l&cat=p&typeid=i","cat":309512},{"id":92702,"n":"Tomate ronde grappe Bio Village Bio - 500g","p":2.49,"u":"4,98 €/KG","img":"https://fd9-photos.leclercdrive.fr/image.ashx?id=2551996&use=l&cat=p&typeid=i","cat":284352},{"id":92715,"n":"Pochettes coins Esquisses Transparentes - x10","p":1.5,"u":"0,15 €/P","img":"https://fd9-photos.leclercdrive.fr/image.ashx?id=1700197&use=l&cat=p&typeid=i","cat":284745},{"id":92761,"n":"Sacs poubelle 10L Eco+ Salle de bain - x30","p":1.08,"u":"0,04 €/P","img":"https://fd9-photos.leclercdrive.fr/image.ashx?id=2755052&use=l&cat=p&typeid=i","cat":285168},{"id":92780,"n":"Bière blonde Heineken 6x25cl","p":4.27,"u":"2,85 €/L","img":"https://fd9-photos.leclercdrive.fr/image.ashx?id=3011077&use=l&cat=p&typeid=i","cat":334873},{"id":92782,"n":"Thé glacé Fuze Tea Saveur pêche - 1.25L","p":1.48,"u":"1,18 €/L","img":"https://fd9-photos.leclercdrive.fr/image.ashx?id=2940390&use=l&cat=p&typeid=i","cat":295019},{"id":92818,"n":"Tablette lave-vaisselle Rainett Tout en 1 Bicarbonate x30 -600g","p":4.96,"u":"8,27 €/KG","img":"https://fd9-photos.leclercdrive.fr/image.ashx?id=2506477&use=l&cat=p&typeid=i","cat":284656},{"id":92836,"n":"Tuiles Chaque jour sans gluten Goût Paprika - 170g","p":2.12,"u":"12,47 €/KG","img":"https://fd9-photos.leclercdrive.fr/image.ashx?id=2824707&use=l&cat=p&typeid=i","cat":318654},{"id":92837,"n":"Tuiles Chaque jour sans gluten Goût salé - 170g","p":2.12,"u":"12,47 €/KG","img":"https://fd9-photos.leclercdrive.fr/image.ashx?id=2463410&use=l&cat=p&typeid=i","cat":318654},{"id":92838,"n":"Vinaigre Rustica Au jus de citron - 75cl","p":1.35,"u":"1,80 €/L","img":"https://fd9-photos.leclercdrive.fr/image.ashx?id=1515723&use=l&cat=p&typeid=i","cat":298543},{"id":92840,"n":"Vinaigre balsamique Rustica Blanc - 25cl","p":1.99,"u":"7,96 €/L","img":"https://fd9-photos.leclercdrive.fr/image.ashx?id=2603590&use=l&cat=p&typeid=i","cat":298543},{"id":92841,"n":"Huile de tournesol Rustica 50cl","p":1.39,"u":"2,78 €/L","img":"https://fd9-photos.leclercdrive.fr/image.ashx?id=2900349&use=l&cat=p&typeid=i","cat":284453},{"id":92842,"n":"Mélange 4 huiles Rustica Végétales - 50cl","p":1.79,"u":"3,58 €/L","img":"https://fd9-photos.leclercdrive.fr/image.ashx?id=2508885&use=l&cat=p&typeid=i","cat":284453},{"id":92853,"n":"Gaufrettes vanille Chaque jour sans gluten - 125g","p":3.26,"u":"26,08 €/KG","img":"https://fd9-photos.leclercdrive.fr/image.ashx?id=2939076&use=l&cat=p&typeid=i","cat":318654},{"id":92861,"n":"Crème Visage Jour FPS 15 Nivea Hydratante - 50ml","p":4.08,"u":"81,60 €/L","img":"https://fd9-photos.leclercdrive.fr/image.ashx?id=3015335&use=l&cat=p&typeid=i","cat":325345},{"id":93022,"n":"Bière blonde Heineken 20x25cl","p":12.55,"u":"2,51 €/L","img":"https://fd9-photos.leclercdrive.fr/image.ashx?id=3011074&use=l&cat=p&typeid=i","cat":334873},{"id":93023,"n":"Bière blonde Heineken 12x25cl","p":7.44,"u":"2,48 €/L","img":"https://fd9-photos.leclercdrive.fr/image.ashx?id=3011080&use=l&cat=p&typeid=i","cat":334873},{"id":93029,"n":"Poireau bio Bio Village 750g","p":3.79,"u":"5,05 €/KG","img":"https://fd9-photos.leclercdrive.fr/image.ashx?id=2322956&use=l&cat=p&typeid=i","cat":284352},{"id":93032,"n":"Saucisson Justin Bridou Bâton de Berger Nature 250g","p":3.93,"u":"15,72 €/KG","img":"https://fd9-photos.leclercdrive.fr/image.ashx?id=2921313&use=l&cat=p&typeid=i","cat":316006},{"id":93036,"n":"Rosette tranchée Cochonou  10 tranches - 93g","p":1.85,"u":"19,89 €/KG","img":"https://fd9-photos.leclercdrive.fr/image.ashx?id=2924107&use=l&cat=p&typeid=i","cat":316007},{"id":93037,"n":"Saucisson sec Tranché Cochonou 30 tranches - 93g","p":1.64,"u":"17,63 €/KG","img":"https://fd9-photos.leclercdrive.fr/image.ashx?id=2924104&use=l&cat=p&typeid=i","cat":316007},{"id":93041,"n":"Fromage Caprice Des Dieux 300g","p":3.59,"u":"11,97 €/KG","img":"https://fd9-photos.leclercdrive.fr/image.ashx?id=2763178&use=l&cat=p&typeid=i","cat":314033},{"id":93043,"n":"Crème dessert Bio village Bio - 4x95g  - Vanille","p":1.28,"u":"3,37 €/KG","img":"https://fd9-photos.leclercdrive.fr/image.ashx?id=2992648&use=l&cat=p&typeid=i","cat":285041},{"id":93044,"n":"AOC Côtes du Rhône Villages Bio Rouge Rives & Terrasses - 75cl","p":5.49,"u":"7,32 €/L","img":"https://fd9-photos.leclercdrive.fr/image.ashx?id=2835041&use=l&cat=p&typeid=i","cat":289556},{"id":93045,"n":"AOC Corbières BIO vin rouge Prieur Barsanne - 75cl","p":3.99,"u":"5,32 €/L","img":"https://fd9-photos.leclercdrive.fr/image.ashx?id=2718478&use=l&cat=p&typeid=i","cat":289556},{"id":93108,"n":"Bière Desperados Pack de 12x33cl","p":14.45,"u":"3,65 €/L","img":"https://fd9-photos.leclercdrive.fr/image.ashx?id=2983123&use=l&cat=p&typeid=i","cat":334878},{"id":93109,"n":"Bière Desperados Pack de 6x33cl","p":8.46,"u":"4,27 €/L","img":"https://fd9-photos.leclercdrive.fr/image.ashx?id=2999865&use=l&cat=p&typeid=i","cat":334878},{"id":93110,"n":"Epinards hachés à la crème Bio Bio Village - 600g","p":2.1,"u":"3,50 €/KG","img":"https://fd9-photos.leclercdrive.fr/image.ashx?id=2043276&use=l&cat=p&typeid=i","cat":319805},{"id":93111,"n":"Camembert Le Rustique  250g","p":2.33,"u":"9,32 €/KG","img":"https://fd9-photos.leclercdrive.fr/image.ashx?id=2979722&use=l&cat=p&typeid=i","cat":314033},{"id":93112,"n":"Coulommiers Cœur de Lion  350g","p":2.6,"u":"7,43 €/KG","img":"https://fd9-photos.leclercdrive.fr/image.ashx?id=2766286&use=l&cat=p&typeid=i","cat":314033},{"id":93185,"n":"Epinards hachés Bio Bio Village - 600g","p":1.77,"u":"2,95 €/KG","img":"https://fd9-photos.leclercdrive.fr/image.ashx?id=2898083&use=l&cat=p&typeid=i","cat":319805},{"id":93219,"n":"Gin Fair 42%vol - 50cl","p":28.95,"u":"57,90 €/L","img":"https://fd9-photos.leclercdrive.fr/image.ashx?id=1578525&use=l&cat=p&typeid=i","cat":284550},{"id":93243,"n":"Dissolvant Inell Semi-permanent - 150ml","p":1.42,"u":"9,47 €/L","img":"https://fd9-photos.leclercdrive.fr/image.ashx?id=2691682&use=l&cat=p&typeid=i","cat":325347},{"id":93246,"n":"Assortiment Copains Copines Fraises bananes - 250g","p":1.19,"u":"4,76 €/KG","img":"https://fd9-photos.leclercdrive.fr/image.ashx?id=2934724&use=l&cat=p&typeid=i","cat":304250},{"id":93248,"n":"Assortiment Copains Copines Tubo gélifiés doux - 600g","p":3.32,"u":"5,53 €/KG","img":"https://fd9-photos.leclercdrive.fr/image.ashx?id=2934727&use=l&cat=p&typeid=i","cat":304250},{"id":93254,"n":"Assortiment Copains Copines Mini sachets - 500g","p":3.58,"u":"7,16 €/KG","img":"https://fd9-photos.leclercdrive.fr/image.ashx?id=2934736&use=l&cat=p&typeid=i","cat":304250},{"id":93300,"n":"Arrangé Isautier Cahouète  17% vol  - 50cl","p":16.3,"u":"32,60 €/L","img":"https://fd9-photos.leclercdrive.fr/image.ashx?id=2675427&use=l&cat=p&typeid=i","cat":284551},{"id":93303,"n":"Arrangé Isautier Café vanille  40% vol - 50cl","p":17.95,"u":"35,90 €/L","img":"https://fd9-photos.leclercdrive.fr/image.ashx?id=2527937&use=l&cat=p&typeid=i","cat":284551},{"id":93305,"n":"Arrangé Isautier Gingembre Citron 40° - 50cl","p":17.16,"u":"34,32 €/L","img":"https://fd9-photos.leclercdrive.fr/image.ashx?id=2322193&use=l&cat=p&typeid=i","cat":284551},{"id":93348,"n":"Assortiment 26%mg Les croisés 3 Variétés ss croûte - 700g","p":9.74,"u":"13,91 €/KG","img":"https://fd9-photos.leclercdrive.fr/image.ashx?id=2793269&use=l&cat=p&typeid=i","cat":314037},{"id":93401,"n":"Bière blonde pression Heineken Fût de 5L","p":17.87,"u":"3,57 €/L","img":"https://fd9-photos.leclercdrive.fr/image.ashx?id=2646194&use=l&cat=p&typeid=i","cat":334879},{"id":93405,"n":"IGP Pays d'Oc Grenache vin rosé Vieux Carion 12% vol - BIB 3L","p":7.99,"u":"2,66 €/L","img":"https://fd9-photos.leclercdrive.fr/image.ashx?id=2892352&use=l&cat=p&typeid=i","cat":289560},{"id":93543,"n":"Emincés de jambon Saint-Azay 100g","p":1.93,"u":"19,30 €/KG","img":"https://fd9-photos.leclercdrive.fr/image.ashx?id=2381438&use=l&cat=p&typeid=i","cat":316011},{"id":93574,"n":"Kit pour Burritos 510g","p":2.81,"u":"5,51 €/KG","img":"https://fd9-photos.leclercdrive.fr/image.ashx?id=2679774&use=l&cat=p&typeid=i","cat":288993},{"id":93596,"n":"Cidre bouché Envies De Doux - 75cl","p":2.6,"u":"3,47 €/L","img":"https://fd9-photos.leclercdrive.fr/image.ashx?id=2908978&use=l&cat=p&typeid=i","cat":334880},{"id":93599,"n":"Brosse a dent Oral-B Pro2000 - cross action black x1","p":51.63,"u":"Dont 0,07 € d'éco-part.","img":"https://fd9-photos.leclercdrive.fr/image.ashx?id=2205944&use=l&cat=p&typeid=i","cat":297133},{"id":93600,"n":"Dessert végétal soja Alpro Nature à la coco - 500g","p":1.82,"u":"3,64 €/KG","img":"https://fd9-photos.leclercdrive.fr/image.ashx?id=2976080&use=l&cat=p&typeid=i","cat":316071},{"id":93631,"n":"Graines de tournesol Eco+ 2.5kg","p":3.5,"u":"1,40 €/KG","img":"https://fd9-photos.leclercdrive.fr/image.ashx?id=2162123&use=l&cat=p&typeid=i","cat":284678},{"id":93683,"n":"Noix st Jacques Ronde des mers Avec corail - 300g","p":12.89,"u":"42,97 €/KG","img":"https://fd9-photos.leclercdrive.fr/image.ashx?id=1518050&use=l&cat=p&typeid=i","cat":319787},{"id":93685,"n":"Noix St Jacques Ronde des mers Sans Corail - MSC - 300g","p":14.99,"u":"49,97 €/KG","img":"https://fd9-photos.leclercdrive.fr/image.ashx?id=2545930&use=l&cat=p&typeid=i","cat":319787},{"id":93689,"n":"Noix St Jacques Ronde des mers Sans Corail - MSC - 300g","p":16.11,"u":"53,70 €/KG","img":"https://fd9-photos.leclercdrive.fr/image.ashx?id=2632885&use=l&cat=p&typeid=i","cat":319787},{"id":93690,"n":"Nems à la Crevette et Crabe Tables du Monde x4 - 280g","p":2.04,"u":"7,29 €/KG","img":"https://fd9-photos.leclercdrive.fr/image.ashx?id=2967673&use=l&cat=p&typeid=i","cat":333673},{"id":93700,"n":"Tablette chocolat Côte d'Or Chocolat lait praliné - 200g","p":3.86,"u":"19,30 €/KG","img":"https://fd9-photos.leclercdrive.fr/image.ashx?id=2850222&use=l&cat=p&typeid=i","cat":284497},{"id":93742,"n":"Joker Bio Multifruits 1L","p":2.72,"u":"2,72 €/L","img":"https://fd9-photos.leclercdrive.fr/image.ashx?id=3001293&use=l&cat=p&typeid=i","cat":284917},{"id":93765,"n":"Nettoyant moteur TECH9  300ml","p":4.99,"u":"16,63 €/L","img":"https://fd9-photos.leclercdrive.fr/image.ashx?id=2162492&use=l&cat=p&typeid=i","cat":298252},{"id":93776,"n":"Sauce tomate bio Jardin Bio Provençale - 510g","p":3.29,"u":"6,45 €/KG","img":"https://fd9-photos.leclercdrive.fr/image.ashx?id=2977435&use=l&cat=p&typeid=i","cat":287599},{"id":93785,"n":"Nettoyant pour vitres TECH9 500ml","p":2.9,"u":"5,80 €/L","img":"https://fd9-photos.leclercdrive.fr/image.ashx?id=2162447&use=l&cat=p&typeid=i","cat":298252},{"id":93788,"n":"Escalope Cordon Bleu Père Dodu  Poulet x2 - 200g","p":2.2,"u":"11,00 €/KG","img":"https://fd9-photos.leclercdrive.fr/image.ashx?id=2957170&use=l&cat=p&typeid=i","cat":333683},{"id":93790,"n":"Sauce tomate bio Jardin Bio Basilic - 510g","p":3.55,"u":"6,96 €/KG","img":"https://fd9-photos.leclercdrive.fr/image.ashx?id=2918832&use=l&cat=p&typeid=i","cat":287599},{"id":93798,"n":"Dégrippant multi-fonction TECH9 300ml","p":3.45,"u":"11,50 €/L","img":"https://fd9-photos.leclercdrive.fr/image.ashx?id=2162486&use=l&cat=p&typeid=i","cat":298252},{"id":93808,"n":"Rénovateur TECH9 Peintures anciennes - 500ml","p":4.99,"u":"9,98 €/L","img":"https://fd9-photos.leclercdrive.fr/image.ashx?id=2162459&use=l&cat=p&typeid=i","cat":298252},{"id":93810,"n":"Shampooing 3 en 1 TECH9 500ml","p":5.45,"u":"10,90 €/L","img":"https://fd9-photos.leclercdrive.fr/image.ashx?id=2162456&use=l&cat=p&typeid=i","cat":298252},{"id":93814,"n":"Nettoyant Plastique TECH9 Brillant Senteur Vanille -400ml","p":3.99,"u":"9,98 €/L","img":"https://fd9-photos.leclercdrive.fr/image.ashx?id=2162435&use=l&cat=p&typeid=i","cat":298252},{"id":93815,"n":"Efface rayures universel TECH9 100ml","p":2.6,"u":"26,00 €/L","img":"https://fd9-photos.leclercdrive.fr/image.ashx?id=2162465&use=l&cat=p&typeid=i","cat":298252},{"id":93817,"n":"Muesli croustillant 7 fruits  bio Terres et Céréales-1kg","p":6.38,"u":"6,38 €/KG","img":"https://fd9-photos.leclercdrive.fr/image.ashx?id=2802449&use=l&cat=p&typeid=i","cat":309512},{"id":93819,"n":"Poêlée de légume Notre Jardin Wok cuisiné Asie - 1kg","p":3.59,"u":"3,59 €/KG","img":"https://fd9-photos.leclercdrive.fr/image.ashx?id=2878600&use=l&cat=p&typeid=i","cat":319823},{"id":93820,"n":"Nettoyant TECH9 Insectes et fientes - 500ml","p":5.49,"u":"10,98 €/L","img":"https://fd9-photos.leclercdrive.fr/image.ashx?id=2162477&use=l&cat=p&typeid=i","cat":298252},{"id":93821,"n":"Nettoyant goudron résine TECH9 300ml","p":4.75,"u":"15,83 €/L","img":"https://fd9-photos.leclercdrive.fr/image.ashx?id=2162474&use=l&cat=p&typeid=i","cat":298252},{"id":93822,"n":"Nettoyant Plastique TECH9 Brillant Senteur Agrumes -400ml","p":3.99,"u":"9,98 €/L","img":"https://fd9-photos.leclercdrive.fr/image.ashx?id=2162438&use=l&cat=p&typeid=i","cat":298252},{"id":93824,"n":"Brillant pneus TECH9 400ml","p":6.99,"u":"17,48 €/L","img":"https://fd9-photos.leclercdrive.fr/image.ashx?id=2162480&use=l&cat=p&typeid=i","cat":298252},{"id":93842,"n":"Coton rectangle bébé Eco+ x200","p":3.99,"u":"0,02 €/P","img":"https://fd9-photos.leclercdrive.fr/image.ashx?id=2869760&use=l&cat=p&typeid=i","cat":284739},{"id":93851,"n":"Petit Pois Tendres et Fondants Cassegrain 280g","p":1.81,"u":"6,46 €/KG","img":"https://fd9-photos.leclercdrive.fr/image.ashx?id=2955318&use=l&cat=p&typeid=i","cat":312607},{"id":93854,"n":"Aubergines Cuisinées Cassegrain à la Provençale 375g","p":2.93,"u":"7,81 €/KG","img":"https://fd9-photos.leclercdrive.fr/image.ashx?id=2962086&use=l&cat=p&typeid=i","cat":312612},{"id":93855,"n":"Nettoyant plastique TECH9 Mat Senteur Neuf - 400ml","p":3.99,"u":"9,98 €/L","img":"https://fd9-photos.leclercdrive.fr/image.ashx?id=2162429&use=l&cat=p&typeid=i","cat":298252},{"id":93857,"n":"Répare crevaison TECH9 500ml","p":6.9,"u":"13,80 €/L","img":"https://fd9-photos.leclercdrive.fr/image.ashx?id=2162489&use=l&cat=p&typeid=i","cat":298252},{"id":93862,"n":"Rénovateur pare-choc TECH9 & Plastiques extérieurs - 400ml","p":3.45,"u":"8,63 €/L","img":"https://fd9-photos.leclercdrive.fr/image.ashx?id=2162468&use=l&cat=p&typeid=i","cat":298252},{"id":93867,"n":"Rénovateur joints TECH9 300ml","p":4.99,"u":"16,63 €/L","img":"https://fd9-photos.leclercdrive.fr/image.ashx?id=2162483&use=l&cat=p&typeid=i","cat":298252},{"id":93908,"n":"Huile moteur TECH9 2 temps - 2L","p":10.79,"u":"5,40 €/L","img":"https://fd9-photos.leclercdrive.fr/image.ashx?id=1543637&use=l&cat=p&typeid=i","cat":298253},{"id":93936,"n":"Filets de poulet Eco+ Blanc - 1kg","p":9.49,"u":"9,49 €/KG","img":"https://fd9-photos.leclercdrive.fr/image.ashx?id=1931415&use=l&cat=p&typeid=i","cat":284336},{"id":93951,"n":"Huile fine TECH9 Multi-usage - 125ml","p":2.1,"u":"16,80 €/L","img":"https://fd9-photos.leclercdrive.fr/image.ashx?id=1543706&use=l&cat=p&typeid=i","cat":298253},{"id":94052,"n":"Haricot Vert Cassegrain Extra Fin Ceuillis main 220g","p":2.08,"u":"9,45 €/KG","img":"https://fd9-photos.leclercdrive.fr/image.ashx?id=2955321&use=l&cat=p&typeid=i","cat":312606},{"id":94053,"n":"Gaufrette P'tit Déli Fraise des bois - 160g","p":1.52,"u":"9,50 €/KG","img":"https://fd9-photos.leclercdrive.fr/image.ashx?id=2915299&use=l&cat=p&typeid=i","cat":284489},{"id":94164,"n":"Fromage Crèmeux Saint Albray  200g","p":2.87,"u":"14,35 €/KG","img":"https://fd9-photos.leclercdrive.fr/image.ashx?id=2731825&use=l&cat=p&typeid=i","cat":329558},{"id":94180,"n":"Croquettes chat Ultima Stérilisé sensible - 3kg","p":13.45,"u":"4,48 €/KG","img":"https://fd9-photos.leclercdrive.fr/image.ashx?id=2906580&use=l&cat=p&typeid=i","cat":284680},{"id":94189,"n":"Sachet chat sénior Perfect Fit dinde poisson sauce - 4x85g","p":3.42,"u":"10,06 €/KG","img":"https://fd9-photos.leclercdrive.fr/image.ashx?id=2759730&use=l&cat=p&typeid=i","cat":285286},{"id":94261,"n":"Coffret Bière Rince Cochon Blonde - 3x33cl + verre","p":12.95,"pp":11.45,"u":"11,57 €/L","img":"https://fd9-photos.leclercdrive.fr/image.ashx?id=1741466&use=l&cat=p&typeid=i","cat":334872},{"id":94281,"n":"Rhum blanc Bologne 50%vol - 100cl","p":19.31,"u":"19,31 €/L","img":"https://fd9-photos.leclercdrive.fr/image.ashx?id=2876554&use=l&cat=p&typeid=i","cat":284550},{"id":94309,"n":"Croquettes chat stérilisé D’intérieur Ultima - 3kg","p":14.18,"u":"4,73 €/KG","img":"https://fd9-photos.leclercdrive.fr/image.ashx?id=2922230&use=l&cat=p&typeid=i","cat":284680},{"id":94486,"n":"Crackers Epi D'or 250g","p":1.28,"u":"5,12 €/KG","img":"https://fd9-photos.leclercdrive.fr/image.ashx?id=2791326&use=l&cat=p&typeid=i","cat":297000},{"id":94489,"n":"Lames Wilkinson Quattro Titanium Sensitive - x4","p":8.96,"u":"2,24 €/P","img":"https://fd9-photos.leclercdrive.fr/image.ashx?id=2451405&use=l&cat=p&typeid=i","cat":284616},{"id":94635,"n":"Brasse végétal nature Andros 4x100g","p":2.71,"u":"6,78 €/KG","img":"https://fd9-photos.leclercdrive.fr/image.ashx?id=2872012&use=l&cat=p&typeid=i","cat":316071},{"id":94697,"n":"Vinaigre ménager  5L","p":6.19,"u":"1,24 €/L","img":"https://fd9-photos.leclercdrive.fr/image.ashx?id=2277014&use=l&cat=p&typeid=i","cat":325365},{"id":94833,"n":"Rouleau papier cadeau Esquisse Motifs sur fond bleu - 2mx0,7m","p":0.46,"img":"https://fd9-photos.leclercdrive.fr/image.ashx?id=1762625&use=l&cat=p&typeid=i","cat":335914},{"id":94853,"n":"Oeufs frais plein air Bio Bio village - x4","p":1.9,"u":"0,48 €/P","img":"https://fd9-photos.leclercdrive.fr/image.ashx?id=2983847&use=l&cat=p&typeid=i","cat":284378},{"id":94859,"n":"Yaourt à la grecque YAOS  Stracciatella - 4x125g","p":2.47,"u":"4,94 €/KG","img":"https://fd9-photos.leclercdrive.fr/image.ashx?id=2679506&use=l&cat=p&typeid=i","cat":314999},{"id":95001,"n":"Feuilletés apéritifs  Vitacuire 80 pièces - 900g","p":8.23,"u":"9,14 €/KG","img":"https://fd9-photos.leclercdrive.fr/image.ashx?id=1643630&use=l&cat=p&typeid=i","cat":319774},{"id":95112,"n":"Bière Cervoise des Ancêtres BlondeTriple - 8.5% vol. - 75cl","p":4.8,"u":"6,40 €/L","img":"https://fd9-photos.leclercdrive.fr/image.ashx?id=2021244&use=l&cat=p&typeid=i","cat":334872},{"id":95507,"n":"Risotto au Poulet & Cèpes Fleury Michon 2+1offert - 840g","p":5.47,"u":"6,51 €/KG","img":"https://fd9-photos.leclercdrive.fr/image.ashx?id=2246818&use=l&cat=p&typeid=i","cat":333665},{"id":95524,"n":"Essuie-tout bobine Mimosa 500 feuilles","p":3.7,"img":"https://fd9-photos.leclercdrive.fr/image.ashx?id=1523297&use=l&cat=p&typeid=i","cat":284635},{"id":95535,"n":"Saumon fumé ASC Ronde des Mers Norvège x4T - 140g","p":4.99,"u":"35,64 €/KG","img":"https://fd9-photos.leclercdrive.fr/image.ashx?id=2833126&use=l&cat=p&typeid=i","cat":285188},{"id":95548,"n":"Rillettes de sardine 140g","p":1.77,"u":"12,64 €/KG","img":"https://fd9-photos.leclercdrive.fr/image.ashx?id=2981885&use=l&cat=p&typeid=i","cat":285191},{"id":95564,"n":"Crème fraîche légère Yoplait Fleurette 15% mg - 38cl","p":1.92,"u":"5,05 €/L","img":"https://fd9-photos.leclercdrive.fr/image.ashx?id=2733664&use=l&cat=p&typeid=i","cat":284381},{"id":95586,"n":"Eau micellaire bio SoBio Etic Peau sensible aloé véra - 500ml","p":6.62,"u":"13,24 €/L","img":"https://fd9-photos.leclercdrive.fr/image.ashx?id=2801905&use=l&cat=p&typeid=i","cat":284603},{"id":95623,"n":"AOP Champagne Brut Demoiselle Vranken - 75cl","p":26.08,"u":"34,77 €/L","img":"https://fd9-photos.leclercdrive.fr/image.ashx?id=2203988&use=l&cat=p&typeid=i","cat":284542},{"id":95815,"n":"Dessert végétal soja alpro Vanille - 500g","p":1.81,"u":"3,62 €/KG","img":"https://fd9-photos.leclercdrive.fr/image.ashx?id=2977672&use=l&cat=p&typeid=i","cat":316071},{"id":95817,"n":"Dessert végétal soja alpro Nature à l'amande - 500g","p":1.83,"u":"3,66 €/KG","img":"https://fd9-photos.leclercdrive.fr/image.ashx?id=2977684&use=l&cat=p&typeid=i","cat":316071},{"id":95947,"n":"Pommes jaunes Panier du Primeur x6","p":2.49,"u":"0,42 €/P","img":"https://fd9-photos.leclercdrive.fr/image.ashx?id=2338700&use=l&cat=p&typeid=i","cat":284356},{"id":95973,"n":"Eau minérale naturelle Evian  6x1,5l","p":3.36,"u":"0,37 €/L","img":"https://fd9-photos.leclercdrive.fr/image.ashx?id=2967717&use=l&cat=p&typeid=i","cat":284535},{"id":95974,"n":"Bière blonde Bud 5% - 12x25cl","p":8.22,"u":"2,74 €/L","img":"https://fd9-photos.leclercdrive.fr/image.ashx?id=2995406&use=l&cat=p&typeid=i","cat":334873},{"id":95975,"n":"Liquide vaisselle Visior Pomme poire - 750ml","p":1.19,"u":"1,59 €/L","img":"https://fd9-photos.leclercdrive.fr/image.ashx?id=2872718&use=l&cat=p&typeid=i","cat":284655},{"id":95976,"n":"Liquide vaisselle Visior Fruit rouge & Fleur - 750ml","p":1.19,"u":"1,59 €/L","img":"https://fd9-photos.leclercdrive.fr/image.ashx?id=2724586&use=l&cat=p&typeid=i","cat":284655},{"id":95977,"n":"Liquide vaisselle Visior Amande Calendula - 750ml","p":1.26,"u":"1,68 €/L","img":"https://fd9-photos.leclercdrive.fr/image.ashx?id=2872721&use=l&cat=p&typeid=i","cat":284655},{"id":95979,"n":"Gel douche Manava Orchidée Camélia - 250ml","p":1.15,"u":"4,60 €/L","img":"https://fd9-photos.leclercdrive.fr/image.ashx?id=2805033&use=l&cat=p&typeid=i","cat":284594},{"id":96035,"n":"Yaourts brassés Bio Les 300&Bio Pêche / Abricot  4x125g","p":1.75,"u":"3,50 €/KG","img":"https://fd9-photos.leclercdrive.fr/image.ashx?id=2502320&use=l&cat=p&typeid=i","cat":284410},{"id":96057,"n":"Café grains Méo Espresso - 1kg","p":15.25,"u":"15,25 €/KG","img":"https://fd9-photos.leclercdrive.fr/image.ashx?id=2593977&use=l&cat=p&typeid=i","cat":293237},{"id":96060,"n":"Chili con carné Bio Village Bio - 300g","p":3.49,"u":"11,63 €/KG","img":"https://fd9-photos.leclercdrive.fr/image.ashx?id=2437199&use=l&cat=p&typeid=i","cat":284953},{"id":96089,"n":"Gel douche Manava Citron basilic - 250ml","p":1.15,"u":"4,60 €/L","img":"https://fd9-photos.leclercdrive.fr/image.ashx?id=2626823&use=l&cat=p&typeid=i","cat":284594},{"id":96091,"n":"Gel douche Manava Concombre aloe vera - 250ml","p":1.18,"u":"4,72 €/L","img":"https://fd9-photos.leclercdrive.fr/image.ashx?id=2626826&use=l&cat=p&typeid=i","cat":284594},{"id":96094,"n":"Gel douche Manava Mangue Acai - 250ml","p":1.15,"u":"4,60 €/L","img":"https://fd9-photos.leclercdrive.fr/image.ashx?id=2805036&use=l&cat=p&typeid=i","cat":284594},{"id":96095,"n":"Gel douche Manava Envolée de pétales - 250ml","p":1.15,"u":"4,60 €/L","img":"https://fd9-photos.leclercdrive.fr/image.ashx?id=1980232&use=l&cat=p&typeid=i","cat":284594},{"id":96096,"n":"Gel douche Manava Crumble fruits rouges - 250ml","p":1.29,"u":"5,16 €/L","img":"https://fd9-photos.leclercdrive.fr/image.ashx?id=2486464&use=l&cat=p&typeid=i","cat":284594},{"id":96097,"n":"Gel douche Manava Noisettes caramel - 250ml","p":1.3,"u":"5,20 €/L","img":"https://fd9-photos.leclercdrive.fr/image.ashx?id=2805039&use=l&cat=p&typeid=i","cat":284594},{"id":96131,"n":"Soda Eco+ Gout orange - 1.5L","p":0.37,"u":"0,25 €/L","img":"https://fd9-photos.leclercdrive.fr/image.ashx?id=2741595&use=l&cat=p&typeid=i","cat":284532},{"id":96284,"n":"Pois chiches - 3x130g","p":1.65,"u":"4,23 €/KG","img":"https://fd9-photos.leclercdrive.fr/image.ashx?id=3002626&use=l&cat=p&typeid=i","cat":312609},{"id":96287,"n":"Café San Marco Grains n°7 - 500g","p":10.68,"u":"21,36 €/KG","img":"https://fd9-photos.leclercdrive.fr/image.ashx?id=2322163&use=l&cat=p&typeid=i","cat":293237},{"id":96416,"n":"Sauce soja Kikkoman 250ml","p":4.42,"u":"17,68 €/L","img":"https://fd9-photos.leclercdrive.fr/image.ashx?id=2544952&use=l&cat=p&typeid=i","cat":288992},{"id":96457,"n":"Soupe nouilles cup Yum Yum Saveur crevette - 70g","p":1.13,"u":"16,14 €/KG","img":"https://fd9-photos.leclercdrive.fr/image.ashx?id=2922320&use=l&cat=p&typeid=i","cat":288992},{"id":96563,"n":"Soufflés Monster Munch Barbecue - 2x100g","p":2.3,"u":"11,50 €/KG","img":"https://fd9-photos.leclercdrive.fr/image.ashx?id=2918787&use=l&cat=p&typeid=i","cat":284449},{"id":96777,"n":"Crème mains Inell Hydratante - 100ml","p":1.35,"u":"13,50 €/L","img":"https://fd9-photos.leclercdrive.fr/image.ashx?id=2515688&use=l&cat=p&typeid=i","cat":325354},{"id":96832,"n":"Mini viennoiseries Epi d'Or x12 - 372g","p":4.23,"u":"11,37 €/KG","img":"https://fd9-photos.leclercdrive.fr/image.ashx?id=1879302&use=l&cat=p&typeid=i","cat":288858},{"id":96920,"n":"Câbles de démarrage TECH9 25mm2","p":19.9,"img":"https://fd9-photos.leclercdrive.fr/image.ashx?id=2162561&use=l&cat=p&typeid=i","cat":298252},{"id":96926,"n":"Ampoules H4 TECH9 x2","p":5.95,"img":"https://fd9-photos.leclercdrive.fr/image.ashx?id=2162369&use=l&cat=p&typeid=i","cat":298252},{"id":96932,"n":"Saumon fumé Rondes des Mers ASC Norvège x2T - 75g","p":3.95,"u":"52,67 €/KG","img":"https://fd9-photos.leclercdrive.fr/image.ashx?id=2833123&use=l&cat=p&typeid=i","cat":285188},{"id":96935,"n":"Saumon fumé Ronde des Mers Ecosse x2T - 75g","p":3.99,"u":"53,20 €/KG","img":"https://fd9-photos.leclercdrive.fr/image.ashx?id=2823093&use=l&cat=p&typeid=i","cat":285188},{"id":96936,"n":"Saumon fumé Ronde des Mers Ecosse x6T - 200g","p":8.2,"u":"41,00 €/KG","img":"https://fd9-photos.leclercdrive.fr/image.ashx?id=2450059&use=l&cat=p&typeid=i","cat":285188},{"id":96937,"n":"Saumon fumé Eco+ Norvège - 200g","p":4.65,"u":"23,25 €/KG","img":"https://fd9-photos.leclercdrive.fr/image.ashx?id=2794823&use=l&cat=p&typeid=i","cat":285188},{"id":96938,"n":"Saumon fumé Ronde des Mers ASC Norvège x6T - 210g","p":8.5,"u":"40,48 €/KG","img":"https://fd9-photos.leclercdrive.fr/image.ashx?id=2833135&use=l&cat=p&typeid=i","cat":285188},{"id":96946,"n":"Houmous Bio Bio Village 160g","p":2.5,"u":"15,63 €/KG","img":"https://fd9-photos.leclercdrive.fr/image.ashx?id=1921643&use=l&cat=p&typeid=i","cat":315999},{"id":96948,"n":"Tarama Gourmet 175g","p":1.99,"u":"11,37 €/KG","img":"https://fd9-photos.leclercdrive.fr/image.ashx?id=2885131&use=l&cat=p&typeid=i","cat":315999},{"id":96959,"n":"Pains au chocolat Epi d'Or x6 - 450g","p":2.95,"u":"6,56 €/KG","img":"https://fd9-photos.leclercdrive.fr/image.ashx?id=1983598&use=l&cat=p&typeid=i","cat":284267},{"id":96964,"n":"Merguez Eco+ x6 - 330g","p":3.01,"u":"9,12 €/KG","img":"https://fd9-photos.leclercdrive.fr/image.ashx?id=2580502&use=l&cat=p&typeid=i","cat":284334},{"id":96966,"n":"Chipolatas Eco+ x6 - 330g","p":2.5,"u":"7,58 €/KG","img":"https://fd9-photos.leclercdrive.fr/image.ashx?id=2580499&use=l&cat=p&typeid=i","cat":284334},{"id":96970,"n":"Feuilletés Epinards Chèvre Côté Table - 2x150g","p":3.09,"u":"10,30 €/KG","img":"https://fd9-photos.leclercdrive.fr/image.ashx?id=2846523&use=l&cat=p&typeid=i","cat":333671},{"id":97033,"n":"Gel Bain douche Manava Fleur de cerisier - 500ml","p":1.88,"u":"3,76 €/L","img":"https://fd9-photos.leclercdrive.fr/image.ashx?id=2618356&use=l&cat=p&typeid=i","cat":284594},{"id":97060,"n":"Tagada Haribo Sachet bonbons - 400g","p":1.7,"u":"4,25 €/KG","img":"https://fd9-photos.leclercdrive.fr/image.ashx?id=2801854&use=l&cat=p&typeid=i","cat":304250},{"id":97130,"n":"Manchons de poulet Eco+ Mexicains - 250g","p":2.01,"u":"8,04 €/KG","img":"https://fd9-photos.leclercdrive.fr/image.ashx?id=2903929&use=l&cat=p&typeid=i","cat":333685},{"id":97135,"n":"Lait bio Bio Village Brique Demi-écrémé UHT -  6x1L","p":6.3,"u":"1,05 €/L","img":"https://fd9-photos.leclercdrive.fr/image.ashx?id=2970030&use=l&cat=p&typeid=i","cat":284377},{"id":97222,"n":"Yaourt lait brebis Bio Village Bio - Figue - 2x95g","p":1.89,"u":"9,95 €/KG","img":"https://fd9-photos.leclercdrive.fr/image.ashx?id=1889830&use=l&cat=p&typeid=i","cat":314998},{"id":97348,"n":"Crayons de couleur Eco+ Pochette de 18","p":0.53,"u":"0,03 €/P","img":"https://fd9-photos.leclercdrive.fr/image.ashx?id=1678664&use=l&cat=p&typeid=i","cat":284696},{"id":97359,"n":"Gyoza crevettes Ajinomoto Avec sauce soja  - 212g","p":4.34,"u":"20,47 €/KG","img":"https://fd9-photos.leclercdrive.fr/image.ashx?id=2590279&use=l&cat=p&typeid=i","cat":319774},{"id":97360,"n":"Gyoza Ajinomoto Poulet & légumes - 212g","p":4.36,"u":"20,57 €/KG","img":"https://fd9-photos.leclercdrive.fr/image.ashx?id=2590327&use=l&cat=p&typeid=i","cat":319774},{"id":97362,"n":"Gyoza Ajinomoto Légumes avec sauce soja - 212g","p":4.42,"u":"20,85 €/KG","img":"https://fd9-photos.leclercdrive.fr/image.ashx?id=2590330&use=l&cat=p&typeid=i","cat":319774},{"id":97574,"n":"Cahier Koverbook Clairefontaine Vert 24x32cm 5x5 48pages","p":2.89,"img":"https://fd9-photos.leclercdrive.fr/image.ashx?id=1780568&use=l&cat=p&typeid=i","cat":284697},{"id":97706,"n":"Capsules L'Origine du Goût Ethiopie - x10 - 55g","p":2.59,"u":"47,09 €/KG","img":"https://fd9-photos.leclercdrive.fr/image.ashx?id=2843051&use=l&cat=p&typeid=i","cat":284749},{"id":97713,"n":"Soda Tonic Sprink's 6x33cl","p":2.49,"u":"1,26 €/L","img":"https://fd9-photos.leclercdrive.fr/image.ashx?id=2956768&use=l&cat=p&typeid=i","cat":284531},{"id":97849,"n":"Semelles Gel Soft Femme Talons Quotidiens - 1 paire","p":15.89,"img":"https://fd9-photos.leclercdrive.fr/image.ashx?id=2226289&use=l&cat=p&typeid=i","cat":325354},{"id":97938,"n":"Biscuits aux amandes Kambly Tradition Suisse Rocher - 2x80g","p":4.5,"u":"28,13 €/KG","img":"https://fd9-photos.leclercdrive.fr/image.ashx?id=2181029&use=l&cat=p&typeid=i","cat":284490},{"id":98114,"n":"Serviettes Doulys Normal+ Teenage - x14","p":1.29,"u":"0,09 €/P","img":"https://fd9-photos.leclercdrive.fr/image.ashx?id=2839938&use=l&cat=p&typeid=i","cat":284624},{"id":98251,"n":"Liquide Vaisselle Brillance  VISIOR - 500ml","p":0.64,"u":"1,28 €/L","img":"https://fd9-photos.leclercdrive.fr/image.ashx?id=2951125&use=l&cat=p&typeid=i","cat":284655},{"id":98252,"n":"Liquide vaisselle Visior Antibactérien - 500ml","p":0.64,"u":"1,28 €/L","img":"https://fd9-photos.leclercdrive.fr/image.ashx?id=2951131&use=l&cat=p&typeid=i","cat":284655},{"id":98253,"n":"Liquide vaisselle Visior Désincrustant sel - 500ml","p":0.64,"u":"1,28 €/L","img":"https://fd9-photos.leclercdrive.fr/image.ashx?id=2951128&use=l&cat=p&typeid=i","cat":284655},{"id":98417,"n":"Liquide vaisselle floral Visior 500ml","p":0.64,"u":"1,28 €/L","img":"https://fd9-photos.leclercdrive.fr/image.ashx?id=2951134&use=l&cat=p&typeid=i","cat":284655},{"id":98421,"n":"Foie gras bloc P. Chaumeyrac À la figue - 100g","p":6.09,"u":"60,90 €/KG","img":"https://fd9-photos.leclercdrive.fr/image.ashx?id=2804335&use=l&cat=p&typeid=i","cat":316008},{"id":98422,"n":"Pavés de Saumon Bio Bio Village 200g","p":8.59,"u":"42,95 €/KG","img":"https://fd9-photos.leclercdrive.fr/image.ashx?id=2934802&use=l&cat=p&typeid=i","cat":319786},{"id":98427,"n":"Spécial mie longue 2pi d'Or Conservation - 400g","p":1.59,"u":"3,98 €/KG","img":"https://fd9-photos.leclercdrive.fr/image.ashx?id=3012866&use=l&cat=p&typeid=i","cat":284477},{"id":98429,"n":"Petits pains précuits Epi d'Or 4x75g","p":1.57,"u":"5,23 €/KG","img":"https://fd9-photos.leclercdrive.fr/image.ashx?id=2956966&use=l&cat=p&typeid=i","cat":325069},{"id":98437,"n":"Chorizo fort Eco+ 250g","p":1.63,"u":"6,52 €/KG","img":"https://fd9-photos.leclercdrive.fr/image.ashx?id=2430680&use=l&cat=p&typeid=i","cat":316006},{"id":98468,"n":"Yaourt à la grecque Délisse Vanille - 8x125g","p":3.59,"u":"3,59 €/KG","img":"https://fd9-photos.leclercdrive.fr/image.ashx?id=2699738&use=l&cat=p&typeid=i","cat":314999},{"id":98475,"n":"Blé soja haricots Céréal Bio  Façon Chili bio -220g","p":1.96,"u":"8,91 €/KG","img":"https://fd9-photos.leclercdrive.fr/image.ashx?id=2575096&use=l&cat=p&typeid=i","cat":287600},{"id":98499,"n":"Saumon fumé Petit Navire Ecosse - 4 tranches - 120g","p":6.48,"u":"54,00 €/KG","img":"https://fd9-photos.leclercdrive.fr/image.ashx?id=2950474&use=l&cat=p&typeid=i","cat":285188},{"id":98630,"n":"Compotes Douceur du Verger Panachées - x16","p":4.11,"u":"0,26 €/P","img":"https://fd9-photos.leclercdrive.fr/image.ashx?id=1693241&use=l&cat=p&typeid=i","cat":284416},{"id":98632,"n":"Poêlée  tagliatelle Côté Table Fruit de mer - 900g","p":6.55,"u":"7,28 €/KG","img":"https://fd9-photos.leclercdrive.fr/image.ashx?id=2754895&use=l&cat=p&typeid=i","cat":284254},{"id":98703,"n":"Diffuseur Sense & Spray Glade Sea Minerals Magnolia","p":7.99,"u":"Dont 0,02 € d'éco-part.","img":"https://fd9-photos.leclercdrive.fr/image.ashx?id=1649337&use=l&cat=p&typeid=i","cat":311629},{"id":98718,"n":"Frixion-clicker Pilot Vert - + Recharge + Fineliner","p":6.65,"img":"https://fd9-photos.leclercdrive.fr/image.ashx?id=2935963&use=l&cat=p&typeid=i","cat":284696},{"id":98719,"n":"Frixion-clicker Pilot Noir - + Recharge + Fineliner","p":6.65,"img":"https://fd9-photos.leclercdrive.fr/image.ashx?id=2935957&use=l&cat=p&typeid=i","cat":284696},{"id":98725,"n":"Frixion-ball Pilot Vert - + Recharge + Fineliner","p":6.3,"img":"https://fd9-photos.leclercdrive.fr/image.ashx?id=2935975&use=l&cat=p&typeid=i","cat":284696},{"id":98727,"n":"Frixion-ball Pilot Rouge - + Recharge + Fineliner","p":8.5,"img":"https://fd9-photos.leclercdrive.fr/image.ashx?id=2935972&use=l&cat=p&typeid=i","cat":284696},{"id":98728,"n":"Frixion-ball Pilot Noir - + Recharge + Fineliner","p":6.1,"img":"https://fd9-photos.leclercdrive.fr/image.ashx?id=2935969&use=l&cat=p&typeid=i","cat":284696},{"id":98734,"n":"Recharges Pilot Frixion Ball Clicker   Gomme x6","p":8.5,"img":"https://fd9-photos.leclercdrive.fr/image.ashx?id=2546383&use=l&cat=p&typeid=i","cat":284696},{"id":98743,"n":"Recharges Pilot Rouge - Frixion Ball Clicker x3","p":4.65,"img":"https://fd9-photos.leclercdrive.fr/image.ashx?id=2526764&use=l&cat=p&typeid=i","cat":284696},{"id":98744,"n":"Recharges Pilot Noir - Frixion Point x3","p":4.71,"img":"https://fd9-photos.leclercdrive.fr/image.ashx?id=2574997&use=l&cat=p&typeid=i","cat":284696},{"id":98745,"n":"Recharges Pilot Vert - Frixion Ball Clicker x3","p":4.65,"img":"https://fd9-photos.leclercdrive.fr/image.ashx?id=2939298&use=l&cat=p&typeid=i","cat":284696},{"id":98807,"n":"Purée fruit bébé Blédina 6 mois Pomme cerise vanille - 4x100g","p":1.76,"u":"4,40 €/KG","img":"https://fd9-photos.leclercdrive.fr/image.ashx?id=2983024&use=l&cat=p&typeid=i","cat":312388},{"id":98811,"n":"Comprimé antibactérien Polident x36","p":2.34,"u":"0,07 €/P","img":"https://fd9-photos.leclercdrive.fr/image.ashx?id=2303843&use=l&cat=p&typeid=i","cat":285158},{"id":98814,"n":"Dentifrice Parodontax Soin quotidien - 75ml","p":3.61,"u":"48,13 €/L","img":"https://fd9-photos.leclercdrive.fr/image.ashx?id=2606394&use=l&cat=p&typeid=i","cat":284612},{"id":98822,"n":"Purée fruit bébé Blédina 6 mois Pomme kiwi ananas - 4x100g","p":1.72,"u":"4,30 €/KG","img":"https://fd9-photos.leclercdrive.fr/image.ashx?id=2983030&use=l&cat=p&typeid=i","cat":312388},{"id":98828,"n":"Purée fruit bébé Blédina 6 mois Pomme poire mandarine - 4x100g","p":1.57,"u":"3,93 €/KG","img":"https://fd9-photos.leclercdrive.fr/image.ashx?id=2983033&use=l&cat=p&typeid=i","cat":312388},{"id":98831,"n":"Purée fruit bébé Blédina 6 mois Harmonie de fruits - 4x100g","p":1.78,"u":"4,45 €/KG","img":"https://fd9-photos.leclercdrive.fr/image.ashx?id=2983036&use=l&cat=p&typeid=i","cat":312388},{"id":98834,"n":"Purée fruit bébé Blédina 6 mois Pomme mangue passion - 4x100g","p":1.67,"u":"4,18 €/KG","img":"https://fd9-photos.leclercdrive.fr/image.ashx?id=2983039&use=l&cat=p&typeid=i","cat":312388},{"id":98839,"n":"Set de 100 mini Post-it Marque pages 5 couleurs","p":3.25,"img":"https://fd9-photos.leclercdrive.fr/image.ashx?id=1866940&use=l&cat=p&typeid=i","cat":334133},{"id":98872,"n":"Boisson Thé Glacé FuzeTea Mangue Camomille - 1,25L","p":1.57,"u":"1,26 €/L","img":"https://fd9-photos.leclercdrive.fr/image.ashx?id=2997220&use=l&cat=p&typeid=i","cat":295019},{"id":98875,"n":"Thé glacé Fuze Tea  Pêche Hibiscus - 1,25L","p":1.65,"u":"1,32 €/L","img":"https://fd9-photos.leclercdrive.fr/image.ashx?id=2940393&use=l&cat=p&typeid=i","cat":295019},{"id":98899,"n":"Pétillant Cava Revesco brut Espagne - 75cl","p":5.5,"u":"7,33 €/L","img":"https://fd9-photos.leclercdrive.fr/image.ashx?id=2019834&use=l&cat=p&typeid=i","cat":289461},{"id":99188,"n":"Haricots blancs Gillet Mogettes - 395g","p":3.11,"u":"7,87 €/KG","img":"https://fd9-photos.leclercdrive.fr/image.ashx?id=1866769&use=l&cat=p&typeid=i","cat":312606},{"id":99248,"n":"Bouillon Kub Or Maggi 32 cubes - 128g","p":1.21,"u":"9,45 €/KG","img":"https://fd9-photos.leclercdrive.fr/image.ashx?id=2692737&use=l&cat=p&typeid=i","cat":288379},{"id":99416,"n":"Gel corps et cheveux Love&Green Bio - 500ml","p":6.21,"u":"12,42 €/L","img":"https://fd9-photos.leclercdrive.fr/image.ashx?id=2735713&use=l&cat=p&typeid=i","cat":284741},{"id":99417,"n":"Lait nettoyant Love & Green Bio Sans parfum - 500ml","p":6.7,"u":"13,40 €/L","img":"https://fd9-photos.leclercdrive.fr/image.ashx?id=2696016&use=l&cat=p&typeid=i","cat":284741},{"id":99508,"n":"Piles Duracell CR2032 Lithium 3V - x4","p":4.75,"u":"1,19 €/P","img":"https://fd9-photos.leclercdrive.fr/image.ashx?id=3003405&use=l&cat=p&typeid=i","cat":300572},{"id":99526,"n":"Dentifrice Soin Sanogyl Essence Blancheur - 2x75ml","p":5.68,"u":"37,87 €/L","img":"https://fd9-photos.leclercdrive.fr/image.ashx?id=2335631&use=l&cat=p&typeid=i","cat":284612},{"id":99545,"n":"Mogettes bio Bio VIllage 215g","p":1.73,"u":"8,05 €/KG","img":"https://fd9-photos.leclercdrive.fr/image.ashx?id=3002680&use=l&cat=p&typeid=i","cat":312606},{"id":99547,"n":"Haricots rouge Bio Village Bio - 205g","p":2.31,"u":"11,27 €/KG","img":"https://fd9-photos.leclercdrive.fr/image.ashx?id=3002686&use=l&cat=p&typeid=i","cat":312606},{"id":99553,"n":"Pois chiche Bio VIllage Bio - 215g","p":2.1,"u":"9,77 €/KG","img":"https://fd9-photos.leclercdrive.fr/image.ashx?id=3002683&use=l&cat=p&typeid=i","cat":312609},{"id":99555,"n":"Lentilles Bio Village Bio - 215g","p":2.04,"u":"9,49 €/KG","img":"https://fd9-photos.leclercdrive.fr/image.ashx?id=3002677&use=l&cat=p&typeid=i","cat":312609},{"id":99562,"n":"Haricots verts Eco  Très fins - 440g","p":1.02,"u":"2,32 €/KG","img":"https://fd9-photos.leclercdrive.fr/image.ashx?id=3003723&use=l&cat=p&typeid=i","cat":312606},{"id":99570,"n":"Ratatouille Eco+ 750g","p":1.08,"u":"1,44 €/KG","img":"https://fd9-photos.leclercdrive.fr/image.ashx?id=2703446&use=l&cat=p&typeid=i","cat":312612},{"id":99574,"n":"Poêlée savoyarde  900g","p":4.06,"u":"4,51 €/KG","img":"https://fd9-photos.leclercdrive.fr/image.ashx?id=2478931&use=l&cat=p&typeid=i","cat":319823},{"id":99587,"n":"Spécialité au soja Nat&Vie Pistache - 4x100g","p":1.41,"u":"3,53 €/KG","img":"https://fd9-photos.leclercdrive.fr/image.ashx?id=2901473&use=l&cat=p&typeid=i","cat":316071},{"id":99589,"n":"Secret de crème Président 25%mg Semi-épaisse - 3x20cl+1 offert","p":3.96,"u":"4,95 €/L","img":"https://fd9-photos.leclercdrive.fr/image.ashx?id=3011101&use=l&cat=p&typeid=i","cat":284381},{"id":99597,"n":"Rasoir jetable Wilkinson Xtreme3 Ultimate - Lot 2x8","p":17.99,"u":"1,12 €/P","img":"https://fd9-photos.leclercdrive.fr/image.ashx?id=2293618&use=l&cat=p&typeid=i","cat":284616},{"id":99700,"n":"Cotons Démaquillants Demak'Up Expert - 6x70 disques","p":6.1,"u":"0,01 €/P","img":"https://fd9-photos.leclercdrive.fr/image.ashx?id=2844415&use=l&cat=p&typeid=i","cat":284636},{"id":99734,"n":"Capsules café L'Or Espresso Or Absolu N°9 x20","p":7.43,"u":"71,44 €/KG","img":"https://fd9-photos.leclercdrive.fr/image.ashx?id=2859971&use=l&cat=p&typeid=i","cat":284749},{"id":99760,"n":"Complément alimentaire Biosens Détox universel bio - 500ml","p":8.87,"u":"17,74 €/L","img":"https://fd9-photos.leclercdrive.fr/image.ashx?id=2864573&use=l&cat=p&typeid=i","cat":284632},{"id":99762,"n":"Complément alimentaire Biosens Bio Perte de poids - 28g","p":6.26,"u":"223,57 €/KG","img":"https://fd9-photos.leclercdrive.fr/image.ashx?id=2190590&use=l&cat=p&typeid=i","cat":284632},{"id":99788,"n":"Capsules café L'Or Espresso Lungo Profondo N°8 x20","p":6.59,"u":"63,37 €/KG","img":"https://fd9-photos.leclercdrive.fr/image.ashx?id=3005796&use=l&cat=p&typeid=i","cat":284749},{"id":99806,"n":"Complément alimentaire Biosens Bio Circulation tonique x45 22g","p":6.25,"u":"284,09 €/KG","img":"https://fd9-photos.leclercdrive.fr/image.ashx?id=2190593&use=l&cat=p&typeid=i","cat":284632},{"id":99813,"n":"Complément alimentaire Biosens Bio super curcuma - 18g","p":6.6,"u":"300,00 €/KG","img":"https://fd9-photos.leclercdrive.fr/image.ashx?id=2190599&use=l&cat=p&typeid=i","cat":284632},{"id":99880,"n":"Crème Visage Jour FPS 30 Nivea Anti-rides Cellular - 50ml","p":14.95,"u":"299,00 €/L","img":"https://fd9-photos.leclercdrive.fr/image.ashx?id=2298775&use=l&cat=p&typeid=i","cat":325345},{"id":99881,"n":"Soin jour hydratant Nivea Peau normale et mixte - 2x50ml","p":7.18,"u":"71,80 €/L","img":"https://fd9-photos.leclercdrive.fr/image.ashx?id=2315491&use=l&cat=p&typeid=i","cat":325345},{"id":99921,"n":"Shampooing Nateis Cheveux gris ou blancs - 250ml","p":1.4,"u":"5,60 €/L","img":"https://fd9-photos.leclercdrive.fr/image.ashx?id=2395820&use=l&cat=p&typeid=i","cat":284606},{"id":99922,"n":"Lait de douche Manava Framboise - 250ml","p":0.94,"u":"3,76 €/L","img":"https://fd9-photos.leclercdrive.fr/image.ashx?id=2618353&use=l&cat=p&typeid=i","cat":284594},{"id":99965,"n":"Biscuit speculoos Lotus Biscoff 750g (6x125g)","p":3.59,"u":"4,79 €/KG","img":"https://fd9-photos.leclercdrive.fr/image.ashx?id=2693818&use=l&cat=p&typeid=i","cat":284487},{"id":99967,"n":"Pois chiches bio Jardin Bio Au naturel - 420g","p":2.51,"u":"5,98 €/KG","img":"https://fd9-photos.leclercdrive.fr/image.ashx?id=2971215&use=l&cat=p&typeid=i","cat":312609},{"id":100017,"n":"Pain de mie Jacquet Maxi sans sucres ajoutés - 550g","p":1.54,"u":"2,80 €/KG","img":"https://fd9-photos.leclercdrive.fr/image.ashx?id=2935705&use=l&cat=p&typeid=i","cat":284477},{"id":100065,"n":"Crème de jour DermAbsolu Avène Fondamentale - 40ml","p":36.95,"u":"923,75 €/L","img":"https://fd9-photos.leclercdrive.fr/image.ashx?id=2373525&use=l&cat=p&typeid=i","cat":291171},{"id":100320,"n":"Brosse adhésive 1 pièce","p":2.29,"img":"https://fd9-photos.leclercdrive.fr/image.ashx?id=2840743&use=l&cat=p&typeid=i","cat":284669},{"id":100334,"n":"Gel bain douche Manava Coton macadamia - 500ml","p":1.88,"u":"3,76 €/L","img":"https://fd9-photos.leclercdrive.fr/image.ashx?id=1644734&use=l&cat=p&typeid=i","cat":284594},{"id":100457,"n":"Feuilles simples Oxford x400 feuilles - 21x29.7cm","p":5.86,"img":"https://fd9-photos.leclercdrive.fr/image.ashx?id=2750300&use=l&cat=p&typeid=i","cat":284697},{"id":100547,"n":"Gommes triplex Maped 1 gomme dessin +1 gomme duo-gom","p":1.25,"img":"https://fd9-photos.leclercdrive.fr/image.ashx?id=2450676&use=l&cat=p&typeid=i","cat":334133},{"id":100589,"n":"Gateaux au yaourt P'tit Déli Talonne chocolat - 210g","p":2.49,"u":"11,86 €/KG","img":"https://fd9-photos.leclercdrive.fr/image.ashx?id=1981526&use=l&cat=p&typeid=i","cat":294776},{"id":100594,"n":"Petit pois carotte Bio Village Bio - 215g","p":1.63,"u":"7,58 €/KG","img":"https://fd9-photos.leclercdrive.fr/image.ashx?id=3002692&use=l&cat=p&typeid=i","cat":312607},{"id":100595,"n":"Papier toilette Uni Vert Blanc 3 plis recyclés - x6","p":2.34,"u":"0,39 €/P","img":"https://fd9-photos.leclercdrive.fr/image.ashx?id=2571938&use=l&cat=p&typeid=i","cat":284634},{"id":100596,"n":"Petits pois fins Bio Village Bio - 230g","p":1.81,"u":"7,87 €/KG","img":"https://fd9-photos.leclercdrive.fr/image.ashx?id=3002689&use=l&cat=p&typeid=i","cat":312607},{"id":100600,"n":"Betteraves Bio Village Bio - 220g","p":1.99,"u":"9,05 €/KG","img":"https://fd9-photos.leclercdrive.fr/image.ashx?id=2473213&use=l&cat=p&typeid=i","cat":312611},{"id":100604,"n":"Pur jus Bio Village Pomme mangue Bio - 1L","p":3.75,"u":"3,75 €/L","img":"https://fd9-photos.leclercdrive.fr/image.ashx?id=2901551&use=l&cat=p&typeid=i","cat":284917},{"id":100616,"n":"Jus pomme pétillant Bio Village Bio sans alcool - 75cl","p":2.08,"u":"2,77 €/L","img":"https://fd9-photos.leclercdrive.fr/image.ashx?id=2052277&use=l&cat=p&typeid=i","cat":289460},{"id":100618,"n":"Pur jus Bio Village Bio Pomme poire - 1L","p":4.17,"u":"4,17 €/L","img":"https://fd9-photos.leclercdrive.fr/image.ashx?id=2901554&use=l&cat=p&typeid=i","cat":284522},{"id":100640,"n":"Yaourts brassés natures x4 500g Ferme de la vieille Abbaye","p":2.1,"u":"4,20 €/KG","img":"https://fd9-photos.leclercdrive.fr/image.ashx?id=1662588&use=l&cat=p&typeid=i","cat":284409},{"id":100643,"n":"Yaourts brassés lit abricot x4 500g Ferme de la vieille Abbaye","p":2.45,"u":"4,90 €/KG","img":"https://fd9-photos.leclercdrive.fr/image.ashx?id=1662585&use=l&cat=p&typeid=i","cat":284410},{"id":100644,"n":"Yaourts brassés lit fraise x4 500g Ferme de la vieille Abbaye","p":2.51,"u":"5,02 €/KG","img":"https://fd9-photos.leclercdrive.fr/image.ashx?id=1662570&use=l&cat=p&typeid=i","cat":284410},{"id":100645,"n":"Yaourts brassés vanille x4 500g Ferme de la vieille Abbaye","p":2.51,"u":"5,02 €/KG","img":"https://fd9-photos.leclercdrive.fr/image.ashx?id=1662579&use=l&cat=p&typeid=i","cat":284410},{"id":100649,"n":"Yaourt brassé lit framboise x4 500g Ferme de la vieille Abbaye","p":2.15,"u":"4,30 €/KG","img":"https://fd9-photos.leclercdrive.fr/image.ashx?id=1662582&use=l&cat=p&typeid=i","cat":284410},{"id":100650,"n":"Yaourts brassés lit myrtille x4 500g Ferme de la vieille Abbaye","p":2.15,"u":"4,30 €/KG","img":"https://fd9-photos.leclercdrive.fr/image.ashx?id=1662573&use=l&cat=p&typeid=i","cat":284410},{"id":100790,"n":"Kit fajitas Old El Paso tomates poivrons - 500g","p":5.42,"u":"10,84 €/KG","img":"https://fd9-photos.leclercdrive.fr/image.ashx?id=2764628&use=l&cat=p&typeid=i","cat":288993},{"id":100792,"n":"Wraps Old El Paso de blé complet x6 - 350g","p":2.87,"u":"8,20 €/KG","img":"https://fd9-photos.leclercdrive.fr/image.ashx?id=2940573&use=l&cat=p&typeid=i","cat":288993},{"id":100813,"n":"Paillis d'ardoises 18L - 22kg","p":7.69,"u":"0,35 €/KG","img":"https://fd9-photos.leclercdrive.fr/image.ashx?id=2162537&use=l&cat=p&typeid=i","cat":335919},{"id":100817,"n":"Marqueurs Sharpie Fine Noir, Bleu, Rouge, Vert x4","p":4.32,"img":"https://fd9-photos.leclercdrive.fr/image.ashx?id=1870501&use=l&cat=p&typeid=i","cat":284696},{"id":100979,"n":"Chocolat au lait Lindt Création Le Rocher lait - 150g","p":3.03,"u":"20,20 €/KG","img":"https://fd9-photos.leclercdrive.fr/image.ashx?id=2685805&use=l&cat=p&typeid=i","cat":284497},{"id":100991,"n":"Céréales Trésor de Kellogg's Chocolat Noisettes - 410g","p":2.96,"u":"7,22 €/KG","img":"https://fd9-photos.leclercdrive.fr/image.ashx?id=2584238&use=l&cat=p&typeid=i","cat":309513},{"id":101047,"n":"Croquettes chat Ultima  Nature Poulet - 1.25kg","p":7.05,"u":"5,64 €/KG","img":"https://fd9-photos.leclercdrive.fr/image.ashx?id=2569959&use=l&cat=p&typeid=i","cat":284680},{"id":101050,"n":"Croquette chat stérilisé Ultima  Nature - Saumon - 1.25kg","p":7.04,"u":"5,63 €/KG","img":"https://fd9-photos.leclercdrive.fr/image.ashx?id=2569962&use=l&cat=p&typeid=i","cat":284680},{"id":101056,"n":"Adoucissant concentré Hyperdou Rosée du matin - 750ml","p":1.99,"u":"2,65 €/L","img":"https://fd9-photos.leclercdrive.fr/image.ashx?id=2602910&use=l&cat=p&typeid=i","cat":284650},{"id":101058,"n":"Adoucissant concentré Hyperdou Passion tropicale - 750ml","p":1.99,"u":"2,65 €/L","img":"https://fd9-photos.leclercdrive.fr/image.ashx?id=2683565&use=l&cat=p&typeid=i","cat":284650},{"id":101059,"n":"Adoucissant concentré Hyperdou Couché soleil - 750ml","p":1.99,"u":"2,65 €/L","img":"https://fd9-photos.leclercdrive.fr/image.ashx?id=2602943&use=l&cat=p&typeid=i","cat":284650},{"id":101115,"n":"Céréales Trésor de Kellogg's Chocolat au Lait - 410g","p":2.9,"u":"7,07 €/KG","img":"https://fd9-photos.leclercdrive.fr/image.ashx?id=2584241&use=l&cat=p&typeid=i","cat":309513},{"id":101126,"n":"Bière blonde Grimbergen Pale Ale 5,5° - 6x25cl","p":5.68,"u":"3,79 €/L","img":"https://fd9-photos.leclercdrive.fr/image.ashx?id=2312801&use=l&cat=p&typeid=i","cat":334852},{"id":101288,"n":"Mousse végétal Andros Chocolat - 4x55g","p":2.98,"u":"13,55 €/KG","img":"https://fd9-photos.leclercdrive.fr/image.ashx?id=2963433&use=l&cat=p&typeid=i","cat":316071},{"id":101292,"n":"Compotée Bonne Maman Poire Williams - 2x130g","p":2.39,"u":"18,38 €/KG","img":"https://fd9-photos.leclercdrive.fr/image.ashx?id=2874045&use=l&cat=p&typeid=i","cat":284416},{"id":101314,"n":"Serviettes kraft Homeside 12x12cm - x50","p":1.99,"u":"0,04 €/P","img":"https://fd9-photos.leclercdrive.fr/image.ashx?id=2411674&use=l&cat=p&typeid=i","cat":334134},{"id":101317,"n":"Assiettes plates kraft Homeside 18cm - x50","p":3.01,"u":"0,06 €/P","img":"https://fd9-photos.leclercdrive.fr/image.ashx?id=1660522&use=l&cat=p&typeid=i","cat":334134},{"id":101335,"n":"Chiffonnade coppa Negroni 85g","p":3.3,"u":"38,82 €/KG","img":"https://fd9-photos.leclercdrive.fr/image.ashx?id=2025188&use=l&cat=p&typeid=i","cat":316007},{"id":101337,"n":"Chiffonnade speck Negroni 85g","p":3.3,"u":"38,82 €/KG","img":"https://fd9-photos.leclercdrive.fr/image.ashx?id=2025185&use=l&cat=p&typeid=i","cat":316007},{"id":101338,"n":"Chiffonnade jambon cru italien  Negroni - 85g","p":3.3,"u":"38,82 €/KG","img":"https://fd9-photos.leclercdrive.fr/image.ashx?id=2025182&use=l&cat=p&typeid=i","cat":316007},{"id":101348,"n":"Barres Chocolatées KINDER BUENO  Chocolat au Lait x12 - 516g","p":8.35,"u":"16,18 €/KG","img":"https://fd9-photos.leclercdrive.fr/image.ashx?id=2402946&use=l&cat=p&typeid=i","cat":284498},{"id":101349,"n":"Crème dessert Danette Vanille - 6x125g","p":1.96,"u":"2,61 €/KG","img":"https://fd9-photos.leclercdrive.fr/image.ashx?id=2923498&use=l&cat=p&typeid=i","cat":285041},{"id":101350,"n":"liégeois vanille danette - 4x100g","p":1.47,"u":"3,68 €/KG","img":"https://fd9-photos.leclercdrive.fr/image.ashx?id=2907848&use=l&cat=p&typeid=i","cat":285042},{"id":101416,"n":"Fourchettes en bois Homeside x20","p":1.38,"u":"0,07 €/P","img":"https://fd9-photos.leclercdrive.fr/image.ashx?id=1663733&use=l&cat=p&typeid=i","cat":334134},{"id":101418,"n":"Cuillères en bois Homeside x20","p":1.38,"u":"0,07 €/P","img":"https://fd9-photos.leclercdrive.fr/image.ashx?id=1663730&use=l&cat=p&typeid=i","cat":334134},{"id":101426,"n":"Serviettes 3 plis Homeside noires - 40cm - x20","p":1.39,"u":"0,07 €/P","img":"https://fd9-photos.leclercdrive.fr/image.ashx?id=1660205&use=l&cat=p&typeid=i","cat":334134},{"id":101428,"n":"Serviettes 3 plis Homeside Noires - 33cm - x50","p":1.99,"u":"0,04 €/P","img":"https://fd9-photos.leclercdrive.fr/image.ashx?id=1659762&use=l&cat=p&typeid=i","cat":334134},{"id":101456,"n":"Barres Chocolatées KINDER Maxi Chocolat au Lait x18 - 378g","p":5.26,"u":"13,92 €/KG","img":"https://fd9-photos.leclercdrive.fr/image.ashx?id=2673854&use=l&cat=p&typeid=i","cat":284498},{"id":101461,"n":"Pâtes Collezione Barilla Fusilli Bucati Corti - 500g","p":1.46,"u":"2,92 €/KG","img":"https://fd9-photos.leclercdrive.fr/image.ashx?id=2991003&use=l&cat=p&typeid=i","cat":284427},{"id":101465,"n":"Ménagère réutilisable Homeside Turquoise - 18 couverts","p":2.9,"u":"0,16 €/P","img":"https://fd9-photos.leclercdrive.fr/image.ashx?id=1660492&use=l&cat=p&typeid=i","cat":334134},{"id":101467,"n":"Nappe damassée Homeside Noire - 7m","p":2.96,"img":"https://fd9-photos.leclercdrive.fr/image.ashx?id=1659759&use=l&cat=p&typeid=i","cat":334134},{"id":101473,"n":"Petit Pois, Carotte Cassegrain Tendre et Fondant 265g","p":1.82,"u":"6,87 €/KG","img":"https://fd9-photos.leclercdrive.fr/image.ashx?id=2951692&use=l&cat=p&typeid=i","cat":312607},{"id":101502,"n":"Crème dessert Danette Vanille - 4x125g","p":1.5,"u":"3,00 €/KG","img":"https://fd9-photos.leclercdrive.fr/image.ashx?id=2029487&use=l&cat=p&typeid=i","cat":285041},{"id":101504,"n":"AOC Clairette de Die doux BIO  Rives et Terrasses - 75cl","p":5.99,"u":"7,99 €/L","img":"https://fd9-photos.leclercdrive.fr/image.ashx?id=2826930&use=l&cat=p&typeid=i","cat":284544},{"id":101505,"n":"Jus de pruneaux Bio Village Bio - 1L","p":3.99,"u":"3,99 €/L","img":"https://fd9-photos.leclercdrive.fr/image.ashx?id=2901560&use=l&cat=p&typeid=i","cat":284915},{"id":101506,"n":"Boisson Cranberry  Bio Village   Bio - 1L","p":3.55,"u":"3,55 €/L","img":"https://fd9-photos.leclercdrive.fr/image.ashx?id=2958774&use=l&cat=p&typeid=i","cat":284915},{"id":101580,"n":"Banane Bio Max Havelaar  Bio Village x5","p":1.99,"u":"0,40 €/P","img":"https://fd9-photos.leclercdrive.fr/image.ashx?id=2323988&use=l&cat=p&typeid=i","cat":284356},{"id":101620,"n":"Matière grasse Rustica Omega 3 50%MG -Doux -250G","p":0.99,"u":"3,96 €/KG","img":"https://fd9-photos.leclercdrive.fr/image.ashx?id=1664898&use=l&cat=p&typeid=i","cat":315229},{"id":101680,"n":"Goûter Bio Village Pépites de Chocolat Bio - 150g","p":2.09,"u":"13,93 €/KG","img":"https://fd9-photos.leclercdrive.fr/image.ashx?id=2783443&use=l&cat=p&typeid=i","cat":284495},{"id":101688,"n":"Gel concentré vaisselle UniVert Citron - 685ml","p":5.13,"u":"7,49 €/L","img":"https://fd9-photos.leclercdrive.fr/image.ashx?id=2598003&use=l&cat=p&typeid=i","cat":284655},{"id":101690,"n":"Gaufrette fine Jardin Bio Chocolat - 200g","p":2.43,"u":"12,15 €/KG","img":"https://fd9-photos.leclercdrive.fr/image.ashx?id=2537640&use=l&cat=p&typeid=i","cat":294777},{"id":101697,"n":"crème dessert chocolat noisette danette - 4x125g","p":1.63,"u":"3,26 €/KG","img":"https://fd9-photos.leclercdrive.fr/image.ashx?id=2902630&use=l&cat=p&typeid=i","cat":285041},{"id":101701,"n":"crème dessert chocolat caramel vanille danette - 12x115g","p":3.45,"u":"2,50 €/KG","img":"https://fd9-photos.leclercdrive.fr/image.ashx?id=2949844&use=l&cat=p&typeid=i","cat":285041},{"id":101702,"n":"Crème dessert Danette Caramel - 6x125g","p":2.26,"u":"3,01 €/KG","img":"https://fd9-photos.leclercdrive.fr/image.ashx?id=2915398&use=l&cat=p&typeid=i","cat":285041},{"id":101710,"n":"crème dessert chocolat noir danette - 4x125g","p":1.61,"u":"3,22 €/KG","img":"https://fd9-photos.leclercdrive.fr/image.ashx?id=2927294&use=l&cat=p&typeid=i","cat":285041},{"id":101712,"n":"crème dessert 3 chocolats danette - 12x115g","p":3.68,"u":"2,67 €/KG","img":"https://fd9-photos.leclercdrive.fr/image.ashx?id=2949847&use=l&cat=p&typeid=i","cat":285041},{"id":101715,"n":"Petit beurre Michel et Augustin Comté poivre noir - 100g","p":2.78,"u":"27,80 €/KG","img":"https://fd9-photos.leclercdrive.fr/image.ashx?id=2108975&use=l&cat=p&typeid=i","cat":297000},{"id":101760,"n":"Crevettes entières ASC Eco+ 400g","p":5.97,"u":"14,93 €/KG","img":"https://fd9-photos.leclercdrive.fr/image.ashx?id=2081633&use=l&cat=p&typeid=i","cat":319787},{"id":101762,"n":"Noix de St Jacques Eco+ Sans corail - MSC - 300g","p":6.85,"u":"22,83 €/KG","img":"https://fd9-photos.leclercdrive.fr/image.ashx?id=2790868&use=l&cat=p&typeid=i","cat":319787},{"id":101770,"n":"Gommes mini plast-office Bic x2","p":0.9,"u":"0,45 €/P","img":"https://fd9-photos.leclercdrive.fr/image.ashx?id=2178698&use=l&cat=p&typeid=i","cat":334133},{"id":101782,"n":"Crayon de couleur triangulaire Bic Intensity - x24","p":5.9,"img":"https://fd9-photos.leclercdrive.fr/image.ashx?id=2376509&use=l&cat=p&typeid=i","cat":284696},{"id":101833,"n":"Gel lavage Visior Concentré - 900ml","p":5.56,"u":"6,18 €/L","img":"https://fd9-photos.leclercdrive.fr/image.ashx?id=2939082&use=l&cat=p&typeid=i","cat":284657},{"id":102002,"n":"Pain au seigle Bio Village Bio - Complet - 500g","p":1.9,"u":"3,80 €/KG","img":"https://fd9-photos.leclercdrive.fr/image.ashx?id=2686353&use=l&cat=p&typeid=i","cat":325069},{"id":102006,"n":"Gel bain douche Manava Pamplemousse raisin blanc-500ml","p":2.37,"u":"4,74 €/L","img":"https://fd9-photos.leclercdrive.fr/image.ashx?id=2652870&use=l&cat=p&typeid=i","cat":284594},{"id":102007,"n":"Gel douche Manava Gommant - 250ml","p":1.3,"u":"5,20 €/L","img":"https://fd9-photos.leclercdrive.fr/image.ashx?id=2805042&use=l&cat=p&typeid=i","cat":284594},{"id":102008,"n":"Gel douche Manava Sans savon - 500ml","p":1.82,"u":"3,64 €/L","img":"https://fd9-photos.leclercdrive.fr/image.ashx?id=2741303&use=l&cat=p&typeid=i","cat":284594},{"id":102018,"n":"Crème perfectrice So Bio Etic Peau parfaite bio - 50ml","p":10.9,"u":"218,00 €/L","img":"https://fd9-photos.leclercdrive.fr/image.ashx?id=2744977&use=l&cat=p&typeid=i","cat":325345},{"id":102022,"n":"Anti-âge Skinactive Garnier Lavandin bio - 50ml","p":10.26,"u":"205,20 €/L","img":"https://fd9-photos.leclercdrive.fr/image.ashx?id=2353776&use=l&cat=p&typeid=i","cat":325345},{"id":102063,"n":"Arachide coque grillée Sun 1kg","p":6.97,"u":"6,97 €/KG","img":"https://fd9-photos.leclercdrive.fr/image.ashx?id=2387474&use=l&cat=p&typeid=i","cat":284357},{"id":102068,"n":"Poudre détachante - 500g Spéciale textiles - UNI VERT","p":3.99,"u":"7,98 €/KG","img":"https://fd9-photos.leclercdrive.fr/image.ashx?id=2216963&use=l&cat=p&typeid=i","cat":284651},{"id":102078,"n":"Tagliatelles Côté Table Poulet & champignons - 300g","p":2.79,"u":"9,30 €/KG","img":"https://fd9-photos.leclercdrive.fr/image.ashx?id=2893568&use=l&cat=p&typeid=i","cat":333665},{"id":102081,"n":"Poulet à la tomate Côté Table Purée courgette - 300g","p":2.19,"u":"7,30 €/KG","img":"https://fd9-photos.leclercdrive.fr/image.ashx?id=1656991&use=l&cat=p&typeid=i","cat":333665},{"id":102082,"n":"Poulet et risotto Côté Table Champignons - 280g","p":2.59,"u":"9,25 €/KG","img":"https://fd9-photos.leclercdrive.fr/image.ashx?id=2816145&use=l&cat=p&typeid=i","cat":333665},{"id":102103,"n":"Eau gazeuse St Yorre 6x1,15L","p":3.24,"u":"0,47 €/L","img":"https://fd9-photos.leclercdrive.fr/image.ashx?id=2877730&use=l&cat=p&typeid=i","cat":284536},{"id":102268,"n":"Gomme plast-office Bic 1 pièce","p":0.75,"img":"https://fd9-photos.leclercdrive.fr/image.ashx?id=2239432&use=l&cat=p&typeid=i","cat":334133},{"id":102374,"n":"Bière sans alcool Tourtel Twist Cerise 0,0° - 6x27,5cl","p":4.63,"u":"2,81 €/L","img":"https://fd9-photos.leclercdrive.fr/image.ashx?id=2688803&use=l&cat=p&typeid=i","cat":334877},{"id":102414,"n":"Feutres d'écriture Bic INtensity - x8","p":4.9,"u":"0,61 €/P","img":"https://fd9-photos.leclercdrive.fr/image.ashx?id=2665247&use=l&cat=p&typeid=i","cat":284696},{"id":102446,"n":"Chocolat noir Bio Ethiquable Amande - 100g","p":3.06,"u":"30,60 €/KG","img":"https://fd9-photos.leclercdrive.fr/image.ashx?id=2870944&use=l&cat=p&typeid=i","cat":284956},{"id":102480,"n":"Petits Suisses Gervais 9,5%MG - 12x60g","p":2.42,"u":"3,36 €/KG","img":"https://fd9-photos.leclercdrive.fr/image.ashx?id=2230381&use=l&cat=p&typeid=i","cat":284409},{"id":102589,"n":"Chocolat Sensation fruit Lindt Framboise/Cranberry - 160g","p":3.38,"u":"21,13 €/KG","img":"https://fd9-photos.leclercdrive.fr/image.ashx?id=2208954&use=l&cat=p&typeid=i","cat":304238},{"id":102612,"n":"Eau minérale gazeuse Perrier  Fines bulles - 1L","p":0.61,"u":"0,61 €/L","img":"https://fd9-photos.leclercdrive.fr/image.ashx?id=2594684&use=l&cat=p&typeid=i","cat":284536},{"id":102661,"n":"Thé vert bio Jardin Bio Digestion x20 - 30g","p":2.63,"u":"87,67 €/KG","img":"https://fd9-photos.leclercdrive.fr/image.ashx?id=3014527&use=l&cat=p&typeid=i","cat":293233},{"id":102669,"n":"Capsules café L'Or Espresso Or Rose N°7 x10","p":3.68,"u":"70,77 €/KG","img":"https://fd9-photos.leclercdrive.fr/image.ashx?id=2100290&use=l&cat=p&typeid=i","cat":284749},{"id":102676,"n":"Capsules café L'Or Barista Double Espresso N°7 x10","p":5.08,"u":"48,85 €/KG","img":"https://fd9-photos.leclercdrive.fr/image.ashx?id=1742978&use=l&cat=p&typeid=i","cat":284749},{"id":102819,"n":"Panaché Falsbourg Grenadine <0,5% - 20x25cl","p":5.99,"u":"1,20 €/L","img":"https://fd9-photos.leclercdrive.fr/image.ashx?id=2637964&use=l&cat=p&typeid=i","cat":334877},{"id":102824,"n":"Filet Copains Copines Pièces d'Or Chocolat - 100g","p":1.59,"u":"15,90 €/KG","img":"https://fd9-photos.leclercdrive.fr/image.ashx?id=2814438&use=l&cat=p&typeid=i","cat":327592},{"id":102829,"n":"Bandeaux Copains Copines Colorés - 200g","p":1.13,"u":"5,65 €/KG","img":"https://fd9-photos.leclercdrive.fr/image.ashx?id=2934745&use=l&cat=p&typeid=i","cat":304250},{"id":102834,"n":"Fils Copains Copines Colorés - 200g","p":1.09,"u":"5,45 €/KG","img":"https://fd9-photos.leclercdrive.fr/image.ashx?id=2934748&use=l&cat=p&typeid=i","cat":304250},{"id":102977,"n":"Bâtonnets Chocolat au lait Chaque jour sans gluten - 125g","p":3.91,"u":"31,28 €/KG","img":"https://fd9-photos.leclercdrive.fr/image.ashx?id=2523718&use=l&cat=p&typeid=i","cat":318654},{"id":103027,"n":"AOC Bordeaux Supérieur rouge Haussmann Baron Eugène - 75cl","p":4.6,"u":"6,13 €/L","img":"https://fd9-photos.leclercdrive.fr/image.ashx?id=1663474&use=l&cat=p&typeid=i","cat":289556},{"id":103036,"n":"Pâte brisée Marie Pur beurre - 230g","p":1.37,"u":"5,96 €/KG","img":"https://fd9-photos.leclercdrive.fr/image.ashx?id=2318540&use=l&cat=p&typeid=i","cat":333681},{"id":103094,"n":"Crème légère semi épaisse  Bridélice 18%mg - 2x25cl","p":2.72,"u":"5,44 €/L","img":"https://fd9-photos.leclercdrive.fr/image.ashx?id=2806156&use=l&cat=p&typeid=i","cat":284381},{"id":103158,"n":"Tartine Grilletine de Pasquier Sans sucre ajouté - x18 - 255g","p":2.09,"u":"8,20 €/KG","img":"https://fd9-photos.leclercdrive.fr/image.ashx?id=2333057&use=l&cat=p&typeid=i","cat":284479},{"id":103184,"n":"IGP Cidre doux Val de Rance De Dégustation Bretagne - 75cl","p":2.59,"u":"3,45 €/L","img":"https://fd9-photos.leclercdrive.fr/image.ashx?id=2020722&use=l&cat=p&typeid=i","cat":334880},{"id":103189,"n":"IGP Cidre Brut Val de Rance De dégustation Bretagne 75cl","p":2.59,"u":"3,45 €/L","img":"https://fd9-photos.leclercdrive.fr/image.ashx?id=2020719&use=l&cat=p&typeid=i","cat":334880},{"id":103191,"n":"Bière sans alcool Tourtel Twist Pêche 0,0° - 6x27,5cl","p":3.97,"u":"2,41 €/L","img":"https://fd9-photos.leclercdrive.fr/image.ashx?id=2896564&use=l&cat=p&typeid=i","cat":334877},{"id":103197,"n":"Boisson thé infusé Fresh Tea Passion - 1L","p":0.99,"u":"0,99 €/L","img":"https://fd9-photos.leclercdrive.fr/image.ashx?id=3003064&use=l&cat=p&typeid=i","cat":295019},{"id":103270,"n":"The bio tuocha kilo Biosens Tenace - 30g","p":2.3,"u":"76,67 €/KG","img":"https://fd9-photos.leclercdrive.fr/image.ashx?id=2985288&use=l&cat=p&typeid=i","cat":284632},{"id":103281,"n":"Bière Blonde Jade sans alcool Bio - 6x25cl","p":5.34,"u":"3,56 €/L","img":"https://fd9-photos.leclercdrive.fr/image.ashx?id=2970978&use=l&cat=p&typeid=i","cat":334877},{"id":103300,"n":"Infusion Jardin Bio Digestion bio - 20 sachet - 28g","p":2.62,"u":"93,57 €/KG","img":"https://fd9-photos.leclercdrive.fr/image.ashx?id=2990685&use=l&cat=p&typeid=i","cat":293234},{"id":103302,"n":"Miel squeeze Jardin Biologique 250ml","p":4.18,"u":"16,72 €/L","img":"https://fd9-photos.leclercdrive.fr/image.ashx?id=2668572&use=l&cat=p&typeid=i","cat":287643},{"id":103315,"n":"AOP Côtes de Provence rosé Château Reillanne - 75cl","p":6.95,"u":"9,27 €/L","img":"https://fd9-photos.leclercdrive.fr/image.ashx?id=2669487&use=l&cat=p&typeid=i","cat":289558},{"id":103381,"n":"Whisky Grant's  Triple wood 40%vol - 70cl","p":12.39,"u":"17,70 €/L","img":"https://fd9-photos.leclercdrive.fr/image.ashx?id=2866022&use=l&cat=p&typeid=i","cat":284547},{"id":103384,"n":"IGP Whisky Grant's  Triple wood - 40%vol - 1L","p":17.22,"u":"17,22 €/L","img":"https://fd9-photos.leclercdrive.fr/image.ashx?id=2917531&use=l&cat=p&typeid=i","cat":284547},{"id":103436,"n":"Wrap au blé nature Mission 370g","p":3.06,"u":"8,27 €/KG","img":"https://fd9-photos.leclercdrive.fr/image.ashx?id=2890499&use=l&cat=p&typeid=i","cat":288993},{"id":103453,"n":"Panaché Falsbourg Grenadine - <0,5% vol. - 6x25cl","p":2.71,"u":"1,81 €/L","img":"https://fd9-photos.leclercdrive.fr/image.ashx?id=2637961&use=l&cat=p&typeid=i","cat":334877},{"id":103470,"n":"Croquettes chat Purina One Poulet chat adulte - 450g","p":2.78,"u":"6,18 €/KG","img":"https://fd9-photos.leclercdrive.fr/image.ashx?id=2902265&use=l&cat=p&typeid=i","cat":284680},{"id":103500,"n":"Panaché Falsbourg <0.5% vol. - 20x25cl","p":5.95,"u":"1,19 €/L","img":"https://fd9-photos.leclercdrive.fr/image.ashx?id=2637970&use=l&cat=p&typeid=i","cat":334877},{"id":103501,"n":"Pochons prémium Plénima chat au Saumon / Dinde - 4x85g","p":1.76,"u":"5,18 €/KG","img":"https://fd9-photos.leclercdrive.fr/image.ashx?id=2361128&use=l&cat=p&typeid=i","cat":285286},{"id":103503,"n":"Capsules Nescafé Dolce Gusto  Espresso Intenso - x16","p":4.53,"u":"40,45 €/KG","img":"https://fd9-photos.leclercdrive.fr/image.ashx?id=3009110&use=l&cat=p&typeid=i","cat":293239},{"id":103505,"n":"Barre de céréales Nature Valley Protéine chocolat x4-160g","p":2.62,"u":"16,38 €/KG","img":"https://fd9-photos.leclercdrive.fr/image.ashx?id=2657000&use=l&cat=p&typeid=i","cat":285869},{"id":103509,"n":"Yaourt à boire Yop Aromatisé Fraise - 825g","p":1.7,"u":"2,06 €/KG","img":"https://fd9-photos.leclercdrive.fr/image.ashx?id=2855564&use=l&cat=p&typeid=i","cat":284415},{"id":103543,"n":"Crème glacée Haagen Dazs Caramel Biscuit cream - 560g","p":6.05,"u":"10,80 €/KG","img":"https://fd9-photos.leclercdrive.fr/image.ashx?id=2893414&use=l&cat=p&typeid=i","cat":284725},{"id":103563,"n":"Batonnets de glace Nuii Salted Caramel macadamia - 272g","p":4.34,"u":"15,96 €/KG","img":"https://fd9-photos.leclercdrive.fr/image.ashx?id=2506798&use=l&cat=p&typeid=i","cat":284265},{"id":103566,"n":"Batonnets de glaces Nuii Almond & java vanilla - x4","p":4.65,"u":"17,35 €/KG","img":"https://fd9-photos.leclercdrive.fr/image.ashx?id=2506801&use=l&cat=p&typeid=i","cat":284265},{"id":103619,"n":"Crème glacée Häagen-Dazs  Vanille - 400g","p":4.61,"u":"11,53 €/KG","img":"https://fd9-photos.leclercdrive.fr/image.ashx?id=2893429&use=l&cat=p&typeid=i","cat":284725},{"id":103621,"n":"Crème glacée Häagen-Dazs  Vanille pécan - 400g","p":4.64,"u":"11,60 €/KG","img":"https://fd9-photos.leclercdrive.fr/image.ashx?id=2893438&use=l&cat=p&typeid=i","cat":284725},{"id":103622,"n":"Crème glacée Häagen-Dazs Caramel speculoos Lotus - 400g","p":4.54,"u":"11,35 €/KG","img":"https://fd9-photos.leclercdrive.fr/image.ashx?id=2893441&use=l&cat=p&typeid=i","cat":284725},{"id":103657,"n":"Crème glacée Häagen-Dazs  Vanille noix macadamia - 400g","p":4.66,"u":"11,65 €/KG","img":"https://fd9-photos.leclercdrive.fr/image.ashx?id=2893444&use=l&cat=p&typeid=i","cat":284725},{"id":103661,"n":"Crème glacée Häagen-Dazs  Vanille caramel brownie - 386g","p":5.12,"u":"13,26 €/KG","img":"https://fd9-photos.leclercdrive.fr/image.ashx?id=2893468&use=l&cat=p&typeid=i","cat":284725},{"id":103665,"n":"Mini pots Häagen-Dazs  Caramel attraction x4 - 318g","p":5.19,"u":"16,17 €/KG","img":"https://fd9-photos.leclercdrive.fr/image.ashx?id=2992852&use=l&cat=p&typeid=i","cat":284725},{"id":103680,"n":"Mini pots Häagen-Dazs Vanille  noix de macadamia x4 - 324g","p":5.11,"u":"15,77 €/KG","img":"https://fd9-photos.leclercdrive.fr/image.ashx?id=3000162&use=l&cat=p&typeid=i","cat":284725},{"id":103684,"n":"Mini pots Häagen-Dazs  Favorite selection x4 - 318g","p":5.04,"u":"15,85 €/KG","img":"https://fd9-photos.leclercdrive.fr/image.ashx?id=3000165&use=l&cat=p&typeid=i","cat":284725},{"id":103696,"n":"Fromage Maasdam Les Croisés 150g","p":1.99,"u":"13,27 €/KG","img":"https://fd9-photos.leclercdrive.fr/image.ashx?id=2031859&use=l&cat=p&typeid=i","cat":314028},{"id":103697,"n":"Dentifrice Integral 8 Signal Nature Elements Charbon 75ml","p":1.76,"u":"23,47 €/L","img":"https://fd9-photos.leclercdrive.fr/image.ashx?id=2974662&use=l&cat=p&typeid=i","cat":284612},{"id":103728,"n":"Shampoing Violet Elsève Color-Vive Déjaunisseur - 200ml","p":2.97,"u":"14,85 €/L","img":"https://fd9-photos.leclercdrive.fr/image.ashx?id=2278121&use=l&cat=p&typeid=i","cat":284606},{"id":103780,"n":"Pâte feuilletée Marie Pur beurre - 230g","p":1.33,"u":"5,78 €/KG","img":"https://fd9-photos.leclercdrive.fr/image.ashx?id=2318543&use=l&cat=p&typeid=i","cat":333681},{"id":103808,"n":"Yaourt à boire Yop Aromatisé Framboise - 825g","p":2.08,"u":"2,52 €/KG","img":"https://fd9-photos.leclercdrive.fr/image.ashx?id=2855567&use=l&cat=p&typeid=i","cat":284415},{"id":103818,"n":"Mangue Douceur du Verger Morceaux - 650g","p":5.71,"u":"8,78 €/KG","img":"https://fd9-photos.leclercdrive.fr/image.ashx?id=2898257&use=l&cat=p&typeid=i","cat":284268},{"id":103820,"n":"Mini pots de glace bonbons Smicy - x6 - 300g","p":3.69,"u":"12,30 €/KG","img":"https://fd9-photos.leclercdrive.fr/image.ashx?id=2064612&use=l&cat=p&typeid=i","cat":285250},{"id":103821,"n":"Glace cônes Smicy Bonbons - x8 - 328g","p":3.45,"u":"10,52 €/KG","img":"https://fd9-photos.leclercdrive.fr/image.ashx?id=2698174&use=l&cat=p&typeid=i","cat":285250},{"id":103885,"n":"Fromage Cœur de Lion  Pointe de Brie - 200g","p":1.98,"u":"9,90 €/KG","img":"https://fd9-photos.leclercdrive.fr/image.ashx?id=2770416&use=l&cat=p&typeid=i","cat":314033},{"id":103890,"n":"Lasagnes au saumon Côté Table ASC - 300g","p":2.79,"u":"9,30 €/KG","img":"https://fd9-photos.leclercdrive.fr/image.ashx?id=2809879&use=l&cat=p&typeid=i","cat":284254},{"id":103891,"n":"Crème glacée Häagen-Dazs  Caramel au beurre salé - 400g","p":4.64,"u":"11,60 €/KG","img":"https://fd9-photos.leclercdrive.fr/image.ashx?id=2893435&use=l&cat=p&typeid=i","cat":284725},{"id":103915,"n":"Mimolette jeune Les Croisés 350g","p":3.23,"u":"9,23 €/KG","img":"https://fd9-photos.leclercdrive.fr/image.ashx?id=2046499&use=l&cat=p&typeid=i","cat":314028},{"id":103918,"n":"Bâtonnets  Maple  Peanut Butter et candian - x4","p":4.29,"u":"1,07 €/P","img":"https://fd9-photos.leclercdrive.fr/image.ashx?id=2506810&use=l&cat=p&typeid=i","cat":284265},{"id":103919,"n":"Bâtonnets  Nuii Idaho Valley  Cookies mint x4 - 244g","p":4.29,"u":"17,58 €/KG","img":"https://fd9-photos.leclercdrive.fr/image.ashx?id=2506807&use=l&cat=p&typeid=i","cat":284265},{"id":103922,"n":"Batonnets Nuii White chocolate&scandinavia x4","p":4.33,"u":"1,08 €/P","img":"https://fd9-photos.leclercdrive.fr/image.ashx?id=2922149&use=l&cat=p&typeid=i","cat":284265},{"id":103945,"n":"Escalope de dinde Le Gaulois Oui C'est Bon x2 - 240g","p":4.81,"u":"20,04 €/KG","img":"https://fd9-photos.leclercdrive.fr/image.ashx?id=2605580&use=l&cat=p&typeid=i","cat":284337},{"id":103993,"n":"IGP Méditerranée rosé St Sagnol - 75cl","p":3.78,"u":"5,04 €/L","img":"https://fd9-photos.leclercdrive.fr/image.ashx?id=2923768&use=l&cat=p&typeid=i","cat":289558},{"id":104008,"n":"Jus innocent tutti frutti 900ml","p":2.82,"u":"3,13 €/L","img":"https://fd9-photos.leclercdrive.fr/image.ashx?id=2861737&use=l&cat=p&typeid=i","cat":285435},{"id":104022,"n":"Arrangé Damoiseau Ananas vanille 30° - 70cl","p":21.78,"u":"31,11 €/L","img":"https://fd9-photos.leclercdrive.fr/image.ashx?id=2021217&use=l&cat=p&typeid=i","cat":284551},{"id":104062,"n":"Brioches Doowap Harrys X8 -320g Pépites choco sans additif","p":2.29,"u":"7,16 €/KG","img":"https://fd9-photos.leclercdrive.fr/image.ashx?id=2502998&use=l&cat=p&typeid=i","cat":293505},{"id":104073,"n":"100% Pur Jus Jafaden Pamplemousse- 1L","p":1.99,"u":"1,99 €/L","img":"https://fd9-photos.leclercdrive.fr/image.ashx?id=2956771&use=l&cat=p&typeid=i","cat":284914},{"id":104087,"n":"IGP Méditerranée vin rosé Terres Ocrées - 75cl","p":2.75,"u":"3,67 €/L","img":"https://fd9-photos.leclercdrive.fr/image.ashx?id=2894743&use=l&cat=p&typeid=i","cat":289558},{"id":104092,"n":"Tagada Zip Fraîcheur Haribo Sachet bonbons - 220g","p":1.34,"u":"6,09 €/KG","img":"https://fd9-photos.leclercdrive.fr/image.ashx?id=2802359&use=l&cat=p&typeid=i","cat":304250},{"id":104109,"n":"Les Timbales Gourmet Gold Boeuf plet saumon - 12x85g","p":6.71,"u":"6,58 €/KG","img":"https://fd9-photos.leclercdrive.fr/image.ashx?id=2861764&use=l&cat=p&typeid=i","cat":285286},{"id":104114,"n":"Brioches Doowap Harrys X8 -320g Pépites choco lait sans additif","p":2.36,"u":"7,38 €/KG","img":"https://fd9-photos.leclercdrive.fr/image.ashx?id=2503004&use=l&cat=p&typeid=i","cat":293505},{"id":104115,"n":"Brioches Doowap Harrys X12-480g Pépites choco lait sans additif","p":3.68,"u":"7,67 €/KG","img":"https://fd9-photos.leclercdrive.fr/image.ashx?id=2503007&use=l&cat=p&typeid=i","cat":293505},{"id":104121,"n":"Noix de cajou Benenuts Grillées à sec -165g","p":4.61,"u":"27,94 €/KG","img":"https://fd9-photos.leclercdrive.fr/image.ashx?id=2391786&use=l&cat=p&typeid=i","cat":284448},{"id":104133,"n":"Pépites chocolat au lait Vahiné 200g","p":4.3,"u":"21,50 €/KG","img":"https://fd9-photos.leclercdrive.fr/image.ashx?id=2559784&use=l&cat=p&typeid=i","cat":284504},{"id":104194,"n":"Coton-tige Lotus Bio - x160 bâtonnets","p":0.78,"img":"https://fd9-photos.leclercdrive.fr/image.ashx?id=2506840&use=l&cat=p&typeid=i","cat":284636},{"id":104296,"n":"Mon 1er biscuit bio Hipp Bio Dès 6 mois - 180g","p":2.68,"u":"14,89 €/KG","img":"https://fd9-photos.leclercdrive.fr/image.ashx?id=2788823&use=l&cat=p&typeid=i","cat":312227},{"id":104324,"n":"Pâtes de Fruits GERBLE   -  6 sachets 162g","p":2.77,"u":"17,10 €/KG","img":"https://fd9-photos.leclercdrive.fr/image.ashx?id=2664082&use=l&cat=p&typeid=i","cat":318652},{"id":104349,"n":"AOP Cabernet d'Anjou rosé Plessis-Duval - 3L","p":15.8,"u":"5,27 €/L","img":"https://fd9-photos.leclercdrive.fr/image.ashx?id=2941038&use=l&cat=p&typeid=i","cat":289558},{"id":104468,"n":"Fromage apéritif Apéricube Long drink 48 cubes","p":4.17,"u":"16,68 €/KG","img":"https://fd9-photos.leclercdrive.fr/image.ashx?id=2882674&use=l&cat=p&typeid=i","cat":314027},{"id":104470,"n":"Fromage apéritif Apéricube Tonic 48 cubes","p":4.2,"u":"16,80 €/KG","img":"https://fd9-photos.leclercdrive.fr/image.ashx?id=2882677&use=l&cat=p&typeid=i","cat":314027},{"id":104471,"n":"Fromage apéritif Apericube  Cocktail 48 cubes","p":4.17,"u":"16,68 €/KG","img":"https://fd9-photos.leclercdrive.fr/image.ashx?id=2882680&use=l&cat=p&typeid=i","cat":314027},{"id":104485,"n":"Tropicana Jus d'orange Sans pulpe - 90cl","p":2.74,"u":"3,04 €/L","img":"https://fd9-photos.leclercdrive.fr/image.ashx?id=2524266&use=l&cat=p&typeid=i","cat":285435},{"id":104554,"n":"Crème dessert Danette Chocolat Vanille - 16x115g","p":3.92,"u":"2,13 €/KG","img":"https://fd9-photos.leclercdrive.fr/image.ashx?id=2938629&use=l&cat=p&typeid=i","cat":285041},{"id":104555,"n":"Yaourts à boire Yop Yoplait Citron - 850g","p":1.74,"u":"2,05 €/KG","img":"https://fd9-photos.leclercdrive.fr/image.ashx?id=2855540&use=l&cat=p&typeid=i","cat":284415},{"id":104557,"n":"Yaourt à boire Yop Yoplait Coco - 850g","p":1.74,"u":"2,05 €/KG","img":"https://fd9-photos.leclercdrive.fr/image.ashx?id=2855543&use=l&cat=p&typeid=i","cat":284415},{"id":104561,"n":"Bâtonnet Yeti parfums fous  x24 - 1.2L","p":3.5,"u":"2,92 €/L","img":"https://fd9-photos.leclercdrive.fr/image.ashx?id=2314107&use=l&cat=p&typeid=i","cat":285250},{"id":104564,"n":"Yaourt à boire Yop de Yoplait Fraise - 850g","p":1.74,"u":"2,05 €/KG","img":"https://fd9-photos.leclercdrive.fr/image.ashx?id=2855546&use=l&cat=p&typeid=i","cat":284415},{"id":104565,"n":"Yaourt à boire Yoplait Fraise/banane - 850g","p":1.74,"u":"2,05 €/KG","img":"https://fd9-photos.leclercdrive.fr/image.ashx?id=2855549&use=l&cat=p&typeid=i","cat":284415},{"id":104566,"n":"Yaourt Yop de Yoplait Framboise - 850g","p":1.74,"u":"2,05 €/KG","img":"https://fd9-photos.leclercdrive.fr/image.ashx?id=2855552&use=l&cat=p&typeid=i","cat":284415},{"id":104669,"n":"Bière blonde Bud 5% - 20x25cl","p":13.48,"u":"2,70 €/L","img":"https://fd9-photos.leclercdrive.fr/image.ashx?id=3009047&use=l&cat=p&typeid=i","cat":334873},{"id":104674,"n":"Eau gazeuse aromatisée Badoit Citron fraise - 1L","p":1.3,"u":"1,30 €/L","img":"https://fd9-photos.leclercdrive.fr/image.ashx?id=2730664&use=l&cat=p&typeid=i","cat":284536},{"id":104888,"n":"Miettes de Thon Eco + Huile - 104g","p":0.82,"u":"7,88 €/KG","img":"https://fd9-photos.leclercdrive.fr/image.ashx?id=2824241&use=l&cat=p&typeid=i","cat":303867},{"id":105032,"n":"Boisson base vodka Eristoff Ginger 18° - 70cl","p":11.6,"u":"16,57 €/L","img":"https://fd9-photos.leclercdrive.fr/image.ashx?id=1676837&use=l&cat=p&typeid=i","cat":284551},{"id":105119,"n":"AOP Champagne Brut Piper Heidsieck - 75cl","p":29.19,"u":"38,92 €/L","img":"https://fd9-photos.leclercdrive.fr/image.ashx?id=2431548&use=l&cat=p&typeid=i","cat":284542},{"id":105136,"n":"Jambon supérieur Tradilège S/nitrite Découenne - x6 - 210g","p":2.79,"u":"13,29 €/KG","img":"https://fd9-photos.leclercdrive.fr/image.ashx?id=2991524&use=l&cat=p&typeid=i","cat":316009},{"id":105139,"n":"Collant Body Touch Dim Opaque noir - Taille 1","p":8.95,"img":"https://fd9-photos.leclercdrive.fr/image.ashx?id=2876089&use=l&cat=p&typeid=i","cat":334130},{"id":105178,"n":"Tortillas chorizo  Table du Monde - 500g","p":2.89,"u":"5,78 €/KG","img":"https://fd9-photos.leclercdrive.fr/image.ashx?id=1675409&use=l&cat=p&typeid=i","cat":333673},{"id":105180,"n":"Whisky Bowmore 15ans darkest - 43%vol -  70cl","p":53.95,"u":"77,07 €/L","img":"https://fd9-photos.leclercdrive.fr/image.ashx?id=1733146&use=l&cat=p&typeid=i","cat":284547},{"id":105181,"n":"Bière blonde bio Bio Village  5.5%vol -75cl","p":2.72,"u":"3,63 €/L","img":"https://fd9-photos.leclercdrive.fr/image.ashx?id=2579147&use=l&cat=p&typeid=i","cat":334873},{"id":105182,"n":"Crème desserts Délisse Saveur Praline - 4x100g","p":1.99,"u":"4,98 €/KG","img":"https://fd9-photos.leclercdrive.fr/image.ashx?id=2590925&use=l&cat=p&typeid=i","cat":285041},{"id":105196,"n":"Dessert fruitier Fraise Andros En morceaux - 4x100g","p":2.57,"u":"6,43 €/KG","img":"https://fd9-photos.leclercdrive.fr/image.ashx?id=2845467&use=l&cat=p&typeid=i","cat":284416},{"id":105202,"n":"Collant Body Touch Dim Opaque noir - Taille 2","p":8.95,"img":"https://fd9-photos.leclercdrive.fr/image.ashx?id=2560654&use=l&cat=p&typeid=i","cat":334130},{"id":105203,"n":"Collant Body Touch Dim Opaque noir - Taille 3","p":8.95,"img":"https://fd9-photos.leclercdrive.fr/image.ashx?id=2560657&use=l&cat=p&typeid=i","cat":334130},{"id":105204,"n":"Collant Body Touch Dim Opaque noir - Taille 4","p":8.95,"img":"https://fd9-photos.leclercdrive.fr/image.ashx?id=2560660&use=l&cat=p&typeid=i","cat":334130},{"id":105206,"n":"Collant Diam's opaque Dim Jambes fuselées Noir - Taille 1","p":9.18,"img":"https://fd9-photos.leclercdrive.fr/image.ashx?id=2639314&use=l&cat=p&typeid=i","cat":334130},{"id":105207,"n":"Collant Diam's opaque Dim Jambes fuselées Noir - Taille 2","p":9.18,"img":"https://fd9-photos.leclercdrive.fr/image.ashx?id=2639317&use=l&cat=p&typeid=i","cat":334130},{"id":105208,"n":"Collant Diam's opaque Dim Jambes fuselées noir - Taille 3","p":9.18,"img":"https://fd9-photos.leclercdrive.fr/image.ashx?id=2639320&use=l&cat=p&typeid=i","cat":334130},{"id":105209,"n":"Collant Diam's opaque Dim Jambes fuselées Noir - Taille 4","p":9.18,"img":"https://fd9-photos.leclercdrive.fr/image.ashx?id=2639323&use=l&cat=p&typeid=i","cat":334130},{"id":105211,"n":"Collant Beauty Resist Dim Opaque noir - Taille 1","p":5.88,"img":"https://fd9-photos.leclercdrive.fr/image.ashx?id=2534953&use=l&cat=p&typeid=i","cat":334130},{"id":105212,"n":"Collant Beauty Resist Dim Opaque noir - Taille 2","p":5.88,"img":"https://fd9-photos.leclercdrive.fr/image.ashx?id=2841006&use=l&cat=p&typeid=i","cat":334130},{"id":105213,"n":"Collant Beauty Resist Dim Opaque noir - Taille 3","p":5.88,"img":"https://fd9-photos.leclercdrive.fr/image.ashx?id=2534959&use=l&cat=p&typeid=i","cat":334130},{"id":105214,"n":"Boulettes Garden Gourmet légumes 200g","p":2.46,"u":"12,30 €/KG","img":"https://fd9-photos.leclercdrive.fr/image.ashx?id=2986903&use=l&cat=p&typeid=i","cat":316036},{"id":105215,"n":"Collant Beauty Resist Dim Opaque noir - Taille 4","p":5.88,"img":"https://fd9-photos.leclercdrive.fr/image.ashx?id=2841009&use=l&cat=p&typeid=i","cat":334130},{"id":105222,"n":"Batonnets Smicy Citron - x10","p":2.35,"u":"0,24 €/P","img":"https://fd9-photos.leclercdrive.fr/image.ashx?id=1675116&use=l&cat=p&typeid=i","cat":285250},{"id":105223,"n":"Glaces cônes Eco+ Vanille - x8 - 556g","p":1.95,"u":"3,51 €/KG","img":"https://fd9-photos.leclercdrive.fr/image.ashx?id=2742682&use=l&cat=p&typeid=i","cat":284264},{"id":105286,"n":"Colin D'Alaska Parallèles - MSC Au naturel - 190g","p":4.4,"u":"23,16 €/KG","img":"https://fd9-photos.leclercdrive.fr/image.ashx?id=2022465&use=l&cat=p&typeid=i","cat":305147},{"id":105296,"n":"Cahier organiserbook Oxford Rouge 24.5x31cm - 160 pages","p":8.3,"img":"https://fd9-photos.leclercdrive.fr/image.ashx?id=1696807&use=l&cat=p&typeid=i","cat":284697},{"id":105399,"n":"Lait demi-écrémé GrandLait Ferme sélectionnée - 1L","p":1.3,"u":"1,30 €/L","img":"https://fd9-photos.leclercdrive.fr/image.ashx?id=2916177&use=l&cat=p&typeid=i","cat":285609},{"id":105486,"n":"AOP Champagne Brut Tsarine 75cl","p":36.83,"u":"49,11 €/L","img":"https://fd9-photos.leclercdrive.fr/image.ashx?id=2741096&use=l&cat=p&typeid=i","cat":284542},{"id":105530,"n":"Cahier Oxford - 160p Gris- 24x32cm","p":7.8,"img":"https://fd9-photos.leclercdrive.fr/image.ashx?id=1697032&use=l&cat=p&typeid=i","cat":284697},{"id":105629,"n":"Cahier Nomadbook 160p Bleu - 24x31 cm","p":6.5,"img":"https://fd9-photos.leclercdrive.fr/image.ashx?id=1697098&use=l&cat=p&typeid=i","cat":284697},{"id":105810,"n":"Coulis de tomate 680g","p":2.26,"u":"3,32 €/KG","img":"https://fd9-photos.leclercdrive.fr/image.ashx?id=2994539&use=l&cat=p&typeid=i","cat":289010},{"id":106002,"n":"Taille-crayon Stabilo Bleu - pour droitier","p":5.55,"img":"https://fd9-photos.leclercdrive.fr/image.ashx?id=1691006&use=l&cat=p&typeid=i","cat":334133},{"id":106006,"n":"Pur jus de pomme Jafaden 2L","p":2.29,"u":"1,15 €/L","img":"https://fd9-photos.leclercdrive.fr/image.ashx?id=2956774&use=l&cat=p&typeid=i","cat":284522},{"id":106026,"n":"Matière grasse Rustica cuisson et patisserie -500G","p":2.79,"u":"5,58 €/KG","img":"https://fd9-photos.leclercdrive.fr/image.ashx?id=2904586&use=l&cat=p&typeid=i","cat":315229},{"id":106029,"n":"Petit Cahier Easybook Oxford Bleu - 96 pages - 17x22cm","p":1.95,"img":"https://fd9-photos.leclercdrive.fr/image.ashx?id=1697203&use=l&cat=p&typeid=i","cat":284697},{"id":106050,"n":"Taille-crayon à 2 têtes Maped Bleu avec réserve igloo - x1","p":1.85,"img":"https://fd9-photos.leclercdrive.fr/image.ashx?id=1690526&use=l&cat=p&typeid=i","cat":334133},{"id":106051,"n":"Taille-crayon Stabilo Orange - pour droitier","p":5.55,"img":"https://fd9-photos.leclercdrive.fr/image.ashx?id=1691009&use=l&cat=p&typeid=i","cat":334133},{"id":106054,"n":"Taille-crayon Stabilo Rose - pour droitier","p":5.55,"img":"https://fd9-photos.leclercdrive.fr/image.ashx?id=1691015&use=l&cat=p&typeid=i","cat":334133},{"id":106055,"n":"Taille-crayon à 2 têtes Maped Rose avec réserve igloo - x1","p":1.85,"img":"https://fd9-photos.leclercdrive.fr/image.ashx?id=1690529&use=l&cat=p&typeid=i","cat":334133},{"id":106056,"n":"Taille-crayon Stabilo Vert - pour droitier","p":5.55,"img":"https://fd9-photos.leclercdrive.fr/image.ashx?id=1691018&use=l&cat=p&typeid=i","cat":334133},{"id":106057,"n":"Taille-crayon à 2 têtes Maped Vert avec réserve igloo - x1","p":1.85,"img":"https://fd9-photos.leclercdrive.fr/image.ashx?id=1690532&use=l&cat=p&typeid=i","cat":334133},{"id":106079,"n":"Petit Cahier Easybook Oxford Jaune - 96 pages - 17x22cm","p":1.95,"img":"https://fd9-photos.leclercdrive.fr/image.ashx?id=1697206&use=l&cat=p&typeid=i","cat":284697},{"id":106082,"n":"Petit Cahier Easybook Oxford  Orange - 96 pages - 17x22cm","p":1.95,"img":"https://fd9-photos.leclercdrive.fr/image.ashx?id=1697209&use=l&cat=p&typeid=i","cat":284697},{"id":106083,"n":"Petit Cahier Easybook Oxford Rose - 96 pages - 17x22cm","p":1.95,"img":"https://fd9-photos.leclercdrive.fr/image.ashx?id=1697212&use=l&cat=p&typeid=i","cat":284697},{"id":106085,"n":"Petit cahier Easybook Oxford Rouge - 96 pages - 17x22cm","p":1.95,"img":"https://fd9-photos.leclercdrive.fr/image.ashx?id=1697215&use=l&cat=p&typeid=i","cat":284697},{"id":106090,"n":"Petit cahier Easybook Oxford Transparent - 96 pages 17x22cm","p":1.95,"img":"https://fd9-photos.leclercdrive.fr/image.ashx?id=1697218&use=l&cat=p&typeid=i","cat":284697},{"id":106092,"n":"Petit cahier Easybook Oxford Vert - 96 pages - 17x22cm","p":1.95,"img":"https://fd9-photos.leclercdrive.fr/image.ashx?id=1697221&use=l&cat=p&typeid=i","cat":284697},{"id":106093,"n":"Petit cahier Easybook Oxford Violet - 96 pages - 17x22cm","p":1.95,"img":"https://fd9-photos.leclercdrive.fr/image.ashx?id=1697224&use=l&cat=p&typeid=i","cat":284697},{"id":106153,"n":"Lot de 3 boxers Dim Pockets Noir coton stretch-Taille 36/38","p":13.15,"u":"4,38 €/P","img":"https://fd9-photos.leclercdrive.fr/image.ashx?id=2539683&use=l&cat=p&typeid=i","cat":291524},{"id":106159,"n":"Lot de 3 boxers Dim Pockets Noir coton stretch-Taille 44/46","p":13.15,"u":"4,38 €/P","img":"https://fd9-photos.leclercdrive.fr/image.ashx?id=2539689&use=l&cat=p&typeid=i","cat":291524},{"id":106161,"n":"Lot de 3 slips Dim Pockets Rose coton Stretch-Taille 36/38","p":13.15,"u":"4,38 €/P","img":"https://fd9-photos.leclercdrive.fr/image.ashx?id=2207880&use=l&cat=p&typeid=i","cat":291524},{"id":106163,"n":"Lot de 3 slips Dim Pockets Rose coton Stretch-Taille 40/42","p":13.15,"u":"4,38 €/P","img":"https://fd9-photos.leclercdrive.fr/image.ashx?id=2207883&use=l&cat=p&typeid=i","cat":291524},{"id":106166,"n":"Lot de 3 slips Dim Pockets Rose coton Stretch-Taille 44/46","p":13.15,"u":"4,38 €/P","img":"https://fd9-photos.leclercdrive.fr/image.ashx?id=2207886&use=l&cat=p&typeid=i","cat":291524},{"id":106167,"n":"Lot de 3 boxers Dim Pockets Rose coton stretch-Taille 36/38","p":13.15,"u":"4,38 €/P","img":"https://fd9-photos.leclercdrive.fr/image.ashx?id=2207889&use=l&cat=p&typeid=i","cat":291524},{"id":106171,"n":"Lot de 3 boxers Dim Pockets Rose coton stretch-Taille 44/46","p":13.15,"u":"4,38 €/P","img":"https://fd9-photos.leclercdrive.fr/image.ashx?id=2207895&use=l&cat=p&typeid=i","cat":291524},{"id":106172,"n":"Lot de 3 slips Dim Pockets Noeud coton Stretch-Taille36/38","p":13.15,"u":"4,38 €/P","img":"https://fd9-photos.leclercdrive.fr/image.ashx?id=3000273&use=l&cat=p&typeid=i","cat":291524},{"id":106174,"n":"Lot de 3 slips Dim Pockets Noeud coton Stretch-Taille40/42","p":13.15,"u":"4,38 €/P","img":"https://fd9-photos.leclercdrive.fr/image.ashx?id=3000276&use=l&cat=p&typeid=i","cat":291524},{"id":106177,"n":"Lot de 3 slips Dim Pockets Noeud coton Stretch-Taille44/46","p":13.15,"u":"4,38 €/P","img":"https://fd9-photos.leclercdrive.fr/image.ashx?id=3000279&use=l&cat=p&typeid=i","cat":291524},{"id":106180,"n":"Lot de 3 boxers Dim Pockets Noeud coton stretch-Taille36/38","p":13.15,"u":"4,38 €/P","img":"https://fd9-photos.leclercdrive.fr/image.ashx?id=2864651&use=l&cat=p&typeid=i","cat":291524},{"id":106183,"n":"Lot de 3 boxers Dim Pockets Noeud coton stretch-Taille40/42","p":13.15,"u":"4,38 €/P","img":"https://fd9-photos.leclercdrive.fr/image.ashx?id=2864654&use=l&cat=p&typeid=i","cat":291524},{"id":106186,"n":"Lot de 3 boxers Dim Pockets Noeud coton stretch-Taille44/46","p":13.15,"u":"4,38 €/P","img":"https://fd9-photos.leclercdrive.fr/image.ashx?id=2864657&use=l&cat=p&typeid=i","cat":291524},{"id":106232,"n":"Gomme bulle Bic Vert - x1","p":1.5,"img":"https://fd9-photos.leclercdrive.fr/image.ashx?id=1707758&use=l&cat=p&typeid=i","cat":334133},{"id":106265,"n":"Edulcorant Pure Via Stick x40 - 60g","p":2.9,"u":"48,33 €/KG","img":"https://fd9-photos.leclercdrive.fr/image.ashx?id=2590598&use=l&cat=p&typeid=i","cat":324846},{"id":106269,"n":"Edulcorant Pure Via Boite de 65 morceaux - 130g","p":5.15,"u":"39,62 €/KG","img":"https://fd9-photos.leclercdrive.fr/image.ashx?id=2417291&use=l&cat=p&typeid=i","cat":324846},{"id":106271,"n":"Sucre Doypack Pure Via Poudre cristalisée - 250g","p":5.64,"u":"22,56 €/KG","img":"https://fd9-photos.leclercdrive.fr/image.ashx?id=2805381&use=l&cat=p&typeid=i","cat":324846},{"id":106438,"n":"Boxers coton stretch Dim Gris/rouge/noir - Taille 3 - x3","p":24.95,"u":"8,32 €/P","img":"https://fd9-photos.leclercdrive.fr/image.ashx?id=2195023&use=l&cat=p&typeid=i","cat":291524},{"id":106439,"n":"Boxers coton stretch Dim Gris/rouge/noir - Taille 4 - x3","p":24.95,"u":"8,32 €/P","img":"https://fd9-photos.leclercdrive.fr/image.ashx?id=2287499&use=l&cat=p&typeid=i","cat":291524},{"id":106440,"n":"Boxers coton stretch Dim Gris/rouge/noir - Taille 5 - x3","p":24.95,"u":"8,32 €/P","img":"https://fd9-photos.leclercdrive.fr/image.ashx?id=2305760&use=l&cat=p&typeid=i","cat":291524},{"id":106441,"n":"Boxers coton stretch Dim Noir/gris/blanc - Taille 3 - x3","p":24.95,"u":"8,32 €/P","img":"https://fd9-photos.leclercdrive.fr/image.ashx?id=1973066&use=l&cat=p&typeid=i","cat":291524},{"id":106443,"n":"Boxers coton stretch Dim Noir/gris/blanc - Taille 4 - x3","p":24.95,"u":"8,32 €/P","img":"https://fd9-photos.leclercdrive.fr/image.ashx?id=2185858&use=l&cat=p&typeid=i","cat":291524},{"id":106444,"n":"Boxers coton stretch Dim Noir/gris/blanc - Taille 5 - x3","p":24.95,"u":"8,32 €/P","img":"https://fd9-photos.leclercdrive.fr/image.ashx?id=2185861&use=l&cat=p&typeid=i","cat":291524},{"id":106448,"n":"Slips coton stretch Dim Noir - Taille 3 - x3","p":22.45,"u":"7,48 €/P","img":"https://fd9-photos.leclercdrive.fr/image.ashx?id=2560663&use=l&cat=p&typeid=i","cat":291524},{"id":106449,"n":"Slips coton stretch Dim Noir - Taille 4 - x3","p":22.45,"u":"7,48 €/P","img":"https://fd9-photos.leclercdrive.fr/image.ashx?id=2560666&use=l&cat=p&typeid=i","cat":291524},{"id":106450,"n":"Slips coton stretch Dim Noir - Taille 5 - x3","p":22.45,"u":"7,48 €/P","img":"https://fd9-photos.leclercdrive.fr/image.ashx?id=2560669&use=l&cat=p&typeid=i","cat":291524},{"id":106471,"n":"Plat bébé soir Blédichef 15mois Poireau pomme de terre - 250g","p":1.76,"u":"7,04 €/KG","img":"https://fd9-photos.leclercdrive.fr/image.ashx?id=2143681&use=l&cat=p&typeid=i","cat":312239},{"id":106473,"n":"Repas bébé Blédichef 15 mois Patate légumes poulet - 250g","p":1.86,"u":"7,44 €/KG","img":"https://fd9-photos.leclercdrive.fr/image.ashx?id=2877703&use=l&cat=p&typeid=i","cat":312238},{"id":106474,"n":"Repas bébé Blédichef 15 mois Pdt champignon poulet - 250g","p":1.78,"u":"7,12 €/KG","img":"https://fd9-photos.leclercdrive.fr/image.ashx?id=2479685&use=l&cat=p&typeid=i","cat":312238},{"id":106477,"n":"Repas bébé Blédichef 18 mois  Blanquette de volaille - 250g","p":1.83,"u":"7,32 €/KG","img":"https://fd9-photos.leclercdrive.fr/image.ashx?id=2558861&use=l&cat=p&typeid=i","cat":312238},{"id":106639,"n":"Culotte écologiq Mots d'Enfants T5 : 12/18kg - x20","p":8.7,"u":"0,44 €/P","img":"https://fd9-photos.leclercdrive.fr/image.ashx?id=2907243&use=l&cat=p&typeid=i","cat":290633},{"id":106640,"n":"Bac gourmand Eskiss Citron meringue - 500g","p":3.66,"u":"7,32 €/KG","img":"https://fd9-photos.leclercdrive.fr/image.ashx?id=2982646&use=l&cat=p&typeid=i","cat":284263},{"id":106641,"n":"Culotte écologiq Mots d'Enfants T6 : +16kg - x18","p":7.9,"u":"0,44 €/P","img":"https://fd9-photos.leclercdrive.fr/image.ashx?id=2907246&use=l&cat=p&typeid=i","cat":290633},{"id":106690,"n":"Gel douche Bionaïa Abricot bio - 250ml","p":1.43,"u":"5,72 €/L","img":"https://fd9-photos.leclercdrive.fr/image.ashx?id=2512478&use=l&cat=p&typeid=i","cat":284594},{"id":106694,"n":"Rasoir jetable Gillette Blue II Plus - x10","p":3.95,"u":"0,40 €/P","img":"https://fd9-photos.leclercdrive.fr/image.ashx?id=2543429&use=l&cat=p&typeid=i","cat":284616},{"id":106725,"n":"Gants Confort Pro Mapa Latex naturel Taille L - x100","p":14.42,"u":"0,14 €/P","img":"https://fd9-photos.leclercdrive.fr/image.ashx?id=2732446&use=l&cat=p&typeid=i","cat":284668},{"id":106750,"n":"Eau micellaire So Bio Etic Aloe purifiante bio - 500ml","p":6.64,"u":"13,28 €/L","img":"https://fd9-photos.leclercdrive.fr/image.ashx?id=2577009&use=l&cat=p&typeid=i","cat":284603},{"id":106793,"n":"Tube Foxter LED G13 120cm 16-36W - 1 pièce","p":10.99,"u":"Dont 0,12 € d'éco-part.","img":"https://fd9-photos.leclercdrive.fr/image.ashx?id=1678802&use=l&cat=p&typeid=i","cat":300573},{"id":106794,"n":"Tube Foxter LED G13 60cm 8-18W - 1 pièce","p":7.99,"u":"Dont 0,12 € d'éco-part.","img":"https://fd9-photos.leclercdrive.fr/image.ashx?id=2162591&use=l&cat=p&typeid=i","cat":300573},{"id":106801,"n":"Colle Ni Clou Ni Vis Pattex Extra fort & rapide - 52g","p":5.47,"u":"105,19 €/KG","img":"https://fd9-photos.leclercdrive.fr/image.ashx?id=2664707&use=l&cat=p&typeid=i","cat":300576},{"id":106806,"n":"Colle Ni Clou Ni Vis Pattex Extra fort & Rapide - 380g","p":8.97,"u":"23,61 €/KG","img":"https://fd9-photos.leclercdrive.fr/image.ashx?id=2673631&use=l&cat=p&typeid=i","cat":300576},{"id":106886,"n":"Petit suisse nature Gervais 9,5% MG - 6x60g","p":1.84,"u":"5,11 €/KG","img":"https://fd9-photos.leclercdrive.fr/image.ashx?id=2230384&use=l&cat=p&typeid=i","cat":284409},{"id":106985,"n":"Mini pots Häagen-Dazs  Vanille Collection x4 - 321g","p":4.07,"u":"12,68 €/KG","img":"https://fd9-photos.leclercdrive.fr/image.ashx?id=2992858&use=l&cat=p&typeid=i","cat":284725},{"id":107140,"n":"Sablés Michel et Augustin Beaufort poivre blanc - 100g","p":2.77,"u":"27,70 €/KG","img":"https://fd9-photos.leclercdrive.fr/image.ashx?id=2108981&use=l&cat=p&typeid=i","cat":297000},{"id":107145,"n":"Pur jus de raisin Bio Village Bio - 6x20cl","p":4.09,"u":"3,41 €/L","img":"https://fd9-photos.leclercdrive.fr/image.ashx?id=2595549&use=l&cat=p&typeid=i","cat":284524},{"id":107167,"n":"Gomme Maped Zenoa Bleu - avec étui","p":1.39,"img":"https://fd9-photos.leclercdrive.fr/image.ashx?id=1690553&use=l&cat=p&typeid=i","cat":334133},{"id":107177,"n":"Agrafeuse de poche Maped Argent - + 400 agrafes","p":3.42,"img":"https://fd9-photos.leclercdrive.fr/image.ashx?id=1690568&use=l&cat=p&typeid=i","cat":334133},{"id":107187,"n":"Perforateur 2 trous Maped Argent - avec reglette","p":3.59,"img":"https://fd9-photos.leclercdrive.fr/image.ashx?id=1690574&use=l&cat=p&typeid=i","cat":334133},{"id":107273,"n":"Equerre 60°  Maped Vert - Incassable et Flex- 21cm","p":1.49,"img":"https://fd9-photos.leclercdrive.fr/image.ashx?id=1557091&use=l&cat=p&typeid=i","cat":334133},{"id":107294,"n":"Cahier Openflex Oxford 96 pages Vert - 17x22cm","p":1.25,"img":"https://fd9-photos.leclercdrive.fr/image.ashx?id=1689954&use=l&cat=p&typeid=i","cat":284697},{"id":107312,"n":"Taille-crayon I-gloo Maped Bleu - avec reserve","p":1.19,"img":"https://fd9-photos.leclercdrive.fr/image.ashx?id=1690625&use=l&cat=p&typeid=i","cat":334133},{"id":107313,"n":"Taille-crayon I-gloo Maped Rose - avec reserve","p":1.19,"img":"https://fd9-photos.leclercdrive.fr/image.ashx?id=1690628&use=l&cat=p&typeid=i","cat":334133},{"id":107319,"n":"Trieur Opaque Elba  Gris - 8 positions - A4","p":7.39,"img":"https://fd9-photos.leclercdrive.fr/image.ashx?id=1410538&use=l&cat=p&typeid=i","cat":284745},{"id":107489,"n":"Cahier de textes Eco  Foot - 100 pages - 17x22cm","p":0.97,"img":"https://fd9-photos.leclercdrive.fr/image.ashx?id=1698700&use=l&cat=p&typeid=i","cat":334133},{"id":107521,"n":"Taille-crayon  Maped Bleu - Avec réserve 1T","p":1.59,"img":"https://fd9-photos.leclercdrive.fr/image.ashx?id=1690640&use=l&cat=p&typeid=i","cat":334133},{"id":107534,"n":"Taille-crayon  Maped Orange - Avec réserve 1T","p":1.59,"img":"https://fd9-photos.leclercdrive.fr/image.ashx?id=1690643&use=l&cat=p&typeid=i","cat":334133},{"id":107535,"n":"Taille-crayon  Maped Violet - Avec réserve 1T","p":1.59,"img":"https://fd9-photos.leclercdrive.fr/image.ashx?id=1690646&use=l&cat=p&typeid=i","cat":334133},{"id":107536,"n":"Taille-crayon  Maped Turquoise - Avec réserve 1T","p":1.59,"img":"https://fd9-photos.leclercdrive.fr/image.ashx?id=1690649&use=l&cat=p&typeid=i","cat":334133},{"id":107537,"n":"Taille-crayon  Maped Vert - Avec réserve 1T","p":1.59,"img":"https://fd9-photos.leclercdrive.fr/image.ashx?id=1690652&use=l&cat=p&typeid=i","cat":334133},{"id":107614,"n":"Cahier Koverbook Clairefontaine Jaune - 96 pages - 21x29.7cm","p":2.75,"img":"https://fd9-photos.leclercdrive.fr/image.ashx?id=1687823&use=l&cat=p&typeid=i","cat":284697},{"id":107645,"n":"Aluminium Albal 20m","p":3.33,"img":"https://fd9-photos.leclercdrive.fr/image.ashx?id=2551444&use=l&cat=p&typeid=i","cat":334134},{"id":107646,"n":"Film 2 en 1 Albal  20m","p":2.86,"img":"https://fd9-photos.leclercdrive.fr/image.ashx?id=2551453&use=l&cat=p&typeid=i","cat":334134},{"id":107653,"n":"Lait de coco bio Jardin Bio Bio - 225ml","p":1.89,"u":"8,40 €/L","img":"https://fd9-photos.leclercdrive.fr/image.ashx?id=2875471&use=l&cat=p&typeid=i","cat":288992},{"id":107735,"n":"Trieur à soufflet Exacompta Bleu Clair - 6 positions","p":5.63,"img":"https://fd9-photos.leclercdrive.fr/image.ashx?id=1688039&use=l&cat=p&typeid=i","cat":284745},{"id":107736,"n":"Trieur à soufflet Exacompta Noir - 6 positions","p":5.63,"img":"https://fd9-photos.leclercdrive.fr/image.ashx?id=1688042&use=l&cat=p&typeid=i","cat":284745},{"id":107809,"n":"Cahier Esquisse - 96 pages Rouge  - 17x22cm","p":0.89,"img":"https://fd9-photos.leclercdrive.fr/image.ashx?id=1690017&use=l&cat=p&typeid=i","cat":284697},{"id":107825,"n":"Bac gourmand Eskiss Vanille pécan - 500g","p":3.36,"u":"6,72 €/KG","img":"https://fd9-photos.leclercdrive.fr/image.ashx?id=2982640&use=l&cat=p&typeid=i","cat":284263},{"id":107827,"n":"Bac gourmand Eskiss Vanille caramel - 500g","p":4.11,"u":"8,22 €/KG","img":"https://fd9-photos.leclercdrive.fr/image.ashx?id=2982649&use=l&cat=p&typeid=i","cat":284263},{"id":107841,"n":"Bac gourmand Eskiss Crème brulée - 500g","p":4.36,"u":"8,72 €/KG","img":"https://fd9-photos.leclercdrive.fr/image.ashx?id=2982643&use=l&cat=p&typeid=i","cat":284263},{"id":107847,"n":"Bac gourmand Eskiss Vanille speculoos - 500g","p":3.19,"u":"6,38 €/KG","img":"https://fd9-photos.leclercdrive.fr/image.ashx?id=2982652&use=l&cat=p&typeid=i","cat":284263},{"id":107855,"n":"Vin rouge Espagne Table Oscar Inno Vins - 5L","p":9.95,"u":"1,99 €/L","img":"https://fd9-photos.leclercdrive.fr/image.ashx?id=2116810&use=l&cat=p&typeid=i","cat":289556},{"id":107864,"n":"Bac gourmand Eskiss Café - 500g","p":2.99,"u":"5,98 €/KG","img":"https://fd9-photos.leclercdrive.fr/image.ashx?id=2982655&use=l&cat=p&typeid=i","cat":284263},{"id":107868,"n":"Bac gourmand Eskiss Chocolat Liegeois - 500g","p":2.99,"u":"5,98 €/KG","img":"https://fd9-photos.leclercdrive.fr/image.ashx?id=2982658&use=l&cat=p&typeid=i","cat":284263},{"id":107870,"n":"Bac gourmand Eskiss Vanille fruits rouge - 500g","p":3.49,"u":"6,98 €/KG","img":"https://fd9-photos.leclercdrive.fr/image.ashx?id=2982661&use=l&cat=p&typeid=i","cat":284263},{"id":107942,"n":"Cahier  Esquisse 96 pages Corail - 17x22cm","p":0.65,"img":"https://fd9-photos.leclercdrive.fr/image.ashx?id=1690056&use=l&cat=p&typeid=i","cat":284697},{"id":107964,"n":"Agrafeuse pocket Esquisse  Bleu - x1","p":2.59,"img":"https://fd9-photos.leclercdrive.fr/image.ashx?id=1690083&use=l&cat=p&typeid=i","cat":334133},{"id":107966,"n":"Agrafeuse pocket Esquisse  Rouge - x1","p":2.59,"img":"https://fd9-photos.leclercdrive.fr/image.ashx?id=1690086&use=l&cat=p&typeid=i","cat":334133},{"id":108102,"n":"Taille crayon bulle Bic Vert - 2 trous -x1","p":1.8,"img":"https://fd9-photos.leclercdrive.fr/image.ashx?id=1700620&use=l&cat=p&typeid=i","cat":334133},{"id":108109,"n":"Agrafeuse Universal Maped Multicoloris 26/6 + 400 agrafes","p":8.55,"img":"https://fd9-photos.leclercdrive.fr/image.ashx?id=2510070&use=l&cat=p&typeid=i","cat":334133},{"id":108181,"n":"Tube de colle Uhu stic 2x21g","p":4.21,"img":"https://fd9-photos.leclercdrive.fr/image.ashx?id=1684914&use=l&cat=p&typeid=i","cat":334133},{"id":108342,"n":"Cahier piqûre Force 8 96 pages Jaune - 17x22cm","p":1.05,"img":"https://fd9-photos.leclercdrive.fr/image.ashx?id=1688549&use=l&cat=p&typeid=i","cat":284697},{"id":108449,"n":"Déodorant spray Monsavon Fleur Lotus-200ml","p":2.0,"u":"10,00 €/L","img":"https://fd9-photos.leclercdrive.fr/image.ashx?id=2643914&use=l&cat=p&typeid=i","cat":284595},{"id":108533,"n":"Thon Blanc MSC Petit Navire Au naturel - 2x56g","p":3.67,"u":"32,77 €/KG","img":"https://fd9-photos.leclercdrive.fr/image.ashx?id=2521864&use=l&cat=p&typeid=i","cat":303867},{"id":108668,"n":"Bière blonde La Goudale 7.2% vol. - 50cl","p":1.56,"u":"3,12 €/L","img":"https://fd9-photos.leclercdrive.fr/image.ashx?id=2513658&use=l&cat=p&typeid=i","cat":334852},{"id":108692,"n":"Bâton de colle Uhu stic 9x8.2g+1x21g","p":8.35,"u":"87,89 €/KG","img":"https://fd9-photos.leclercdrive.fr/image.ashx?id=2901049&use=l&cat=p&typeid=i","cat":334133},{"id":108695,"n":"Beurre de cacahuètes Menguy's Creamy - 454g","p":4.25,"u":"9,36 €/KG","img":"https://fd9-photos.leclercdrive.fr/image.ashx?id=2844082&use=l&cat=p&typeid=i","cat":284481},{"id":108707,"n":"Filtres à café Uni vert Bruns n°4 - x80","p":1.33,"u":"0,02 €/P","img":"https://fd9-photos.leclercdrive.fr/image.ashx?id=2634878&use=l&cat=p&typeid=i","cat":284751},{"id":108711,"n":"Gel Douche Fa Crème Cacao coco flacon - 250ml","p":1.49,"u":"5,96 €/L","img":"https://fd9-photos.leclercdrive.fr/image.ashx?id=2995097&use=l&cat=p&typeid=i","cat":284594},{"id":108724,"n":"Thé glacé Bio Village Bio Pêche - 1L","p":1.36,"u":"1,36 €/L","img":"https://fd9-photos.leclercdrive.fr/image.ashx?id=2670392&use=l&cat=p&typeid=i","cat":295019},{"id":108725,"n":"Thé glacé Bio Village Bio Menthe - 1L","p":1.4,"u":"1,40 €/L","img":"https://fd9-photos.leclercdrive.fr/image.ashx?id=2664362&use=l&cat=p&typeid=i","cat":295019},{"id":108844,"n":"Plat bébé soir Blédichef 12mois Spaghetti crème légumes -2x230g","p":3.4,"u":"7,39 €/KG","img":"https://fd9-photos.leclercdrive.fr/image.ashx?id=2643494&use=l&cat=p&typeid=i","cat":312239},{"id":108988,"n":"Whisky Chivas Regal XV Blended Scotch 40% vol - 70cl","p":37.9,"pp":34.11,"u":"48,73 €/L","img":"https://fd9-photos.leclercdrive.fr/image.ashx?id=2877028&use=l&cat=p&typeid=i","cat":284547},{"id":109009,"n":"Pile auditive Foxter Taille 312 blister - 16pcs","p":4.5,"u":"0,28 €/P","img":"https://fd9-photos.leclercdrive.fr/image.ashx?id=2162582&use=l&cat=p&typeid=i","cat":300572},{"id":109010,"n":"Taille 312 blister - 6 pcs Pile auditive Foxter","p":1.99,"u":"0,33 €/P","img":"https://fd9-photos.leclercdrive.fr/image.ashx?id=2162585&use=l&cat=p&typeid=i","cat":300572},{"id":109076,"n":"Piles Lithium Foxter CR2032 - 3V - 5 pièces","p":3.9,"u":"0,78 €/P","img":"https://fd9-photos.leclercdrive.fr/image.ashx?id=2162597&use=l&cat=p&typeid=i","cat":300572},{"id":109111,"n":"Calculette Texas Instrument TI-83 premium - Noir/Blanc","p":99.0,"u":"Dont 0,07 € d'éco-part.","img":"https://fd9-photos.leclercdrive.fr/image.ashx?id=2593974&use=l&cat=p&typeid=i","cat":334133},{"id":109115,"n":"Nectar Bio Village Bio Abricot - 1L","p":2.69,"u":"2,69 €/L","img":"https://fd9-photos.leclercdrive.fr/image.ashx?id=2954124&use=l&cat=p&typeid=i","cat":284915},{"id":109116,"n":"Nectar de goyave Bio Village Bio - 1L","p":2.35,"u":"2,35 €/L","img":"https://fd9-photos.leclercdrive.fr/image.ashx?id=2954127&use=l&cat=p&typeid=i","cat":284916},{"id":109118,"n":"Pur jus de fruits Bio Village Bio - 1L","p":3.64,"u":"3,64 €/L","img":"https://fd9-photos.leclercdrive.fr/image.ashx?id=2901563&use=l&cat=p&typeid=i","cat":284917},{"id":109267,"n":"Panaché Force 4 0,4° - 10x25cl","p":4.61,"u":"1,84 €/L","img":"https://fd9-photos.leclercdrive.fr/image.ashx?id=2473321&use=l&cat=p&typeid=i","cat":334877},{"id":109274,"n":"Yaourt Enfant Petits Filous Aromatisé à la Fraise - 6x100g","p":2.83,"u":"4,72 €/KG","img":"https://fd9-photos.leclercdrive.fr/image.ashx?id=2748434&use=l&cat=p&typeid=i","cat":284415},{"id":109309,"n":"Bol semoule 8 mois Bio Village Bio Patate douce lait - 2x200g","p":2.49,"u":"6,23 €/KG","img":"https://fd9-photos.leclercdrive.fr/image.ashx?id=2704807&use=l&cat=p&typeid=i","cat":312239},{"id":109310,"n":"Bol Bio Village 6 mois bio Petits pois Riz Maïs - 2x200g","p":2.21,"u":"5,53 €/KG","img":"https://fd9-photos.leclercdrive.fr/image.ashx?id=2704819&use=l&cat=p&typeid=i","cat":312239},{"id":109317,"n":"Bol Bio village 6 mois Bio Ratatouille Quinoa - 2x200g","p":2.45,"u":"6,13 €/KG","img":"https://fd9-photos.leclercdrive.fr/image.ashx?id=2704822&use=l&cat=p&typeid=i","cat":312239},{"id":109322,"n":"Bol legume vert riz Bio Village Saumon bio - 6 mois - 2x200g","p":2.55,"u":"6,38 €/KG","img":"https://fd9-photos.leclercdrive.fr/image.ashx?id=2704792&use=l&cat=p&typeid=i","cat":312235},{"id":109323,"n":"Rillettes thon blanc tomséchées Les Mouettes d'Arvor - 125g","p":2.89,"u":"23,12 €/KG","img":"https://fd9-photos.leclercdrive.fr/image.ashx?id=1901269&use=l&cat=p&typeid=i","cat":303867},{"id":109328,"n":"Rillettes Les Mouettes d'Arvor Thon poivre vert- 125g","p":2.97,"u":"23,76 €/KG","img":"https://fd9-photos.leclercdrive.fr/image.ashx?id=1901272&use=l&cat=p&typeid=i","cat":303867},{"id":109348,"n":"Panaché Falsbourg <0.5% vol. Canettes - 6x33cl","p":3.11,"u":"1,57 €/L","img":"https://fd9-photos.leclercdrive.fr/image.ashx?id=2637958&use=l&cat=p&typeid=i","cat":334853},{"id":109369,"n":"Panaché Falsbourg  <0.5% vol. - 10X25cl","p":2.99,"u":"1,20 €/L","img":"https://fd9-photos.leclercdrive.fr/image.ashx?id=2637967&use=l&cat=p&typeid=i","cat":334877},{"id":109387,"n":"Pur jus Tropicana Réveil des Tropiques 90cl","p":2.89,"u":"3,21 €/L","img":"https://fd9-photos.leclercdrive.fr/image.ashx?id=2529279&use=l&cat=p&typeid=i","cat":285435},{"id":109418,"n":"Rillettes de Thon MSC Ronde des Mers - 125g","p":1.69,"u":"13,52 €/KG","img":"https://fd9-photos.leclercdrive.fr/image.ashx?id=2436696&use=l&cat=p&typeid=i","cat":303867},{"id":109437,"n":"Repas bébé Blédichef 12 mois  Couscous - 2x230g","p":3.68,"u":"8,00 €/KG","img":"https://fd9-photos.leclercdrive.fr/image.ashx?id=2479706&use=l&cat=p&typeid=i","cat":312237},{"id":109441,"n":"Thon entier MSC Pêche Océan Naturel - 140g","p":2.17,"u":"15,50 €/KG","img":"https://fd9-photos.leclercdrive.fr/image.ashx?id=2942211&use=l&cat=p&typeid=i","cat":303867},{"id":109444,"n":"Bol brocolis Bio Village Pomme de terre bio 4mois 2x120g","p":1.45,"u":"6,04 €/KG","img":"https://fd9-photos.leclercdrive.fr/image.ashx?id=2704756&use=l&cat=p&typeid=i","cat":312234},{"id":109452,"n":"Bol potiron courge bio Bio Village - 4 mois - 2x120g","p":1.45,"u":"6,04 €/KG","img":"https://fd9-photos.leclercdrive.fr/image.ashx?id=2704816&use=l&cat=p&typeid=i","cat":312234},{"id":109457,"n":"Boisson lactée Danao Pêche Abricot - 900ml","p":2.71,"u":"3,01 €/L","img":"https://fd9-photos.leclercdrive.fr/image.ashx?id=2606367&use=l&cat=p&typeid=i","cat":285435},{"id":109474,"n":"Yaourt à boire Yop Dessert Lacté Chocolat - 825g","p":2.19,"u":"2,65 €/KG","img":"https://fd9-photos.leclercdrive.fr/image.ashx?id=2941613&use=l&cat=p&typeid=i","cat":284415},{"id":109548,"n":"Olives vertes bio Bio Village - 160g","p":2.79,"u":"17,44 €/KG","img":"https://fd9-photos.leclercdrive.fr/image.ashx?id=2552448&use=l&cat=p&typeid=i","cat":284450},{"id":109555,"n":"Poudre à lever Bio Village Bio - 5x35g","p":0.72,"u":"20,57 €/KG","img":"https://fd9-photos.leclercdrive.fr/image.ashx?id=1694832&use=l&cat=p&typeid=i","cat":284504},{"id":109564,"n":"AdBlue Diframa avec flexible 10L","p":14.9,"u":"1,49 €/L","img":"https://fd9-photos.leclercdrive.fr/image.ashx?id=1863624&use=l&cat=p&typeid=i","cat":298253},{"id":109565,"n":"Thon entier MSC Pêche Océan Naturel - 93g","p":1.99,"u":"21,40 €/KG","img":"https://fd9-photos.leclercdrive.fr/image.ashx?id=2942217&use=l&cat=p&typeid=i","cat":303867},{"id":109567,"n":"AdBlue Diframa avec flexible 5L","p":6.9,"u":"1,38 €/L","img":"https://fd9-photos.leclercdrive.fr/image.ashx?id=1867723&use=l&cat=p&typeid=i","cat":298253},{"id":109578,"n":"Mouchoirs Ultra Soft Kleenex® Etuis mini x10","p":1.99,"u":"0,20 €/P","img":"https://fd9-photos.leclercdrive.fr/image.ashx?id=2840307&use=l&cat=p&typeid=i","cat":284638},{"id":109580,"n":"Terrine de campagne Bio Village Bio - 180g","p":2.79,"u":"15,50 €/KG","img":"https://fd9-photos.leclercdrive.fr/image.ashx?id=1710227&use=l&cat=p&typeid=i","cat":305149},{"id":109587,"n":"Diffuseur électrique Glade + Recharge Bois de Santal 20ml","p":5.53,"u":"Dont 0,05 € d'éco-part.","img":"https://fd9-photos.leclercdrive.fr/image.ashx?id=2864152&use=l&cat=p&typeid=i","cat":311629},{"id":109606,"n":"Culottes Drynites Fille 8-15ans 27-57kg - x13","p":11.85,"u":"0,23 €/MRC","img":"https://fd9-photos.leclercdrive.fr/image.ashx?id=2045848&use=l&cat=p&typeid=i","cat":290633},{"id":109638,"n":"Thon Pêche Océan Huile de tournesol - 120g","p":1.65,"u":"13,75 €/KG","img":"https://fd9-photos.leclercdrive.fr/image.ashx?id=1695684&use=l&cat=p&typeid=i","cat":303867},{"id":109639,"n":"Thon Pêche Océan à l'hule d'olive - 120g","p":1.75,"u":"14,58 €/KG","img":"https://fd9-photos.leclercdrive.fr/image.ashx?id=2578487&use=l&cat=p&typeid=i","cat":303867},{"id":109640,"n":"Sardines à la sauce tomate Pêche Océan - 120g","p":1.15,"u":"9,58 €/KG","img":"https://fd9-photos.leclercdrive.fr/image.ashx?id=2304863&use=l&cat=p&typeid=i","cat":305146},{"id":109644,"n":"Boisson gazeuse Sprink's Ananas - 1.5L","p":1.35,"u":"0,90 €/L","img":"https://fd9-photos.leclercdrive.fr/image.ashx?id=2304917&use=l&cat=p&typeid=i","cat":284532},{"id":109653,"n":"Haricots cornilles Notre jardin Bocal - 570g","p":1.1,"u":"1,93 €/KG","img":"https://fd9-photos.leclercdrive.fr/image.ashx?id=2578502&use=l&cat=p&typeid=i","cat":312606},{"id":109670,"n":"Compotes Pom'Potes Gourdes  Mix de Pommes - 20x90g","p":7.2,"u":"4,00 €/KG","img":"https://fd9-photos.leclercdrive.fr/image.ashx?id=2563349&use=l&cat=p&typeid=i","cat":284508},{"id":109742,"n":"Jus pour bébé NATURNES BIO Poire Abricot 6M+ - 20cl","p":0.92,"u":"4,60 €/L","img":"https://fd9-photos.leclercdrive.fr/image.ashx?id=2532258&use=l&cat=p&typeid=i","cat":312388},{"id":109749,"n":"Liquide de rinçage Uni Vert Lave-vaisselle Ecologique-750ml","p":1.99,"u":"2,65 €/L","img":"https://fd9-photos.leclercdrive.fr/image.ashx?id=2966403&use=l&cat=p&typeid=i","cat":284657},{"id":109753,"n":"Sauce crudité Amora Nature - 380ml","p":1.92,"u":"5,05 €/KG","img":"https://fd9-photos.leclercdrive.fr/image.ashx?id=2644995&use=l&cat=p&typeid=i","cat":284456},{"id":109856,"n":"AOP Vin d'Alsace Pinot blanc vin blanc Rebmann - 75 cl","p":4.99,"u":"6,65 €/L","img":"https://fd9-photos.leclercdrive.fr/image.ashx?id=2702333&use=l&cat=p&typeid=i","cat":289557},{"id":109857,"n":"AOC Luberon Rouge Rives & Terrasses - 75cl","p":3.49,"u":"4,65 €/L","img":"https://fd9-photos.leclercdrive.fr/image.ashx?id=2756888&use=l&cat=p&typeid=i","cat":289556},{"id":109873,"n":"Pur jus de pomme Jafaden Douceur - 1L","p":1.5,"u":"1,50 €/L","img":"https://fd9-photos.leclercdrive.fr/image.ashx?id=2863178&use=l&cat=p&typeid=i","cat":284522},{"id":109892,"n":"Soda Coca-Cola Cherry Bouteille - 1,25L","p":1.75,"u":"1,40 €/L","img":"https://fd9-photos.leclercdrive.fr/image.ashx?id=2678161&use=l&cat=p&typeid=i","cat":284530},{"id":109893,"n":"Soda Coca-Cola Vanille Bouteille - 1,25L","p":1.75,"u":"1,40 €/L","img":"https://fd9-photos.leclercdrive.fr/image.ashx?id=2678164&use=l&cat=p&typeid=i","cat":284530},{"id":109918,"n":"Pur jus clementine Eco+ Orange Raisin - 1L","p":1.83,"u":"1,83 €/L","img":"https://fd9-photos.leclercdrive.fr/image.ashx?id=2869763&use=l&cat=p&typeid=i","cat":284917},{"id":109919,"n":"IGP Pays d'Oc vin rouge Vieux Carion 12.5% vol - BIB 5L","p":11.99,"u":"2,40 €/L","img":"https://fd9-photos.leclercdrive.fr/image.ashx?id=2750165&use=l&cat=p&typeid=i","cat":289560},{"id":109948,"n":"Boisson à base de vin Very Vin blanc - Pêche - 3L","p":9.45,"u":"3,15 €/L","img":"https://fd9-photos.leclercdrive.fr/image.ashx?id=1882151&use=l&cat=p&typeid=i","cat":304569},{"id":110005,"n":"Repas bébé Blédichef 12 mois  Riz légumes poulet - 2x230g","p":3.91,"u":"8,50 €/KG","img":"https://fd9-photos.leclercdrive.fr/image.ashx?id=2361843&use=l&cat=p&typeid=i","cat":312237},{"id":110007,"n":"Tam Tam l'Original Saint-Michel - 275g","p":1.97,"u":"7,16 €/KG","img":"https://fd9-photos.leclercdrive.fr/image.ashx?id=2936239&use=l&cat=p&typeid=i","cat":284495},{"id":110009,"n":"Boisson végétale Bio Village Epeautre bio - 1l","p":1.9,"u":"1,90 €/L","img":"https://fd9-photos.leclercdrive.fr/image.ashx?id=2384935&use=l&cat=p&typeid=i","cat":316067},{"id":110039,"n":"Boisson amande Nat & Vie Sans sucre - 1L","p":1.36,"u":"1,36 €/L","img":"https://fd9-photos.leclercdrive.fr/image.ashx?id=2882340&use=l&cat=p&typeid=i","cat":316067},{"id":110087,"n":"Joker Le Fruit Jus multifruits exotiques - 1L","p":2.15,"u":"2,15 €/L","img":"https://fd9-photos.leclercdrive.fr/image.ashx?id=2826864&use=l&cat=p&typeid=i","cat":284917},{"id":110095,"n":"Sauce chinoise 290g","p":1.79,"u":"6,17 €/KG","img":"https://fd9-photos.leclercdrive.fr/image.ashx?id=1951139&use=l&cat=p&typeid=i","cat":318431},{"id":110103,"n":"Huile d'olive vierge extra 25cl","p":2.89,"u":"11,56 €/L","img":"https://fd9-photos.leclercdrive.fr/image.ashx?id=2892349&use=l&cat=p&typeid=i","cat":284453},{"id":110113,"n":"Cahier Esquisse  - 96 pages Rouge - 21x29.7cm","p":1.1,"img":"https://fd9-photos.leclercdrive.fr/image.ashx?id=981958&use=l&cat=p&typeid=i","cat":284697},{"id":110130,"n":"Dessert lacté Bio Village Bio - Abricot 6-9 mois 4x100g","p":2.04,"u":"5,10 €/KG","img":"https://fd9-photos.leclercdrive.fr/image.ashx?id=2709752&use=l&cat=p&typeid=i","cat":312392},{"id":110139,"n":"Dessert lacté bio Bio Village Brassé nature sucré - 4x100g","p":2.12,"u":"5,30 €/KG","img":"https://fd9-photos.leclercdrive.fr/image.ashx?id=2709761&use=l&cat=p&typeid=i","cat":312392},{"id":110150,"n":"Bol légumes  Bio Village Bio Poulet - 8mois - 2x200g","p":2.49,"u":"6,23 €/KG","img":"https://fd9-photos.leclercdrive.fr/image.ashx?id=2704780&use=l&cat=p&typeid=i","cat":312236},{"id":110153,"n":"Perforatrice 2 trous Esquisse Bleu - x1","p":2.59,"img":"https://fd9-photos.leclercdrive.fr/image.ashx?id=932712&use=l&cat=p&typeid=i","cat":334133},{"id":110159,"n":"Bol légumes saumon Bio Village Bio - 12 mois - 2x200g","p":2.69,"u":"6,73 €/KG","img":"https://fd9-photos.leclercdrive.fr/image.ashx?id=2704783&use=l&cat=p&typeid=i","cat":312237},{"id":110179,"n":"Bol risotto Tomate Bio Village Aubergine bio - 2x200g","p":2.55,"u":"6,38 €/KG","img":"https://fd9-photos.leclercdrive.fr/image.ashx?id=2704825&use=l&cat=p&typeid=i","cat":312237},{"id":110182,"n":"Bol Spaghetti Bio Village 8mois Bio Bolognaise - 2x200g","p":2.59,"u":"6,48 €/KG","img":"https://fd9-photos.leclercdrive.fr/image.ashx?id=2704828&use=l&cat=p&typeid=i","cat":312236},{"id":110321,"n":"AOC Bordeaux supérieur Rouge Grand vin de Reignac-2017 -75cl","p":20.57,"u":"27,43 €/L","img":"https://fd9-photos.leclercdrive.fr/image.ashx?id=1721830&use=l&cat=p&typeid=i","cat":289556},{"id":110490,"n":"Crevette d'équateur Escal King Size - ASC - 250g","p":8.18,"u":"32,72 €/KG","img":"https://fd9-photos.leclercdrive.fr/image.ashx?id=2407223&use=l&cat=p&typeid=i","cat":319787},{"id":110509,"n":"boisson végétale lait d'amande non grillée sans sucre alpro-1l","p":2.14,"u":"2,14 €/L","img":"https://fd9-photos.leclercdrive.fr/image.ashx?id=2980085&use=l&cat=p&typeid=i","cat":316067},{"id":110566,"n":"Crème dépilatoire Veet Men Corps Peaux Sensibles 200ml","p":4.3,"u":"21,50 €/L","img":"https://fd9-photos.leclercdrive.fr/image.ashx?id=2965689&use=l&cat=p&typeid=i","cat":284617},{"id":110568,"n":"Gel Lubrifiant Intime Durex Naturel Confort Base Eau 100ml","p":7.53,"u":"75,30 €/L","img":"https://fd9-photos.leclercdrive.fr/image.ashx?id=2960687&use=l&cat=p&typeid=i","cat":285160},{"id":110573,"n":"Culotte absorbante Chorys Plus médium - x14","p":7.93,"u":"0,57 €/P","img":"https://fd9-photos.leclercdrive.fr/image.ashx?id=2458109&use=l&cat=p&typeid=i","cat":284628},{"id":110574,"n":"Culotte absorbante Chorys Plus large - x14","p":8.65,"u":"0,62 €/P","img":"https://fd9-photos.leclercdrive.fr/image.ashx?id=2458112&use=l&cat=p&typeid=i","cat":284628},{"id":110575,"n":"Dentifrice Bionaïa Coco Aloe Vera bio - 75ml","p":1.99,"u":"26,53 €/L","img":"https://fd9-photos.leclercdrive.fr/image.ashx?id=2529549&use=l&cat=p&typeid=i","cat":284612},{"id":110577,"n":"Serviette incontinence Chorys Normal - x16","p":2.62,"u":"0,16 €/P","img":"https://fd9-photos.leclercdrive.fr/image.ashx?id=2393899&use=l&cat=p&typeid=i","cat":284628},{"id":110586,"n":"Diffuseur Sense & Spray Glade Bois de Santal & Jasmin 18ml","p":7.56,"u":"Dont 0,02 € d'éco-part.","img":"https://fd9-photos.leclercdrive.fr/image.ashx?id=1704085&use=l&cat=p&typeid=i","cat":311629},{"id":110589,"n":"Serviette incontinence Chorys Super+ - x14","p":2.2,"u":"0,16 €/P","img":"https://fd9-photos.leclercdrive.fr/image.ashx?id=2162003&use=l&cat=p&typeid=i","cat":284628},{"id":110590,"n":"Recharge Électrique Glade Bois de Santal & Jasmin 20ml","p":4.01,"img":"https://fd9-photos.leclercdrive.fr/image.ashx?id=2600773&use=l&cat=p&typeid=i","cat":311629},{"id":110595,"n":"Gel Lave-Vaisselle Sun Tout-en-1 Expert Plus 52 Lavage","p":7.9,"u":"8,78 €/L","img":"https://fd9-photos.leclercdrive.fr/image.ashx?id=2835580&use=l&cat=p&typeid=i","cat":284656},{"id":110596,"n":"Poudre Lave Vaisselle Sun Classique 90 Lavages","p":9.0,"u":"3,16 €/KG","img":"https://fd9-photos.leclercdrive.fr/image.ashx?id=2866172&use=l&cat=p&typeid=i","cat":284656},{"id":110643,"n":"Yaourt à la Grecque Délisse Caramel beurre salé - 4x150g","p":2.59,"u":"4,32 €/KG","img":"https://fd9-photos.leclercdrive.fr/image.ashx?id=2953278&use=l&cat=p&typeid=i","cat":314999},{"id":110676,"n":"Riz cuisine Bio Village Fluide bio - 3x20cl","p":2.49,"u":"4,15 €/KG","img":"https://fd9-photos.leclercdrive.fr/image.ashx?id=2717260&use=l&cat=p&typeid=i","cat":288381},{"id":110678,"n":"Bouillon cube Bio Village Volaille Bio - x8 - 80g","p":1.43,"u":"17,88 €/KG","img":"https://fd9-photos.leclercdrive.fr/image.ashx?id=2140950&use=l&cat=p&typeid=i","cat":288379},{"id":110707,"n":"Beurre gastronomique Les Croisé Doux - 82% MG - 250g","p":2.49,"u":"9,96 €/KG","img":"https://fd9-photos.leclercdrive.fr/image.ashx?id=2833005&use=l&cat=p&typeid=i","cat":284379},{"id":110708,"n":"Beurre Les Croisés Demi-sel - 80% MG - 250g","p":2.49,"u":"9,96 €/KG","img":"https://fd9-photos.leclercdrive.fr/image.ashx?id=2778084&use=l&cat=p&typeid=i","cat":284379},{"id":110712,"n":"Boisson lacté Délisse Vanille - 6x20cl","p":2.19,"u":"1,83 €/L","img":"https://fd9-photos.leclercdrive.fr/image.ashx?id=2171916&use=l&cat=p&typeid=i","cat":295246},{"id":110800,"n":"Cahier Esquisse 192p Jaune - 21x29.7cm","p":3.39,"img":"https://fd9-photos.leclercdrive.fr/image.ashx?id=968183&use=l&cat=p&typeid=i","cat":284697},{"id":110827,"n":"Jus pour bébé Naturnes Bio Pomme mangue 6M+ 20cl","p":0.77,"u":"3,85 €/L","img":"https://fd9-photos.leclercdrive.fr/image.ashx?id=2406235&use=l&cat=p&typeid=i","cat":312388},{"id":110845,"n":"Huile végétale So'Bio Etic Amande douce bio - 50ml","p":5.48,"u":"109,60 €/L","img":"https://fd9-photos.leclercdrive.fr/image.ashx?id=2827956&use=l&cat=p&typeid=i","cat":325349},{"id":110846,"n":"Huile végétale So'Bio Etic de ricin bio - 50ml","p":5.93,"u":"118,60 €/L","img":"https://fd9-photos.leclercdrive.fr/image.ashx?id=2752465&use=l&cat=p&typeid=i","cat":325349},{"id":110849,"n":"Dentifrice Bionaïa Charbon bio - 75ml","p":1.99,"u":"26,53 €/L","img":"https://fd9-photos.leclercdrive.fr/image.ashx?id=2529546&use=l&cat=p&typeid=i","cat":284612},{"id":110854,"n":"Fido Purina Bacon twist - 120g","p":2.0,"u":"16,67 €/KG","img":"https://fd9-photos.leclercdrive.fr/image.ashx?id=2447163&use=l&cat=p&typeid=i","cat":294527},{"id":110856,"n":"Pack bières blondes 8.6 8.6%vol - 4x50cl","p":5.37,"u":"2,69 €/L","img":"https://fd9-photos.leclercdrive.fr/image.ashx?id=2841601&use=l&cat=p&typeid=i","cat":334853},{"id":110857,"n":"Boisson effervescente base vin Désalcoolisé Diane D’Arria 75cl","p":2.79,"u":"3,72 €/L","img":"https://fd9-photos.leclercdrive.fr/image.ashx?id=2149728&use=l&cat=p&typeid=i","cat":289460},{"id":110858,"n":"Jus pour bébé Naturnes 6 mois Poire Banane Bio - 200ml","p":1.05,"u":"5,25 €/L","img":"https://fd9-photos.leclercdrive.fr/image.ashx?id=2406238&use=l&cat=p&typeid=i","cat":312388},{"id":110859,"n":"Bières blonde original 8.6 8.6%vol - 50cl","p":1.33,"u":"2,66 €/L","img":"https://fd9-photos.leclercdrive.fr/image.ashx?id=2112516&use=l&cat=p&typeid=i","cat":334853},{"id":110884,"n":"Viande hachée Bio Yooji Dinde - 6 mois et   - 120g","p":4.57,"u":"38,08 €/KG","img":"https://fd9-photos.leclercdrive.fr/image.ashx?id=2575738&use=l&cat=p&typeid=i","cat":290631},{"id":110928,"n":"Crème pamplemousse Giffard 16%vol - 50cl","p":5.5,"pp":4.95,"u":"9,90 €/L","img":"https://fd9-photos.leclercdrive.fr/image.ashx?id=2219156&use=l&cat=p&typeid=i","cat":286032},{"id":110940,"n":"Champagne blanc brut Jeanmaire Elysée-  75cl","p":21.98,"u":"29,31 €/L","img":"https://fd9-photos.leclercdrive.fr/image.ashx?id=1726568&use=l&cat=p&typeid=i","cat":284542},{"id":111114,"n":"Soda Jean's Cola Clear Bouteille - 1L","p":0.99,"u":"0,99 €/L","img":"https://fd9-photos.leclercdrive.fr/image.ashx?id=2672951&use=l&cat=p&typeid=i","cat":284530},{"id":111187,"n":"AOP Hermitage Vin rouge Hauts de Pavières - 75cl","p":33.1,"u":"44,13 €/L","img":"https://fd9-photos.leclercdrive.fr/image.ashx?id=2770729&use=l&cat=p&typeid=i","cat":289556},{"id":111188,"n":"AOP Cornas Vin rouge Les Hauts de Pavières - 75cl","p":24.95,"u":"33,27 €/L","img":"https://fd9-photos.leclercdrive.fr/image.ashx?id=2852489&use=l&cat=p&typeid=i","cat":289556},{"id":111207,"n":"Jenlain ambrée 75cl","p":2.65,"u":"3,53 €/L","img":"https://fd9-photos.leclercdrive.fr/image.ashx?id=2732848&use=l&cat=p&typeid=i","cat":334852},{"id":111211,"n":"Pain de mie La Boulangère Seigle graines - 500g","p":1.91,"u":"3,82 €/KG","img":"https://fd9-photos.leclercdrive.fr/image.ashx?id=2912425&use=l&cat=p&typeid=i","cat":284477},{"id":111314,"n":"Sacs à Crottes Clean& Fresh Résistant - 3x20 sachets","p":5.24,"u":"0,09 €/P","img":"https://fd9-photos.leclercdrive.fr/image.ashx?id=2021022&use=l&cat=p&typeid=i","cat":285161},{"id":111359,"n":"Rôti porc supérieur Bio Village 4 Tranches bio - 120g","p":2.54,"u":"21,17 €/KG","img":"https://fd9-photos.leclercdrive.fr/image.ashx?id=2837102&use=l&cat=p&typeid=i","cat":316009},{"id":111363,"n":"Allumettes Eco+ Nature - 2x100g","p":1.17,"u":"5,85 €/KG","img":"https://fd9-photos.leclercdrive.fr/image.ashx?id=2688255&use=l&cat=p&typeid=i","cat":316011},{"id":111365,"n":"Lardons Eco+ Fumés - 180g","p":1.32,"u":"7,33 €/KG","img":"https://fd9-photos.leclercdrive.fr/image.ashx?id=2805066&use=l&cat=p&typeid=i","cat":316011},{"id":111369,"n":"Allumettes Eco+ Fumées - 2x100g","p":1.16,"u":"5,80 €/KG","img":"https://fd9-photos.leclercdrive.fr/image.ashx?id=2688258&use=l&cat=p&typeid=i","cat":316011},{"id":111380,"n":"Piles Alcalines Energizer Max C/LR14 1.5V - x2","p":5.27,"u":"2,64 €/P","img":"https://fd9-photos.leclercdrive.fr/image.ashx?id=2850716&use=l&cat=p&typeid=i","cat":300572},{"id":111381,"n":"Piles Alcalines Energizer Max D/LR20 1.5V - x2","p":5.27,"u":"Dont 0,11 € d'éco-part.","img":"https://fd9-photos.leclercdrive.fr/image.ashx?id=2855424&use=l&cat=p&typeid=i","cat":300572},{"id":111414,"n":"Repas bébé Blédichef 12 mois  Spaghetti bolognaise - 230g","p":1.75,"u":"7,61 €/KG","img":"https://fd9-photos.leclercdrive.fr/image.ashx?id=2643491&use=l&cat=p&typeid=i","cat":312237},{"id":111415,"n":"Repas bébé Blédichef 12 mois Purée épinards saumon - 230g","p":1.73,"u":"6,92 €/KG","img":"https://fd9-photos.leclercdrive.fr/image.ashx?id=1710731&use=l&cat=p&typeid=i","cat":312237},{"id":111418,"n":"Repas bébé Blédichef 15 mois Risotto courgette saumon - 250g","p":1.98,"u":"7,92 €/KG","img":"https://fd9-photos.leclercdrive.fr/image.ashx?id=2643488&use=l&cat=p&typeid=i","cat":312238},{"id":111420,"n":"Compotes Materne Coupelles  Pomme Nature - 12x100g","p":4.02,"u":"3,35 €/KG","img":"https://fd9-photos.leclercdrive.fr/image.ashx?id=3010867&use=l&cat=p&typeid=i","cat":284508},{"id":111422,"n":"Compotes Pom'Potes Gourdes  Pomm P. Frais P. Framb - 32x90g","p":12.52,"u":"4,35 €/KG","img":"https://fd9-photos.leclercdrive.fr/image.ashx?id=2870182&use=l&cat=p&typeid=i","cat":284508},{"id":111424,"n":"Repas bébé Blédichef 12 mois  Hachis parmentier - 230g","p":1.69,"u":"7,35 €/KG","img":"https://fd9-photos.leclercdrive.fr/image.ashx?id=2478571&use=l&cat=p&typeid=i","cat":312237},{"id":111425,"n":"Chips lentilles Vico Fines herbes - 85g","p":1.54,"u":"18,12 €/KG","img":"https://fd9-photos.leclercdrive.fr/image.ashx?id=3000096&use=l&cat=p&typeid=i","cat":284447},{"id":111432,"n":"Plat bébé soir Blédichef 15mois Pomme de terre chou fleur -250g","p":1.93,"u":"7,72 €/KG","img":"https://fd9-photos.leclercdrive.fr/image.ashx?id=2479018&use=l&cat=p&typeid=i","cat":312239},{"id":111435,"n":"Repas bébé Blédichef 18 mois  Ratatouille poulet - 250g","p":1.91,"u":"7,64 €/KG","img":"https://fd9-photos.leclercdrive.fr/image.ashx?id=2951596&use=l&cat=p&typeid=i","cat":312238},{"id":111448,"n":"Snack Bio Village Lentilles bio - 60g","p":2.04,"u":"34,00 €/KG","img":"https://fd9-photos.leclercdrive.fr/image.ashx?id=1709361&use=l&cat=p&typeid=i","cat":284449},{"id":111449,"n":"Snack Bio Village Pois chiches bio - 60g","p":2.04,"u":"34,00 €/KG","img":"https://fd9-photos.leclercdrive.fr/image.ashx?id=1709364&use=l&cat=p&typeid=i","cat":284449},{"id":111525,"n":"Colle Super Glue 3 Loctite Précision - 5g","p":5.8,"img":"https://fd9-photos.leclercdrive.fr/image.ashx?id=2020281&use=l&cat=p&typeid=i","cat":300576},{"id":111587,"n":"Café dosettes Tassimo L'Or XL Classique x16","p":4.87,"u":"35,81 €/KG","img":"https://fd9-photos.leclercdrive.fr/image.ashx?id=2100308&use=l&cat=p&typeid=i","cat":293240},{"id":111590,"n":"Capsules café L'Or Espresso Lungo Mattinata N°5 x10","p":3.56,"u":"68,46 €/KG","img":"https://fd9-photos.leclercdrive.fr/image.ashx?id=3002309&use=l&cat=p&typeid=i","cat":284749},{"id":111641,"n":"Pur jus d'ananas Bio Village Bio - 6x20cl","p":4.98,"u":"4,15 €/L","img":"https://fd9-photos.leclercdrive.fr/image.ashx?id=2595052&use=l&cat=p&typeid=i","cat":284916},{"id":111644,"n":"Nectar multifruits Bio Village Bio - 1.5L","p":1.92,"u":"1,28 €/L","img":"https://fd9-photos.leclercdrive.fr/image.ashx?id=2954130&use=l&cat=p&typeid=i","cat":284917},{"id":111645,"n":"Nectar de pomme Bio Village Bio - 1.5L","p":1.81,"u":"1,21 €/L","img":"https://fd9-photos.leclercdrive.fr/image.ashx?id=2954133&use=l&cat=p&typeid=i","cat":284522},{"id":111700,"n":"Citronnade Bio Village Bio - 1L","p":1.24,"u":"1,24 €/L","img":"https://fd9-photos.leclercdrive.fr/image.ashx?id=2655719&use=l&cat=p&typeid=i","cat":295018},{"id":111737,"n":"16 Canapés traiteur 115g","p":7.95,"u":"69,13 €/KG","img":"https://fd9-photos.leclercdrive.fr/image.ashx?id=2998624&use=l&cat=p&typeid=i","cat":327280},{"id":111829,"n":"Compote Charles & Alice Pommes Fraises - 4x100g","p":1.75,"u":"4,38 €/KG","img":"https://fd9-photos.leclercdrive.fr/image.ashx?id=2757338&use=l&cat=p&typeid=i","cat":284416},{"id":111852,"n":"Protège-cahier Esquisse Rouge - 21x29.7cm","p":0.95,"img":"https://fd9-photos.leclercdrive.fr/image.ashx?id=932692&use=l&cat=p&typeid=i","cat":284745},{"id":111893,"n":"Crème anti-crevasses Primoplast Talons - 60ml","p":2.89,"u":"48,17 €/L","img":"https://fd9-photos.leclercdrive.fr/image.ashx?id=2856567&use=l&cat=p&typeid=i","cat":325354},{"id":111894,"n":"Coloration Perfect Mousse  Schwarzkopf - 668 noisette","p":7.5,"img":"https://fd9-photos.leclercdrive.fr/image.ashx?id=2856709&use=l&cat=p&typeid=i","cat":288899},{"id":111895,"n":"Coloration Perfect Mousse Schwarzkopf - 500 châtain","p":7.32,"img":"https://fd9-photos.leclercdrive.fr/image.ashx?id=2970882&use=l&cat=p&typeid=i","cat":288899},{"id":111896,"n":"Coloration Perfect Mousse Schwarzkopf - 200 noir","p":7.55,"img":"https://fd9-photos.leclercdrive.fr/image.ashx?id=2970885&use=l&cat=p&typeid=i","cat":288899},{"id":111898,"n":"Coloration permanente Garnier Châtain foncé pur 3.0 Olia","p":8.78,"u":"73,17 €/L","img":"https://fd9-photos.leclercdrive.fr/image.ashx?id=2323619&use=l&cat=p&typeid=i","cat":288899},{"id":111899,"n":"Coloration Perfect Mousse Schwarzkopf - 465 châtain choco","p":6.71,"img":"https://fd9-photos.leclercdrive.fr/image.ashx?id=2921555&use=l&cat=p&typeid=i","cat":288899},{"id":111900,"n":"Coloration Permanente Olia 4.0 Chatain Pur sans ammoniaque","p":7.98,"img":"https://fd9-photos.leclercdrive.fr/image.ashx?id=2471319&use=l&cat=p&typeid=i","cat":288899},{"id":111901,"n":"Coloration Permanente Olia 4.15 Marron Glacé","p":8.39,"img":"https://fd9-photos.leclercdrive.fr/image.ashx?id=2471322&use=l&cat=p&typeid=i","cat":288899},{"id":111902,"n":"Coloration Permanente Olia 5.0 Chatain Clair","p":8.45,"img":"https://fd9-photos.leclercdrive.fr/image.ashx?id=2471325&use=l&cat=p&typeid=i","cat":288899},{"id":111903,"n":"Coloration Permanente Olia 5.3 Chatain Clair Doré","p":8.93,"img":"https://fd9-photos.leclercdrive.fr/image.ashx?id=2520494&use=l&cat=p&typeid=i","cat":288899},{"id":111908,"n":"Huile d'amande douce Primoplast 100ml","p":3.25,"u":"32,50 €/L","img":"https://fd9-photos.leclercdrive.fr/image.ashx?id=2856576&use=l&cat=p&typeid=i","cat":284630},{"id":111911,"n":"Crème anti-rides Bionaïa Bio - 50ml","p":5.59,"u":"111,80 €/L","img":"https://fd9-photos.leclercdrive.fr/image.ashx?id=2436702&use=l&cat=p&typeid=i","cat":325345},{"id":111912,"n":"AOP Côtes du Rhône rouge - 14% Cellier des Dauphins - 75 cl","p":5.91,"u":"7,88 €/L","img":"https://fd9-photos.leclercdrive.fr/image.ashx?id=1954469&use=l&cat=p&typeid=i","cat":289556},{"id":111914,"n":"Bière ambrée Grimbergen 6,5° - 12x25cl","p":10.03,"u":"3,34 €/L","img":"https://fd9-photos.leclercdrive.fr/image.ashx?id=2294378&use=l&cat=p&typeid=i","cat":334852},{"id":111938,"n":"Bière blonde Affligem  Sans alcool - 6x25cl","p":4.93,"u":"3,29 €/L","img":"https://fd9-photos.leclercdrive.fr/image.ashx?id=2979695&use=l&cat=p&typeid=i","cat":334877},{"id":111972,"n":"Serviettes Discreet Tena Lady Extra Plus - x16","p":5.67,"u":"0,35 €/P","img":"https://fd9-photos.leclercdrive.fr/image.ashx?id=2597250&use=l&cat=p&typeid=i","cat":284628},{"id":111987,"n":"Repas bébé Blédichef 18 mois  Pâtes boeuf bourguignon - 250g","p":2.04,"u":"8,16 €/KG","img":"https://fd9-photos.leclercdrive.fr/image.ashx?id=2643746&use=l&cat=p&typeid=i","cat":312238},{"id":111988,"n":"Plat bébé soir Blédichef 18mois Pâtes carotte - 250g","p":1.82,"u":"7,28 €/KG","img":"https://fd9-photos.leclercdrive.fr/image.ashx?id=2479024&use=l&cat=p&typeid=i","cat":312239},{"id":111989,"n":"Plat bébé soir Blédichef 12mois Semoule carotte - 230g","p":1.72,"u":"7,48 €/KG","img":"https://fd9-photos.leclercdrive.fr/image.ashx?id=2852363&use=l&cat=p&typeid=i","cat":312239},{"id":111990,"n":"Plat bébé soir Blédichef 18mois Pâtes épinards carotte - 250g","p":2.04,"u":"8,16 €/KG","img":"https://fd9-photos.leclercdrive.fr/image.ashx?id=2479027&use=l&cat=p&typeid=i","cat":312239},{"id":112001,"n":"Recharge Power Tabs Rubson Aero Neutre - Lot de 6","p":29.9,"img":"https://fd9-photos.leclercdrive.fr/image.ashx?id=1971368&use=l&cat=p&typeid=i","cat":300576},{"id":112025,"n":"Fromage St Marcellin IGP 25%mg NRT - 80g","p":1.59,"u":"19,88 €/KG","img":"https://fd9-photos.leclercdrive.fr/image.ashx?id=2174738&use=l&cat=p&typeid=i","cat":329558},{"id":112026,"n":"Fromage Saint Félicien Dauphine NRT - 180g","p":2.65,"u":"14,72 €/KG","img":"https://fd9-photos.leclercdrive.fr/image.ashx?id=2600617&use=l&cat=p&typeid=i","cat":329558},{"id":112031,"n":"Piles bouton Foxter LR44 - x5","p":3.5,"u":"0,70 €/P","img":"https://fd9-photos.leclercdrive.fr/image.ashx?id=2102998&use=l&cat=p&typeid=i","cat":300572},{"id":112038,"n":"Piles Duracell 2016 - x2","p":5.4,"u":"2,70 €/P","img":"https://fd9-photos.leclercdrive.fr/image.ashx?id=2831396&use=l&cat=p&typeid=i","cat":300572},{"id":112125,"n":"Crème nutritive nuit So'bio Précieux Argan bio  - 50ml","p":11.63,"u":"232,60 €/L","img":"https://fd9-photos.leclercdrive.fr/image.ashx?id=2990715&use=l&cat=p&typeid=i","cat":325345},{"id":112126,"n":"Crème rose jour So'Bio Etic Précieux Argan bio - 50ml","p":11.06,"u":"221,20 €/L","img":"https://fd9-photos.leclercdrive.fr/image.ashx?id=2792687&use=l&cat=p&typeid=i","cat":325345},{"id":112145,"n":"Pomme de terre de consommation Eco+ 5kg","p":2.99,"u":"0,60 €/KG","img":"https://fd9-photos.leclercdrive.fr/image.ashx?id=2888926&use=l&cat=p&typeid=i","cat":284352},{"id":112150,"n":"Graisse à Frire Vegétaline 100% végétale - 1kg","p":6.26,"u":"6,26 €/KG","img":"https://fd9-photos.leclercdrive.fr/image.ashx?id=1928297&use=l&cat=p&typeid=i","cat":315229},{"id":112153,"n":"Planta Fin Cuisson 79%MG - 500ml","p":2.53,"u":"5,06 €/L","img":"https://fd9-photos.leclercdrive.fr/image.ashx?id=2793083&use=l&cat=p&typeid=i","cat":315229},{"id":112163,"n":"Bière blonde 8.6 I.P.L  Blonde - 50cl","p":1.66,"u":"3,32 €/L","img":"https://fd9-photos.leclercdrive.fr/image.ashx?id=2677618&use=l&cat=p&typeid=i","cat":334853},{"id":112210,"n":"Bière blonde Affligem 6x25cl","p":4.93,"u":"3,29 €/L","img":"https://fd9-photos.leclercdrive.fr/image.ashx?id=2530323&use=l&cat=p&typeid=i","cat":334852},{"id":112279,"n":"Terre dite de Bruyère Beaux Jours - 40L","p":5.59,"u":"0,14 €/L","img":"https://fd9-photos.leclercdrive.fr/image.ashx?id=1723030&use=l&cat=p&typeid=i","cat":335919},{"id":112285,"n":"Terreau Beaux Jours Universel - 20L","p":2.99,"u":"0,15 €/L","img":"https://fd9-photos.leclercdrive.fr/image.ashx?id=1723039&use=l&cat=p&typeid=i","cat":335919},{"id":112291,"n":"Yaourt protéiné Hipro Myrtille 0%mg - 2x160g","p":2.22,"u":"6,94 €/KG","img":"https://fd9-photos.leclercdrive.fr/image.ashx?id=2800285&use=l&cat=p&typeid=i","cat":315000},{"id":112292,"n":"Yaourt protéiné Hipro Citron 0%mg - 2x160g","p":2.17,"u":"6,78 €/KG","img":"https://fd9-photos.leclercdrive.fr/image.ashx?id=2945415&use=l&cat=p&typeid=i","cat":315000},{"id":112293,"n":"Yaourt à boire protéiné Hipro Vanille cookie 0%mg - 300g","p":2.2,"u":"7,33 €/KG","img":"https://fd9-photos.leclercdrive.fr/image.ashx?id=2329753&use=l&cat=p&typeid=i","cat":315000},{"id":112294,"n":"Yaourt à boire protéiné Hipro Fraise framboise 0%mg - 300g","p":2.06,"u":"6,87 €/KG","img":"https://fd9-photos.leclercdrive.fr/image.ashx?id=2806060&use=l&cat=p&typeid=i","cat":315000},{"id":112387,"n":"Biberon 120ml Mots d'Enfants Bleu - Sans bisphénol A","p":2.95,"img":"https://fd9-photos.leclercdrive.fr/image.ashx?id=1733224&use=l&cat=p&typeid=i","cat":284742},{"id":112471,"n":"Mousse Danette  Chocolat - 4x60g","p":1.69,"u":"7,04 €/KG","img":"https://fd9-photos.leclercdrive.fr/image.ashx?id=2964923&use=l&cat=p&typeid=i","cat":284417},{"id":112498,"n":"Biberon Mots d'Enfants Bleu sans bisphénol A - 330ml","p":3.95,"u":"11,97 €/L","img":"https://fd9-photos.leclercdrive.fr/image.ashx?id=1738888&use=l&cat=p&typeid=i","cat":284742},{"id":112550,"n":"Feuille de chêne 125g","p":1.46,"u":"11,68 €/KG","img":"https://fd9-photos.leclercdrive.fr/image.ashx?id=2693315&use=l&cat=p&typeid=i","cat":284353},{"id":112556,"n":"Oignon rouge Bio  Bio Village - 500g","p":2.49,"u":"4,98 €/KG","img":"https://fd9-photos.leclercdrive.fr/image.ashx?id=3015147&use=l&cat=p&typeid=i","cat":284352},{"id":112557,"n":"Gnocchi à poêler Lustucru Fromage - 2x300g+ 300g offerts","p":3.19,"u":"3,54 €/KG","img":"https://fd9-photos.leclercdrive.fr/image.ashx?id=2192398&use=l&cat=p&typeid=i","cat":333682},{"id":112599,"n":"Sachets Chats Ultima Nature Poissons - 12x85g","p":8.47,"u":"8,30 €/KG","img":"https://fd9-photos.leclercdrive.fr/image.ashx?id=2338648&use=l&cat=p&typeid=i","cat":285286},{"id":112621,"n":"Riz au lait La Laitière Vanille - 4x115g","p":1.58,"u":"3,43 €/KG","img":"https://fd9-photos.leclercdrive.fr/image.ashx?id=2661151&use=l&cat=p&typeid=i","cat":284418},{"id":112623,"n":"Riz au lait La Laitière Vanille - 8x115g","p":3.09,"u":"3,36 €/KG","img":"https://fd9-photos.leclercdrive.fr/image.ashx?id=2610783&use=l&cat=p&typeid=i","cat":284418},{"id":112624,"n":"Semoule au lait La Laitière Vanille - 4x115g","p":1.64,"u":"3,57 €/KG","img":"https://fd9-photos.leclercdrive.fr/image.ashx?id=2654578&use=l&cat=p&typeid=i","cat":284418},{"id":112662,"n":"Vin mousseux Charles Volner Soirée blanche - 75cl","p":5.4,"u":"7,20 €/L","img":"https://fd9-photos.leclercdrive.fr/image.ashx?id=1727814&use=l&cat=p&typeid=i","cat":284544},{"id":112690,"n":"Gianduiotti noir Novi 150g","p":4.93,"u":"32,87 €/KG","img":"https://fd9-photos.leclercdrive.fr/image.ashx?id=2615158&use=l&cat=p&typeid=i","cat":327595},{"id":112728,"n":"Coffret Mini feuilletés Blini Sapin - x32","p":5.97,"u":"0,19 €/P","img":"https://fd9-photos.leclercdrive.fr/image.ashx?id=2023847&use=l&cat=p&typeid=i","cat":319774},{"id":112729,"n":"Coffret Petits feuilletés Blini Mille et une nuits - x40","p":6.0,"u":"0,15 €/P","img":"https://fd9-photos.leclercdrive.fr/image.ashx?id=1728024&use=l&cat=p&typeid=i","cat":319774},{"id":112761,"n":"Kid Smile McCain 850g","p":2.55,"u":"3,00 €/KG","img":"https://fd9-photos.leclercdrive.fr/image.ashx?id=2745802&use=l&cat=p&typeid=i","cat":319792},{"id":112764,"n":"Potatoes aux herbes McCain Country Potatoes - 780g","p":2.69,"u":"3,45 €/KG","img":"https://fd9-photos.leclercdrive.fr/image.ashx?id=2973342&use=l&cat=p&typeid=i","cat":319791},{"id":112808,"n":"Soupe liquide Liebig légumes Et vermicelles - Brique 1L","p":2.07,"u":"2,07 €/L","img":"https://fd9-photos.leclercdrive.fr/image.ashx?id=2892142&use=l&cat=p&typeid=i","cat":284462},{"id":112811,"n":"Gel Lave-Vaisselle Sun Tout-en-1 Citron 52 Lavages","p":7.9,"u":"8,78 €/L","img":"https://fd9-photos.leclercdrive.fr/image.ashx?id=2356268&use=l&cat=p&typeid=i","cat":284656},{"id":112870,"n":"Mallette magie 300 tours Dès 7 ans - Made in France","p":18.5,"img":"https://fd9-photos.leclercdrive.fr/image.ashx?id=2603231&use=l&cat=p&typeid=i","cat":334378},{"id":112888,"n":"Ta mère en slip 2 Dès 10 ans","p":22.99,"img":"https://fd9-photos.leclercdrive.fr/image.ashx?id=1865010&use=l&cat=p&typeid=i","cat":334378},{"id":112913,"n":"Super pack magibook rose +3 livres-jeux - Dès 2 ans","p":70.85,"u":"Dont 0,23 € d'éco-part.","img":"https://fd9-photos.leclercdrive.fr/image.ashx?id=1999345&use=l&cat=p&typeid=i","cat":334378},{"id":113057,"n":"IGP Pays d'Oc Merlot vin rouge Vieux Carion - BIB 5L","p":11.99,"u":"2,40 €/L","img":"https://fd9-photos.leclercdrive.fr/image.ashx?id=2756885&use=l&cat=p&typeid=i","cat":289560},{"id":113108,"n":"Tartine Grilletine de Pasquier Froment - x18 - 242g","p":1.64,"u":"6,78 €/KG","img":"https://fd9-photos.leclercdrive.fr/image.ashx?id=2333060&use=l&cat=p&typeid=i","cat":284479},{"id":113110,"n":"Tartine Grilletine de Pasquier Blé complet - x18 - 242g","p":1.61,"u":"6,65 €/KG","img":"https://fd9-photos.leclercdrive.fr/image.ashx?id=2333063&use=l&cat=p&typeid=i","cat":284479},{"id":113118,"n":"Dès de meule Les Croisés Fruitée - 150g","p":2.75,"u":"18,33 €/KG","img":"https://fd9-photos.leclercdrive.fr/image.ashx?id=1864494&use=l&cat=p&typeid=i","cat":314027},{"id":113120,"n":"Dès de chèvre Les Croisés 150g","p":2.89,"u":"19,27 €/KG","img":"https://fd9-photos.leclercdrive.fr/image.ashx?id=1728732&use=l&cat=p&typeid=i","cat":314027},{"id":113163,"n":"Framboises Panier du Primeur 125g","p":2.49,"u":"19,92 €/KG","img":"https://fd9-photos.leclercdrive.fr/image.ashx?id=2843800&use=l&cat=p&typeid=i","cat":284356},{"id":113247,"n":"AOP Beaumes de Venise Vin rouge Le Petit Trias  - 75cl","p":8.95,"u":"11,93 €/L","img":"https://fd9-photos.leclercdrive.fr/image.ashx?id=2921852&use=l&cat=p&typeid=i","cat":289556},{"id":113287,"n":"Bière Ambree Jenlain 6x25cl","p":5.72,"u":"3,81 €/L","img":"https://fd9-photos.leclercdrive.fr/image.ashx?id=2504677&use=l&cat=p&typeid=i","cat":334852},{"id":113330,"n":"Petits pois Cassegrain 2x280g","p":3.59,"u":"6,41 €/KG","img":"https://fd9-photos.leclercdrive.fr/image.ashx?id=2138611&use=l&cat=p&typeid=i","cat":312607},{"id":113332,"n":"Recharges galet perçé Foxter Pêche - x4 - 450g","p":13.99,"u":"31,09 €/KG","img":"https://fd9-photos.leclercdrive.fr/image.ashx?id=1735993&use=l&cat=p&typeid=i","cat":300576},{"id":113333,"n":"Recharge galet perçé Foxter Fruits des bois - x4 - 450g","p":13.99,"u":"31,09 €/KG","img":"https://fd9-photos.leclercdrive.fr/image.ashx?id=1735990&use=l&cat=p&typeid=i","cat":300576},{"id":113334,"n":"Petits pois carottes Cassegrain 2x265g","p":3.59,"u":"6,77 €/KG","img":"https://fd9-photos.leclercdrive.fr/image.ashx?id=2953453&use=l&cat=p&typeid=i","cat":312607},{"id":113352,"n":"Serviettes Discreet Tena Lady Megapack - Normal - x30","p":6.94,"u":"0,23 €/P","img":"https://fd9-photos.leclercdrive.fr/image.ashx?id=2975440&use=l&cat=p&typeid=i","cat":284628},{"id":113502,"n":"AOP Moulis en Médoc Vin rouge Chasse Spleen - 2017- 75cl","p":32.3,"u":"43,07 €/L","img":"https://fd9-photos.leclercdrive.fr/image.ashx?id=1735362&use=l&cat=p&typeid=i","cat":289556},{"id":113632,"n":"Piles Duracell LR44 - x4","p":5.0,"u":"1,25 €/P","img":"https://fd9-photos.leclercdrive.fr/image.ashx?id=2328631&use=l&cat=p&typeid=i","cat":300572},{"id":113654,"n":"Xtrem Box Sodebo Radiatori Bœuf Poivre - 400g","p":3.5,"u":"8,75 €/KG","img":"https://fd9-photos.leclercdrive.fr/image.ashx?id=2643998&use=l&cat=p&typeid=i","cat":334983},{"id":113680,"n":"Brioche tressée Nature Harrys Sucre perlé sans additif - 500g","p":2.86,"u":"5,72 €/KG","img":"https://fd9-photos.leclercdrive.fr/image.ashx?id=2503013&use=l&cat=p&typeid=i","cat":284478},{"id":113731,"n":"Rasoir homme Bulldog Bambou - 1 pièce","p":11.53,"img":"https://fd9-photos.leclercdrive.fr/image.ashx?id=1733155&use=l&cat=p&typeid=i","cat":284616},{"id":113747,"n":"Fromage raclette Les Croisés Aux Herbes de provence - 250g","p":4.34,"u":"17,36 €/KG","img":"https://fd9-photos.leclercdrive.fr/image.ashx?id=2793296&use=l&cat=p&typeid=i","cat":314037},{"id":113754,"n":"Crème fraîche Yoplait Légère -12% matière grasse 450g","p":1.43,"u":"3,18 €/KG","img":"https://fd9-photos.leclercdrive.fr/image.ashx?id=2811032&use=l&cat=p&typeid=i","cat":284381},{"id":113773,"n":"Tagliatelle Gayelord Hauser Sans rinçage, Konjac - 160g","p":1.97,"u":"12,31 €/KG","img":"https://fd9-photos.leclercdrive.fr/image.ashx?id=2827086&use=l&cat=p&typeid=i","cat":318652},{"id":113774,"n":"Assiette riz Bio Village Bio Légumes vert  12 mois 230g","p":1.45,"u":"6,30 €/KG","img":"https://fd9-photos.leclercdrive.fr/image.ashx?id=2900205&use=l&cat=p&typeid=i","cat":312237},{"id":113775,"n":"Assiette bio Bio Village Panais carotte riz 12 mois 230g","p":1.45,"u":"6,30 €/KG","img":"https://fd9-photos.leclercdrive.fr/image.ashx?id=2900208&use=l&cat=p&typeid=i","cat":312237},{"id":113779,"n":"Assiette bio Bio Village Haricot vert dinde 12 mois 230g","p":1.45,"u":"6,30 €/KG","img":"https://fd9-photos.leclercdrive.fr/image.ashx?id=2900217&use=l&cat=p&typeid=i","cat":312237},{"id":113783,"n":"Assiette bio Bio Village Hachis parmentier 12 mois 230g","p":1.45,"u":"6,30 €/KG","img":"https://fd9-photos.leclercdrive.fr/image.ashx?id=2900220&use=l&cat=p&typeid=i","cat":312237},{"id":113785,"n":"Assiette bio Bio Village Légumes saumon riz 15 mois 250g","p":1.85,"u":"7,40 €/KG","img":"https://fd9-photos.leclercdrive.fr/image.ashx?id=2900223&use=l&cat=p&typeid=i","cat":312238},{"id":113786,"n":"Assiette Tajine Bio Village Bio  15 mois 250g","p":1.85,"u":"7,40 €/KG","img":"https://fd9-photos.leclercdrive.fr/image.ashx?id=2900226&use=l&cat=p&typeid=i","cat":312238},{"id":113787,"n":"Assiette pâtes bio Bio Village Légumes saumon 18 mois 260g","p":1.95,"u":"7,50 €/KG","img":"https://fd9-photos.leclercdrive.fr/image.ashx?id=2900232&use=l&cat=p&typeid=i","cat":312238},{"id":113789,"n":"Assiette bio Bio Village Pot au feu - 18 mois - 260g","p":1.89,"u":"7,27 €/KG","img":"https://fd9-photos.leclercdrive.fr/image.ashx?id=2900235&use=l&cat=p&typeid=i","cat":312238},{"id":113790,"n":"Assiette 12 mois Bio Village Spaghetti bolognaise bio - 230g","p":1.59,"u":"6,91 €/KG","img":"https://fd9-photos.leclercdrive.fr/image.ashx?id=2900238&use=l&cat=p&typeid=i","cat":312237},{"id":113792,"n":"Assiette bio 15mois Bio Village Legumes volaille basquaise 250g","p":1.79,"u":"7,16 €/KG","img":"https://fd9-photos.leclercdrive.fr/image.ashx?id=2900244&use=l&cat=p&typeid=i","cat":312238},{"id":113793,"n":"Assiette bio Bio Village Carotte boeuf pdt 15mois 250g","p":1.85,"u":"7,40 €/KG","img":"https://fd9-photos.leclercdrive.fr/image.ashx?id=2900241&use=l&cat=p&typeid=i","cat":312238},{"id":113794,"n":"Assiette bio Bio Village Tomate aubergine 18 mois 260g","p":1.85,"u":"7,12 €/KG","img":"https://fd9-photos.leclercdrive.fr/image.ashx?id=2900247&use=l&cat=p&typeid=i","cat":312238},{"id":113805,"n":"IGP Terres du midi vin rosé  Prieur Barsanne 12% vol BIB 3L","p":7.99,"u":"2,66 €/L","img":"https://fd9-photos.leclercdrive.fr/image.ashx?id=2884264&use=l&cat=p&typeid=i","cat":289560},{"id":113806,"n":"Omelette norvégienne L'Angelys Vanille - 360g","p":13.68,"u":"38,00 €/KG","img":"https://fd9-photos.leclercdrive.fr/image.ashx?id=2921987&use=l&cat=p&typeid=i","cat":284266},{"id":113811,"n":"Crème dessert La Laitière Pot de crème chocolat - 4x100g","p":2.21,"u":"5,53 €/KG","img":"https://fd9-photos.leclercdrive.fr/image.ashx?id=2875966&use=l&cat=p&typeid=i","cat":285041},{"id":113813,"n":"Crème dessert La Laitière Pot de crème café - 4x100g","p":2.31,"u":"5,78 €/KG","img":"https://fd9-photos.leclercdrive.fr/image.ashx?id=2875963&use=l&cat=p&typeid=i","cat":285041},{"id":113838,"n":"AOC vin blanc Gewurztraminer Alsace Bio Rebmann - 75cl","p":7.75,"u":"10,33 €/L","img":"https://fd9-photos.leclercdrive.fr/image.ashx?id=2771142&use=l&cat=p&typeid=i","cat":289557},{"id":113839,"n":"AOC Coteaux Varois en Provence Rosé Bio Terres Ocrées - 75cl","p":4.99,"u":"6,65 €/L","img":"https://fd9-photos.leclercdrive.fr/image.ashx?id=2877490&use=l&cat=p&typeid=i","cat":289558},{"id":113851,"n":"100% pur Jus bio Bio Village Petit-déjeuner  - 1L","p":2.87,"u":"2,87 €/L","img":"https://fd9-photos.leclercdrive.fr/image.ashx?id=2901566&use=l&cat=p&typeid=i","cat":284521},{"id":113853,"n":"Vin d'Espagne blanc Sauvignon Bio Adrien Champaud - BIB 3L","p":8.99,"u":"3,00 €/L","img":"https://fd9-photos.leclercdrive.fr/image.ashx?id=2960571&use=l&cat=p&typeid=i","cat":289560},{"id":113854,"n":"Panaché Millbrau <0.5%vol - 10x25cl","p":2.45,"u":"0,98 €/L","img":"https://fd9-photos.leclercdrive.fr/image.ashx?id=2059071&use=l&cat=p&typeid=i","cat":334877},{"id":113855,"n":"Boisson thé Fresh Tea Pêche abricot - 1.5L","p":1.82,"u":"1,21 €/L","img":"https://fd9-photos.leclercdrive.fr/image.ashx?id=2622281&use=l&cat=p&typeid=i","cat":295019},{"id":113858,"n":"Yaourt à la grecque YAOS Nature - 8x125g","p":3.35,"u":"3,35 €/KG","img":"https://fd9-photos.leclercdrive.fr/image.ashx?id=2418462&use=l&cat=p&typeid=i","cat":314999},{"id":113998,"n":"Girasoli Lustucru Selection  Ricotta Epinard - 250g","p":2.59,"u":"10,36 €/KG","img":"https://fd9-photos.leclercdrive.fr/image.ashx?id=2974351&use=l&cat=p&typeid=i","cat":333682},{"id":114017,"n":"Bière blonde Heineken 5%vol - 12x33cl","p":9.01,"u":"2,28 €/L","img":"https://fd9-photos.leclercdrive.fr/image.ashx?id=3008125&use=l&cat=p&typeid=i","cat":334853},{"id":114018,"n":"Bière blonde Heineken 5%vol - Boite 4x50cl","p":4.68,"u":"2,34 €/L","img":"https://fd9-photos.leclercdrive.fr/image.ashx?id=3008122&use=l&cat=p&typeid=i","cat":334853},{"id":114023,"n":"Thon au naturel Petit Navire Démarche Responsable - 280g","p":4.49,"u":"16,04 €/KG","img":"https://fd9-photos.leclercdrive.fr/image.ashx?id=2909974&use=l&cat=p&typeid=i","cat":303867},{"id":114047,"n":"Plat bébé soir Blédichef 12mois Macaroni courgette - 2x230g","p":3.5,"u":"7,61 €/KG","img":"https://fd9-photos.leclercdrive.fr/image.ashx?id=2560690&use=l&cat=p&typeid=i","cat":312239},{"id":114082,"n":"Distributeur Stevia Pure Via 80 unités - 7g","p":2.84,"u":"405,71 €/KG","img":"https://fd9-photos.leclercdrive.fr/image.ashx?id=3008428&use=l&cat=p&typeid=i","cat":324846},{"id":114091,"n":"Lait corps satinant Inell 250ml","p":2.5,"u":"10,00 €/L","img":"https://fd9-photos.leclercdrive.fr/image.ashx?id=2691697&use=l&cat=p&typeid=i","cat":325349},{"id":114092,"n":"Brosse à dents bambou Dentamyl Médium - 1 pièce","p":1.95,"img":"https://fd9-photos.leclercdrive.fr/image.ashx?id=2783495&use=l&cat=p&typeid=i","cat":284614},{"id":114093,"n":"Brosse à dents bambou Dentamyl Souple - 1 pièce","p":1.95,"img":"https://fd9-photos.leclercdrive.fr/image.ashx?id=2790997&use=l&cat=p&typeid=i","cat":284614},{"id":114094,"n":"Shampooing douche Petit Manava Pêche abricot - 500ml","p":2.19,"u":"4,38 €/L","img":"https://fd9-photos.leclercdrive.fr/image.ashx?id=2410636&use=l&cat=p&typeid=i","cat":284606},{"id":114095,"n":"Mouchoirs blancs 3 plis Caresse Boîte - x150","p":1.65,"u":"0,01 €/P","img":"https://fd9-photos.leclercdrive.fr/image.ashx?id=2779298&use=l&cat=p&typeid=i","cat":284638},{"id":114096,"n":"Culotte Chorys Taille XL - x10","p":10.31,"u":"1,03 €/P","img":"https://fd9-photos.leclercdrive.fr/image.ashx?id=2623016&use=l&cat=p&typeid=i","cat":284628},{"id":114101,"n":"Culottes Mots d'enfants T4 : 8/15kg - x42","p":9.75,"u":"0,23 €/P","img":"https://fd9-photos.leclercdrive.fr/image.ashx?id=2907234&use=l&cat=p&typeid=i","cat":290633},{"id":114102,"n":"Change culottes Mots d'enfants T5 : 12/18kg - x40","p":9.75,"u":"0,24 €/P","img":"https://fd9-photos.leclercdrive.fr/image.ashx?id=2907237&use=l&cat=p&typeid=i","cat":290633},{"id":114103,"n":"Change culottes Mots d'enfants T6 : +16kg - x36","p":9.75,"u":"0,27 €/P","img":"https://fd9-photos.leclercdrive.fr/image.ashx?id=2907240&use=l&cat=p&typeid=i","cat":290633},{"id":114152,"n":"Pâtes bio Jardin Bio Bon tuyaux semi-complets - 500g","p":1.8,"u":"3,60 €/KG","img":"https://fd9-photos.leclercdrive.fr/image.ashx?id=2963190&use=l&cat=p&typeid=i","cat":284427},{"id":114156,"n":"Huile vierge coco Jardin Bio  Bio - 460g","p":7.76,"u":"16,87 €/KG","img":"https://fd9-photos.leclercdrive.fr/image.ashx?id=2790036&use=l&cat=p&typeid=i","cat":284453},{"id":114238,"n":"Yaourt gourde Délisse Vanille/framboise - 6x90g","p":2.97,"u":"33,00 €/KG","img":"https://fd9-photos.leclercdrive.fr/image.ashx?id=2705089&use=l&cat=p&typeid=i","cat":284415},{"id":114239,"n":"Chiffonnade de Jambon Cru Presto - 80g","p":4.15,"u":"51,88 €/KG","img":"https://fd9-photos.leclercdrive.fr/image.ashx?id=2918919&use=l&cat=p&typeid=i","cat":316007},{"id":114242,"n":"Taboulé Oriental Pierre Martinet - 510g","p":2.18,"u":"4,27 €/KG","img":"https://fd9-photos.leclercdrive.fr/image.ashx?id=2684491&use=l&cat=p&typeid=i","cat":333657},{"id":114245,"n":"Fromage Beaufort NRT AOP  200g","p":4.99,"u":"24,95 €/KG","img":"https://fd9-photos.leclercdrive.fr/image.ashx?id=2271969&use=l&cat=p&typeid=i","cat":329184},{"id":114289,"n":"Chambre de bébé Playmobil Dès 4 ans","p":16.95,"img":"https://fd9-photos.leclercdrive.fr/image.ashx?id=1757386&use=l&cat=p&typeid=i","cat":334380},{"id":114346,"n":"AOP Cheverny Vin rouge Le Petit Salvard - 75cl","p":8.26,"u":"11,01 €/L","img":"https://fd9-photos.leclercdrive.fr/image.ashx?id=1743794&use=l&cat=p&typeid=i","cat":289556},{"id":114351,"n":"AOC Saumur Champigny rouge Les Villaises - 75cl","p":5.95,"u":"7,93 €/L","img":"https://fd9-photos.leclercdrive.fr/image.ashx?id=1965195&use=l&cat=p&typeid=i","cat":289556},{"id":114396,"n":"AOC St-Julien 2017 vin rouge Sarget de Gruaud Larose - 75cl","p":24.9,"u":"33,20 €/L","img":"https://fd9-photos.leclercdrive.fr/image.ashx?id=1963502&use=l&cat=p&typeid=i","cat":289556},{"id":114400,"n":"Thon entier MSC Pêche Océan A l'huile - 104g","p":1.73,"u":"16,63 €/KG","img":"https://fd9-photos.leclercdrive.fr/image.ashx?id=2942208&use=l&cat=p&typeid=i","cat":303867},{"id":114406,"n":"Taboulé Pierre Martinet Oriental à l'huile d'olive 310g","p":1.45,"u":"4,68 €/KG","img":"https://fd9-photos.leclercdrive.fr/image.ashx?id=2432241&use=l&cat=p&typeid=i","cat":333657},{"id":114411,"n":"Dès de cheddar  Les Croisés 150g","p":2.19,"u":"14,60 €/KG","img":"https://fd9-photos.leclercdrive.fr/image.ashx?id=2422553&use=l&cat=p&typeid=i","cat":314027},{"id":114522,"n":"Bière blonde Leffe Triple 8,5% - 12x25cl","p":10.8,"u":"3,60 €/L","img":"https://fd9-photos.leclercdrive.fr/image.ashx?id=2548294&use=l&cat=p&typeid=i","cat":334852},{"id":114591,"n":"Uno cartes Dès 7 ans","p":10.99,"img":"https://fd9-photos.leclercdrive.fr/image.ashx?id=2767045&use=l&cat=p&typeid=i","cat":334378},{"id":114612,"n":"Fil lumineux 50 led blanc - 1pce","p":1.9,"u":"Dont 0,19 € d'éco-part.","img":"https://fd9-photos.leclercdrive.fr/image.ashx?id=1954251&use=l&cat=p&typeid=i","cat":335913},{"id":114652,"n":"Mouchoirs blanc 2 plis Caresse Boîte mouchoirs papier - x180","p":1.69,"u":"0,01 €/P","img":"https://fd9-photos.leclercdrive.fr/image.ashx?id=2752640&use=l&cat=p&typeid=i","cat":284638},{"id":114694,"n":"32 Canapés Traiteur 220g","p":16.9,"u":"76,82 €/KG","img":"https://fd9-photos.leclercdrive.fr/image.ashx?id=2325173&use=l&cat=p&typeid=i","cat":327280},{"id":114784,"n":"Comté fromage bloc Les Croisés 350g","p":4.75,"u":"13,57 €/KG","img":"https://fd9-photos.leclercdrive.fr/image.ashx?id=1749677&use=l&cat=p&typeid=i","cat":314034},{"id":114805,"n":"Coeur Coulant Bonne Maman Chocolat - 2x80g","p":2.89,"u":"18,06 €/KG","img":"https://fd9-photos.leclercdrive.fr/image.ashx?id=2912326&use=l&cat=p&typeid=i","cat":284419},{"id":114825,"n":"Mini Fondentenero Novi 160g","p":4.93,"u":"30,81 €/KG","img":"https://fd9-photos.leclercdrive.fr/image.ashx?id=2615149&use=l&cat=p&typeid=i","cat":327595},{"id":114890,"n":"Fromage Comté NRT AOP 15 mois 200g","p":4.44,"u":"22,20 €/KG","img":"https://fd9-photos.leclercdrive.fr/image.ashx?id=2272030&use=l&cat=p&typeid=i","cat":314034},{"id":115011,"n":"Lingettes bébé Mots d'enfants à l'eau - x60","p":1.66,"u":"0,03 €/P","img":"https://fd9-photos.leclercdrive.fr/image.ashx?id=2856582&use=l&cat=p&typeid=i","cat":284738},{"id":115013,"n":"Liquide vaisselle Uni Vert Ecologique citron - 750ml","p":1.59,"u":"2,12 €/L","img":"https://fd9-photos.leclercdrive.fr/image.ashx?id=2999517&use=l&cat=p&typeid=i","cat":284655},{"id":115014,"n":"Lingette micro fibres Mamison Ecran - 1 pièce","p":1.96,"img":"https://fd9-photos.leclercdrive.fr/image.ashx?id=2595113&use=l&cat=p&typeid=i","cat":325358},{"id":115016,"n":"Protège slip Chorys Ultra mini discret - x28","p":1.57,"u":"0,06 €/P","img":"https://fd9-photos.leclercdrive.fr/image.ashx?id=2003029&use=l&cat=p&typeid=i","cat":284625},{"id":115017,"n":"Protège slip Chorys Ultra mini long - x24","p":1.7,"u":"0,07 €/P","img":"https://fd9-photos.leclercdrive.fr/image.ashx?id=1962795&use=l&cat=p&typeid=i","cat":284628},{"id":115113,"n":"Tirlibibi Haribo Boîte bonbons - 750g","p":4.44,"u":"5,92 €/KG","img":"https://fd9-photos.leclercdrive.fr/image.ashx?id=2806922&use=l&cat=p&typeid=i","cat":304250},{"id":115114,"n":"Polka Haribo Sachet bonbons - 300g","p":1.38,"u":"4,60 €/KG","img":"https://fd9-photos.leclercdrive.fr/image.ashx?id=2982414&use=l&cat=p&typeid=i","cat":304250},{"id":115115,"n":"Les Schtroumpfs Haribo Sachet bonbons - 300g","p":1.45,"u":"4,83 €/KG","img":"https://fd9-photos.leclercdrive.fr/image.ashx?id=2788475&use=l&cat=p&typeid=i","cat":304250},{"id":115116,"n":"Chamallows Haribo Guimauves   - 300g","p":1.48,"u":"4,93 €/KG","img":"https://fd9-photos.leclercdrive.fr/image.ashx?id=2984937&use=l&cat=p&typeid=i","cat":304250},{"id":115123,"n":"Terrine chien Bio Boeuf - 300g","p":1.69,"u":"5,63 €/KG","img":"https://fd9-photos.leclercdrive.fr/image.ashx?id=2333805&use=l&cat=p&typeid=i","cat":284673},{"id":115124,"n":"Terrine chien Bio Poulet légume - 300g","p":1.62,"u":"5,40 €/KG","img":"https://fd9-photos.leclercdrive.fr/image.ashx?id=2333808&use=l&cat=p&typeid=i","cat":284673},{"id":115125,"n":"Terrines pour chat Plénima Au saumon bio - 100g","p":0.62,"u":"6,20 €/KG","img":"https://fd9-photos.leclercdrive.fr/image.ashx?id=2333811&use=l&cat=p&typeid=i","cat":285601},{"id":115126,"n":"Terrines pour chats Plénima Boeuf bio  - 100g","p":0.65,"u":"6,50 €/KG","img":"https://fd9-photos.leclercdrive.fr/image.ashx?id=2619752&use=l&cat=p&typeid=i","cat":285601},{"id":115127,"n":"Pain burger Epi d'Or Brioché x4 - 300g","p":1.38,"u":"4,60 €/KG","img":"https://fd9-photos.leclercdrive.fr/image.ashx?id=1958880&use=l&cat=p&typeid=i","cat":325067},{"id":115128,"n":"Pain de mie Epi d'Or Grandes tranches nature - 550g","p":1.31,"u":"2,38 €/KG","img":"https://fd9-photos.leclercdrive.fr/image.ashx?id=2860775&use=l&cat=p&typeid=i","cat":284477},{"id":115129,"n":"Pain de mie Epi d'Or Grandes tranches complet 550g","p":1.36,"u":"2,47 €/KG","img":"https://fd9-photos.leclercdrive.fr/image.ashx?id=3001217&use=l&cat=p&typeid=i","cat":284477},{"id":115130,"n":"Pain de mie Epi d'Or Sans croute - 500g","p":1.56,"u":"3,12 €/KG","img":"https://fd9-photos.leclercdrive.fr/image.ashx?id=3012872&use=l&cat=p&typeid=i","cat":284477},{"id":115155,"n":"Gommage visage Bio Naïa Bio - 75ml","p":2.49,"u":"33,20 €/L","img":"https://fd9-photos.leclercdrive.fr/image.ashx?id=2436690&use=l&cat=p&typeid=i","cat":325346},{"id":115156,"n":"Stick lèvres Bio Naïa Bio - 1 pièce","p":1.85,"img":"https://fd9-photos.leclercdrive.fr/image.ashx?id=2518837&use=l&cat=p&typeid=i","cat":285485},{"id":115158,"n":"Gelée bio Bio Naïa A l'aloe vera bio - 200ml","p":3.99,"u":"19,95 €/L","img":"https://fd9-photos.leclercdrive.fr/image.ashx?id=2436699&use=l&cat=p&typeid=i","cat":325350},{"id":115252,"n":"Soin yeux La Provençale Bio  Anti-Âge Hydratant - 15ml","p":9.59,"u":"639,33 €/L","img":"https://fd9-photos.leclercdrive.fr/image.ashx?id=3014560&use=l&cat=p&typeid=i","cat":325345},{"id":115276,"n":"Crèmes main Inell Anti-taches - 75ml","p":2.99,"u":"39,87 €/L","img":"https://fd9-photos.leclercdrive.fr/image.ashx?id=2498949&use=l&cat=p&typeid=i","cat":325354},{"id":115278,"n":"Gressins traditionnels Artesani 300g","p":2.2,"u":"7,33 €/KG","img":"https://fd9-photos.leclercdrive.fr/image.ashx?id=2475852&use=l&cat=p&typeid=i","cat":289010},{"id":115280,"n":"Gressins Florelli Au Sésame Artesani - 300g","p":2.49,"u":"8,30 €/KG","img":"https://fd9-photos.leclercdrive.fr/image.ashx?id=2475858&use=l&cat=p&typeid=i","cat":289010},{"id":115320,"n":"Capsules café Plantation Equilibré n°6 - x10 - 52g","p":2.19,"u":"42,12 €/KG","img":"https://fd9-photos.leclercdrive.fr/image.ashx?id=2891785&use=l&cat=p&typeid=i","cat":284749},{"id":115321,"n":"Capsules café Plantation Intense n°10 - x10 - 52g","p":2.19,"u":"42,12 €/KG","img":"https://fd9-photos.leclercdrive.fr/image.ashx?id=2908855&use=l&cat=p&typeid=i","cat":284749},{"id":115323,"n":"Capsules café Plantation Subtil n°5 - x10 - 52g","p":2.25,"u":"43,27 €/KG","img":"https://fd9-photos.leclercdrive.fr/image.ashx?id=2418107&use=l&cat=p&typeid=i","cat":284749},{"id":115324,"n":"Capsules café Plantation Décaféiné n°5 -  x10 - 52g","p":2.39,"u":"45,96 €/KG","img":"https://fd9-photos.leclercdrive.fr/image.ashx?id=2918472&use=l&cat=p&typeid=i","cat":284749},{"id":115326,"n":"Capsules café Plantation Lungo Délicat n°4 - x10 - 52g","p":2.35,"u":"45,19 €/KG","img":"https://fd9-photos.leclercdrive.fr/image.ashx?id=2418113&use=l&cat=p&typeid=i","cat":284749},{"id":115328,"n":"Capsules café Plantation  Ristretto n°12 - x10 - 52g","p":2.24,"u":"43,08 €/KG","img":"https://fd9-photos.leclercdrive.fr/image.ashx?id=2418116&use=l&cat=p&typeid=i","cat":284749},{"id":115332,"n":"Capsules café Plantation Brésil n°7 - x10 - 52g","p":2.39,"u":"45,96 €/KG","img":"https://fd9-photos.leclercdrive.fr/image.ashx?id=2418122&use=l&cat=p&typeid=i","cat":284749},{"id":115348,"n":"Capsules café Plantation Noisette n°7 - x10 - 52g","p":2.39,"u":"45,96 €/KG","img":"https://fd9-photos.leclercdrive.fr/image.ashx?id=2908858&use=l&cat=p&typeid=i","cat":284749},{"id":115349,"n":"Capsules café Plantation Intense n°10 - x30 - 156g","p":5.19,"u":"33,27 €/KG","img":"https://fd9-photos.leclercdrive.fr/image.ashx?id=2865095&use=l&cat=p&typeid=i","cat":284749},{"id":115350,"n":"Capsules café Plantation Equilibré N°6 - x30 - 156g","p":5.19,"u":"33,27 €/KG","img":"https://fd9-photos.leclercdrive.fr/image.ashx?id=2852249&use=l&cat=p&typeid=i","cat":284749},{"id":115351,"n":"Capsules café Plantation Espresso Forte n°8 - x10 - 52g","p":2.35,"u":"45,19 €/KG","img":"https://fd9-photos.leclercdrive.fr/image.ashx?id=2418143&use=l&cat=p&typeid=i","cat":284749},{"id":115354,"n":"Morilles Borde bocal 150g","p":14.99,"pp":9.89,"u":"65,93 €/KG","img":"https://fd9-photos.leclercdrive.fr/image.ashx?id=2731093&use=l&cat=p&typeid=i","cat":312610},{"id":115355,"n":"Girolles Borde 175g","p":5.67,"u":"32,40 €/KG","img":"https://fd9-photos.leclercdrive.fr/image.ashx?id=2312804&use=l&cat=p&typeid=i","cat":312610},{"id":115357,"n":"Tablette De Chocolat A Patisser Pralinoise Praline - 180g","p":2.99,"u":"16,61 €/KG","img":"https://fd9-photos.leclercdrive.fr/image.ashx?id=2890265&use=l&cat=p&typeid=i","cat":285562},{"id":115359,"n":"Pancakes Nature Epi d'Or x18 - 360g","p":1.69,"u":"4,69 €/KG","img":"https://fd9-photos.leclercdrive.fr/image.ashx?id=2860763&use=l&cat=p&typeid=i","cat":284495},{"id":115364,"n":"Lait bébé en poudre Blédilait 2e âge 6-12 mois 900g","p":13.31,"u":"14,79 €/KG","img":"https://fd9-photos.leclercdrive.fr/image.ashx?id=2616853&use=l&cat=p&typeid=i","cat":284727},{"id":115367,"n":"Biscuits roses de Reims NRT 200g","p":3.69,"u":"18,45 €/KG","img":"https://fd9-photos.leclercdrive.fr/image.ashx?id=2943112&use=l&cat=p&typeid=i","cat":284487},{"id":115376,"n":"Coffret Tokapi Sauce - 115g","p":1.97,"u":"17,13 €/KG","img":"https://fd9-photos.leclercdrive.fr/image.ashx?id=2898856&use=l&cat=p&typeid=i","cat":284449},{"id":115377,"n":"Cornichons Rustica Verre décoré - 100g","p":1.86,"u":"18,60 €/KG","img":"https://fd9-photos.leclercdrive.fr/image.ashx?id=3004648&use=l&cat=p&typeid=i","cat":284458},{"id":115457,"n":"Frites de Patate Douce McCain 500g","p":4.44,"u":"8,88 €/KG","img":"https://fd9-photos.leclercdrive.fr/image.ashx?id=2840632&use=l&cat=p&typeid=i","cat":319791},{"id":115458,"n":"Pizza Mozzarella Turini Basilic - 450g","p":3.33,"u":"7,40 €/KG","img":"https://fd9-photos.leclercdrive.fr/image.ashx?id=2709746&use=l&cat=p&typeid=i","cat":333679},{"id":115459,"n":"Pizza tartiflette Turini 450g","p":3.39,"u":"7,53 €/KG","img":"https://fd9-photos.leclercdrive.fr/image.ashx?id=2816597&use=l&cat=p&typeid=i","cat":333679},{"id":115463,"n":"Litière chats Tranquille Carbonite - 7.1kg","p":6.05,"u":"0,85 €/KG","img":"https://fd9-photos.leclercdrive.fr/image.ashx?id=2421871&use=l&cat=p&typeid=i","cat":284683},{"id":115488,"n":"Bière blonde 1664 5,5° - 12x25cl","p":7.59,"u":"2,53 €/L","img":"https://fd9-photos.leclercdrive.fr/image.ashx?id=2215566&use=l&cat=p&typeid=i","cat":334873},{"id":115492,"n":"Bière blonde 1664 5,5° - 6x25cl","p":4.11,"u":"2,74 €/L","img":"https://fd9-photos.leclercdrive.fr/image.ashx?id=2215572&use=l&cat=p&typeid=i","cat":334873},{"id":115502,"n":"Persil et Ail Rustica 75g","p":1.99,"u":"26,53 €/KG","img":"https://fd9-photos.leclercdrive.fr/image.ashx?id=2365493&use=l&cat=p&typeid=i","cat":319804},{"id":115503,"n":"Pommes Dauphine Mc Cain 600g","p":3.43,"u":"5,72 €/KG","img":"https://fd9-photos.leclercdrive.fr/image.ashx?id=2988373&use=l&cat=p&typeid=i","cat":319792},{"id":115505,"n":"Fromage Fourme d'Ambert NRT  AOP - 250g","p":3.23,"u":"12,92 €/KG","img":"https://fd9-photos.leclercdrive.fr/image.ashx?id=2459397&use=l&cat=p&typeid=i","cat":314032},{"id":115507,"n":"Mini Samoussas Table du Monde Boeuf poulet - 220g","p":3.31,"u":"15,05 €/KG","img":"https://fd9-photos.leclercdrive.fr/image.ashx?id=2947350&use=l&cat=p&typeid=i","cat":333673},{"id":115521,"n":"Gants de ménage Eco+ Réutilisable taille M - x2","p":1.19,"u":"0,60 €/P","img":"https://fd9-photos.leclercdrive.fr/image.ashx?id=1759090&use=l&cat=p&typeid=i","cat":284668},{"id":115523,"n":"Gants de ménage Eco+ Réutilisables - Taille L - x2","p":1.19,"u":"0,60 €/P","img":"https://fd9-photos.leclercdrive.fr/image.ashx?id=2466196&use=l&cat=p&typeid=i","cat":284668},{"id":115526,"n":"Serviette incontinence Chorys Maxi nuit - x12","p":3.99,"u":"0,33 €/P","img":"https://fd9-photos.leclercdrive.fr/image.ashx?id=2586028&use=l&cat=p&typeid=i","cat":284628},{"id":115528,"n":"Alcool 90° Primoplast 100ml","p":2.19,"u":"21,90 €/L","img":"https://fd9-photos.leclercdrive.fr/image.ashx?id=1761546&use=l&cat=p&typeid=i","cat":284630},{"id":115529,"n":"Bloc WC Uni Vert Ball - 55g","p":1.99,"u":"36,18 €/KG","img":"https://fd9-photos.leclercdrive.fr/image.ashx?id=2568801&use=l&cat=p&typeid=i","cat":284662},{"id":115646,"n":"Croc'Tou Choc chocolat Bio Lucien Georgelin - 375g","p":4.15,"u":"11,07 €/KG","img":"https://fd9-photos.leclercdrive.fr/image.ashx?id=2130586&use=l&cat=p&typeid=i","cat":309513},{"id":115690,"n":"Sauce aigre douce pimentée Tables du Monde - 300g","p":1.62,"u":"5,40 €/KG","img":"https://fd9-photos.leclercdrive.fr/image.ashx?id=2920214&use=l&cat=p&typeid=i","cat":288992},{"id":115761,"n":"Tablette de chocolat Lindt Noir 100% Cacao - 50g","p":2.58,"u":"51,60 €/KG","img":"https://fd9-photos.leclercdrive.fr/image.ashx?id=2397773&use=l&cat=p&typeid=i","cat":284956},{"id":115771,"n":"Lait bébé en poudre Gallia Calisma 2e âge 6-12mois 2x600g","p":19.51,"u":"16,26 €/KG","img":"https://fd9-photos.leclercdrive.fr/image.ashx?id=2935750&use=l&cat=p&typeid=i","cat":284727},{"id":115772,"n":"Pâte à tartiner Bio Village Aux noisette bio - 600g","p":4.16,"u":"6,93 €/KG","img":"https://fd9-photos.leclercdrive.fr/image.ashx?id=2977201&use=l&cat=p&typeid=i","cat":284481},{"id":115773,"n":"Lait bébé en poudre Gallia Calisma 1er âge 0-6 mois 2x600g","p":23.87,"u":"19,89 €/KG","img":"https://fd9-photos.leclercdrive.fr/image.ashx?id=2953755&use=l&cat=p&typeid=i","cat":284726},{"id":115780,"n":"AOC Châteauneuf-du-Pape vin rouge Rives & Terrasses - 75cl","p":16.99,"u":"22,65 €/L","img":"https://fd9-photos.leclercdrive.fr/image.ashx?id=2802302&use=l&cat=p&typeid=i","cat":289556},{"id":115781,"n":"AOC Gigondas vin rouge Rives & Terrasses - 75cl","p":12.49,"u":"16,65 €/L","img":"https://fd9-photos.leclercdrive.fr/image.ashx?id=2750168&use=l&cat=p&typeid=i","cat":289556},{"id":115787,"n":"AOC Coteaux d'Aix-en-Provence vin rosé Terres Ocrées - 75cl","p":4.49,"u":"5,99 €/L","img":"https://fd9-photos.leclercdrive.fr/image.ashx?id=2900172&use=l&cat=p&typeid=i","cat":289558},{"id":115788,"n":"AOC Crémant de Loire brut rosé Les Caractères - 75cl","p":5.35,"u":"7,13 €/L","img":"https://fd9-photos.leclercdrive.fr/image.ashx?id=2709710&use=l&cat=p&typeid=i","cat":284545},{"id":115850,"n":"Compote Charles & Alice Pommes Passion - 4x97g","p":1.81,"u":"4,66 €/KG","img":"https://fd9-photos.leclercdrive.fr/image.ashx?id=2757692&use=l&cat=p&typeid=i","cat":284416},{"id":115965,"n":"Pavés de boeuf Socopa Rumsteck foie gras - 300g","p":6.89,"u":"22,97 €/KG","img":"https://fd9-photos.leclercdrive.fr/image.ashx?id=2414630&use=l&cat=p&typeid=i","cat":284328},{"id":115966,"n":"Pavé de boeuf Socopa Sauce morilles - x2 - 300g","p":6.89,"u":"22,97 €/KG","img":"https://fd9-photos.leclercdrive.fr/image.ashx?id=2414609&use=l&cat=p&typeid=i","cat":284328},{"id":115970,"n":"Girolles à la crème Magda 300g","p":3.98,"pp":2.63,"u":"8,77 €/KG","img":"https://fd9-photos.leclercdrive.fr/image.ashx?id=2411117&use=l&cat=p&typeid=i","cat":319805},{"id":115986,"n":"Pain surprise de campagne Côté Table x32 - 460g","p":8.5,"u":"18,48 €/KG","img":"https://fd9-photos.leclercdrive.fr/image.ashx?id=2270060&use=l&cat=p&typeid=i","cat":319774},{"id":115991,"n":"Squidgies Haribo Sachet bonbons - 200g","p":1.72,"u":"8,60 €/KG","img":"https://fd9-photos.leclercdrive.fr/image.ashx?id=2984934&use=l&cat=p&typeid=i","cat":304250},{"id":116002,"n":"Porto Cruz Blanc - 18%vol - 75cl","p":7.68,"u":"10,24 €/L","img":"https://fd9-photos.leclercdrive.fr/image.ashx?id=2535822&use=l&cat=p&typeid=i","cat":284913},{"id":116010,"n":"Biscotte Pasquier Blé sans sucre ajoutés - 300g","p":1.67,"u":"5,57 €/KG","img":"https://fd9-photos.leclercdrive.fr/image.ashx?id=2507952&use=l&cat=p&typeid=i","cat":284479},{"id":116011,"n":"Biscotte Pasquier Froment sans sucre - 300g","p":1.96,"u":"6,53 €/KG","img":"https://fd9-photos.leclercdrive.fr/image.ashx?id=2507955&use=l&cat=p&typeid=i","cat":284479},{"id":116096,"n":"Shampooing douche Petit Manava Fraise cerise - 250ml","p":1.35,"u":"5,40 €/L","img":"https://fd9-photos.leclercdrive.fr/image.ashx?id=1763207&use=l&cat=p&typeid=i","cat":284606},{"id":116114,"n":"Shampooing douche Petit Manava Pêche banane - 250ml","p":1.35,"u":"5,40 €/L","img":"https://fd9-photos.leclercdrive.fr/image.ashx?id=2440458&use=l&cat=p&typeid=i","cat":284606},{"id":116166,"n":"Adoucissant concentré Hyperdou Rosée du matin x60 - 1.5L","p":3.95,"u":"2,63 €/L","img":"https://fd9-photos.leclercdrive.fr/image.ashx?id=2602916&use=l&cat=p&typeid=i","cat":284650},{"id":116167,"n":"Adoucissant concentré Hyperdou Rêve merveille x60 - 1.5L","p":3.95,"u":"2,63 €/L","img":"https://fd9-photos.leclercdrive.fr/image.ashx?id=2602925&use=l&cat=p&typeid=i","cat":284650},{"id":116168,"n":"Adoucissant concentré Hyperdou Fraîcheur fleurie x60 - 1.5L","p":3.95,"u":"2,63 €/L","img":"https://fd9-photos.leclercdrive.fr/image.ashx?id=2602931&use=l&cat=p&typeid=i","cat":284650},{"id":116169,"n":"Adoucissant concentré Hyperdou Coucher soleil x60 - 1.5L","p":3.95,"u":"2,63 €/L","img":"https://fd9-photos.leclercdrive.fr/image.ashx?id=2602937&use=l&cat=p&typeid=i","cat":284650},{"id":116170,"n":"Adoucissant concentré Hyperdou Fraîcheur x75 - 1.95L","p":3.61,"u":"1,85 €/L","img":"https://fd9-photos.leclercdrive.fr/image.ashx?id=2602949&use=l&cat=p&typeid=i","cat":284650},{"id":116171,"n":"Adoucissant concentré Hyperdou Pur Caresse x75 - 1.95L","p":3.65,"u":"1,87 €/L","img":"https://fd9-photos.leclercdrive.fr/image.ashx?id=2614512&use=l&cat=p&typeid=i","cat":284650},{"id":116172,"n":"Lingettes bio Bionaïa Démaquillantes - x25","p":1.04,"u":"0,04 €/P","img":"https://fd9-photos.leclercdrive.fr/image.ashx?id=2515500&use=l&cat=p&typeid=i","cat":284603},{"id":116199,"n":"Vin blanc pétillant Roche Mazet Brut Chardonnay - 75cl","p":4.5,"pp":2.97,"u":"3,96 €/L","img":"https://fd9-photos.leclercdrive.fr/image.ashx?id=2475615&use=l&cat=p&typeid=i","cat":284544},{"id":116221,"n":"Crème de jour L'Oréal Paris  Revitalift Anti-âge - 50ml","p":14.88,"u":"297,60 €/L","img":"https://fd9-photos.leclercdrive.fr/image.ashx?id=2926581&use=l&cat=p&typeid=i","cat":325345},{"id":116222,"n":"IGP Pays d'Oc rosé Roche Mazet Syrah - 75cl","p":4.5,"pp":2.97,"u":"3,96 €/L","img":"https://fd9-photos.leclercdrive.fr/image.ashx?id=2475612&use=l&cat=p&typeid=i","cat":289558},{"id":116224,"n":"Porto Tawny Cruz 18%vol - 75cl","p":7.39,"u":"9,85 €/L","img":"https://fd9-photos.leclercdrive.fr/image.ashx?id=2536373&use=l&cat=p&typeid=i","cat":284913},{"id":116225,"n":"Soin jour Nivea visage Naturally good - 50ml","p":7.63,"u":"152,60 €/L","img":"https://fd9-photos.leclercdrive.fr/image.ashx?id=2944909&use=l&cat=p&typeid=i","cat":325345},{"id":116227,"n":"Pétillant Muscat Roche Mazet Demi-sec blanc - 75cl","p":4.5,"pp":2.97,"u":"3,96 €/L","img":"https://fd9-photos.leclercdrive.fr/image.ashx?id=2475618&use=l&cat=p&typeid=i","cat":284544},{"id":116240,"n":"Lait bébé liquide Blédilait croissance 1-3 ans 6x1L","p":12.59,"u":"2,10 €/L","img":"https://fd9-photos.leclercdrive.fr/image.ashx?id=2685799&use=l&cat=p&typeid=i","cat":284728},{"id":116254,"n":"Lait bébé en poudre Calisma Bio Gallia croissance 10 mois 800g","p":16.92,"u":"21,15 €/KG","img":"https://fd9-photos.leclercdrive.fr/image.ashx?id=2760325&use=l&cat=p&typeid=i","cat":290219},{"id":116284,"n":"Tablette de chocolat Côte d'Or Lait coeur coulant caramel 200g","p":3.81,"u":"19,05 €/KG","img":"https://fd9-photos.leclercdrive.fr/image.ashx?id=1925405&use=l&cat=p&typeid=i","cat":284497},{"id":116321,"n":"Soupe liquide Liebig tomates  Et vermicelles - Brique 1L","p":2.12,"u":"2,12 €/L","img":"https://fd9-photos.leclercdrive.fr/image.ashx?id=2941481&use=l&cat=p&typeid=i","cat":284462},{"id":116387,"n":"Pâte à tartiner Poulain  Cacao noisette - 400g","p":2.87,"u":"7,18 €/KG","img":"https://fd9-photos.leclercdrive.fr/image.ashx?id=2806354&use=l&cat=p&typeid=i","cat":284481},{"id":116440,"n":"Appareil aéro 360 Rubson Absorbeur humidité 3 recharges","p":22.95,"img":"https://fd9-photos.leclercdrive.fr/image.ashx?id=1767659&use=l&cat=p&typeid=i","cat":300576},{"id":116557,"n":"Mouche bébé Prohinel  x2 embouts jetables","p":7.2,"img":"https://fd9-photos.leclercdrive.fr/image.ashx?id=2918817&use=l&cat=p&typeid=i","cat":289435},{"id":116579,"n":"Pommes de terres grenailles Bio Bio Village - 450g","p":3.06,"u":"6,80 €/KG","img":"https://fd9-photos.leclercdrive.fr/image.ashx?id=2923341&use=l&cat=p&typeid=i","cat":319792},{"id":116581,"n":"Frites au four Bio Bio Village - 600g","p":1.99,"u":"3,32 €/KG","img":"https://fd9-photos.leclercdrive.fr/image.ashx?id=2436329&use=l&cat=p&typeid=i","cat":319791},{"id":116583,"n":"Pâte a tartiner Bio Village Aux noisettes bio - 350g","p":2.45,"u":"7,00 €/KG","img":"https://fd9-photos.leclercdrive.fr/image.ashx?id=2977198&use=l&cat=p&typeid=i","cat":284481},{"id":116584,"n":"Confiture extra bio Bio Village Framboises - 370g","p":2.79,"u":"7,54 €/KG","img":"https://fd9-photos.leclercdrive.fr/image.ashx?id=2965635&use=l&cat=p&typeid=i","cat":284480},{"id":116764,"n":"Mahé, Mon Cheval Adoré Dès 12 mois","p":47.9,"u":"Dont 0,20 € d'éco-part.","img":"https://fd9-photos.leclercdrive.fr/image.ashx?id=1975991&use=l&cat=p&typeid=i","cat":334379},{"id":116925,"n":"Compote Andros pomme poire x12+4 offerts - 1.6kg","p":3.14,"u":"1,96 €/KG","img":"https://fd9-photos.leclercdrive.fr/image.ashx?id=2769068&use=l&cat=p&typeid=i","cat":284416},{"id":116985,"n":"Parmesan Râpé Giovanni Ferrari  22 mois AOP - 60g","p":1.81,"u":"30,17 €/KG","img":"https://fd9-photos.leclercdrive.fr/image.ashx?id=3002297&use=l&cat=p&typeid=i","cat":314035},{"id":117011,"n":"Voiture policiers avec sirène gyrophare Playmobil - Dès 4 ans","p":34.99,"img":"https://fd9-photos.leclercdrive.fr/image.ashx?id=1792126&use=l&cat=p&typeid=i","cat":334380},{"id":117225,"n":"Sirop Moulin de Valdonne Grenadine - 70cl","p":2.93,"u":"4,19 €/L","img":"https://fd9-photos.leclercdrive.fr/image.ashx?id=2170610&use=l&cat=p&typeid=i","cat":295020},{"id":117226,"n":"Chocolat noir Lindt Sensation crispy céréales 140g","p":2.72,"u":"19,43 €/KG","img":"https://fd9-photos.leclercdrive.fr/image.ashx?id=2208915&use=l&cat=p&typeid=i","cat":304238},{"id":117235,"n":"Sirop Moulin de Valdonne Pêche abricot - 70cl","p":3.45,"u":"4,93 €/L","img":"https://fd9-photos.leclercdrive.fr/image.ashx?id=2170613&use=l&cat=p&typeid=i","cat":295020},{"id":117238,"n":"Shampooing bio Bio naïa Cheveux secs abimés - 250ml","p":1.8,"u":"7,20 €/L","img":"https://fd9-photos.leclercdrive.fr/image.ashx?id=2512481&use=l&cat=p&typeid=i","cat":284606},{"id":117242,"n":"Biscuit coco pavot GERBLE BIO  Bio - 4x3, 132g","p":2.0,"u":"15,15 €/KG","img":"https://fd9-photos.leclercdrive.fr/image.ashx?id=2664052&use=l&cat=p&typeid=i","cat":284487},{"id":117244,"n":"Biscuit 3 graines Gerblé Bio  - 132g","p":2.0,"u":"15,15 €/KG","img":"https://fd9-photos.leclercdrive.fr/image.ashx?id=2664055&use=l&cat=p&typeid=i","cat":318651},{"id":117246,"n":"Biscuits Gerblé Bio Citron gingembre - 132g","p":1.96,"u":"14,85 €/KG","img":"https://fd9-photos.leclercdrive.fr/image.ashx?id=2662871&use=l&cat=p&typeid=i","cat":318651},{"id":117248,"n":"Biscuits Gerblé Bio Amande cranberry - 132g","p":2.01,"u":"15,23 €/KG","img":"https://fd9-photos.leclercdrive.fr/image.ashx?id=2662868&use=l&cat=p&typeid=i","cat":318651},{"id":117252,"n":"Mouliné Régal Soupe Légumes d'autrefois - 1L","p":1.65,"u":"1,65 €/L","img":"https://fd9-photos.leclercdrive.fr/image.ashx?id=2607590&use=l&cat=p&typeid=i","cat":284462},{"id":117283,"n":"Petits pois Notre Jardin Sans sel ajouté - 280g","p":0.9,"u":"3,21 €/KG","img":"https://fd9-photos.leclercdrive.fr/image.ashx?id=3002638&use=l&cat=p&typeid=i","cat":312607},{"id":117293,"n":"Petits pois Notre Jardin Carottes Sans sel ajouté - 265g","p":0.99,"u":"3,74 €/KG","img":"https://fd9-photos.leclercdrive.fr/image.ashx?id=3002641&use=l&cat=p&typeid=i","cat":312607},{"id":117297,"n":"Haricots verts Notre Jardin Sans sel ajouté - 225g","p":0.88,"u":"3,91 €/KG","img":"https://fd9-photos.leclercdrive.fr/image.ashx?id=3002644&use=l&cat=p&typeid=i","cat":312606},{"id":117330,"n":"Champignon Notre Jardin Emincé Sans sel ajouté - 230g","p":1.18,"u":"5,13 €/KG","img":"https://fd9-photos.leclercdrive.fr/image.ashx?id=1792507&use=l&cat=p&typeid=i","cat":312610},{"id":117404,"n":"La Poêlée Rustique Bonduelle 750g","p":3.5,"u":"4,67 €/KG","img":"https://fd9-photos.leclercdrive.fr/image.ashx?id=2910055&use=l&cat=p&typeid=i","cat":319823},{"id":117570,"n":"Galettes de riz Tables du monde Sachet - 100g","p":2.25,"u":"22,50 €/KG","img":"https://fd9-photos.leclercdrive.fr/image.ashx?id=2920223&use=l&cat=p&typeid=i","cat":288992},{"id":117668,"n":"Pizza Dolce Sodebo Margherita Tomate Marinées 400g","p":4.37,"u":"10,93 €/KG","img":"https://fd9-photos.leclercdrive.fr/image.ashx?id=2921642&use=l&cat=p&typeid=i","cat":333679},{"id":117669,"n":"IGP Foie gras Maison Montfort Canard Excellent Torchon - 380g","p":35.59,"u":"93,66 €/KG","img":"https://fd9-photos.leclercdrive.fr/image.ashx?id=2324603&use=l&cat=p&typeid=i","cat":316008},{"id":117675,"n":"Bisque hormard bleu NRT 490g","p":3.41,"u":"6,96 €/KG","img":"https://fd9-photos.leclercdrive.fr/image.ashx?id=1846178&use=l&cat=p&typeid=i","cat":285192},{"id":117721,"n":"Truite Fumée  Ronde des Mers  4 tranches - 120g","p":4.3,"u":"35,83 €/KG","img":"https://fd9-photos.leclercdrive.fr/image.ashx?id=2084096&use=l&cat=p&typeid=i","cat":285188},{"id":117828,"n":"Lardons fumés au bois CharcuFine du Forez - 140g","p":1.29,"u":"9,21 €/KG","img":"https://fd9-photos.leclercdrive.fr/image.ashx?id=2913268&use=l&cat=p&typeid=i","cat":316011},{"id":117907,"n":"Oeufs De Nos Villages Poule sol moyen - x12","p":3.17,"u":"0,26 €/P","img":"https://fd9-photos.leclercdrive.fr/image.ashx?id=2531931&use=l&cat=p&typeid=i","cat":284378},{"id":118024,"n":"Champagne Piper Heidsieck Rosé sauvage 12% Vol - 75 cl","p":29.6,"u":"39,47 €/L","img":"https://fd9-photos.leclercdrive.fr/image.ashx?id=2103247&use=l&cat=p&typeid=i","cat":284542},{"id":118038,"n":"AOP Alsace Gewurztraminer Nos Vignerons ont du Talent - 75cl","p":8.99,"u":"11,99 €/L","img":"https://fd9-photos.leclercdrive.fr/image.ashx?id=2566203&use=l&cat=p&typeid=i","cat":289557},{"id":118113,"n":"Sauce soja Bio Village Bio - 150ml","p":1.99,"u":"13,27 €/L","img":"https://fd9-photos.leclercdrive.fr/image.ashx?id=2913772&use=l&cat=p&typeid=i","cat":288992},{"id":118116,"n":"Sauce soja sucrée Bio Village Bio - 150ml","p":1.99,"u":"13,27 €/L","img":"https://fd9-photos.leclercdrive.fr/image.ashx?id=2913775&use=l&cat=p&typeid=i","cat":288992},{"id":118210,"n":"Coquilles Saint-Jacques Tipiak à la Bretonne - 10x90g","p":15.1,"u":"16,78 €/KG","img":"https://fd9-photos.leclercdrive.fr/image.ashx?id=2614092&use=l&cat=p&typeid=i","cat":319775},{"id":118217,"n":"Mini coquilles Saint-Jacques  Tipiak x8 - 100g","p":3.75,"u":"37,50 €/KG","img":"https://fd9-photos.leclercdrive.fr/image.ashx?id=2484212&use=l&cat=p&typeid=i","cat":319775},{"id":118227,"n":"Couronne d'Occitanie NRT Abricot -175g","p":1.95,"u":"11,14 €/KG","img":"https://fd9-photos.leclercdrive.fr/image.ashx?id=2704909&use=l&cat=p&typeid=i","cat":284487},{"id":118230,"n":"Bouchée à la reine Bigard x2 - 260g","p":4.5,"u":"17,31 €/KG","img":"https://fd9-photos.leclercdrive.fr/image.ashx?id=2732905&use=l&cat=p&typeid=i","cat":333671},{"id":118231,"n":"Bouchée  Bigard aux fruits de mer - x2 - 260g","p":4.5,"u":"17,31 €/KG","img":"https://fd9-photos.leclercdrive.fr/image.ashx?id=2732902&use=l&cat=p&typeid=i","cat":333671},{"id":118318,"n":"Fromage Raclette Les Croisés Truffe - 200g","p":4.7,"u":"23,50 €/KG","img":"https://fd9-photos.leclercdrive.fr/image.ashx?id=2793293&use=l&cat=p&typeid=i","cat":314037},{"id":118320,"n":"Raclette Les Croisés  Moutarde - 250g","p":3.69,"u":"14,76 €/KG","img":"https://fd9-photos.leclercdrive.fr/image.ashx?id=2793287&use=l&cat=p&typeid=i","cat":314037},{"id":118408,"n":"Lait bébé en poudre Galliagest 1er âge 0-6 mois 820g","p":18.99,"u":"23,16 €/KG","img":"https://fd9-photos.leclercdrive.fr/image.ashx?id=2983054&use=l&cat=p&typeid=i","cat":284726},{"id":118412,"n":"Lait bébé en poudre Galliagest 2 âge 6-12 mois 820g","p":18.2,"u":"22,20 €/KG","img":"https://fd9-photos.leclercdrive.fr/image.ashx?id=2771666&use=l&cat=p&typeid=i","cat":284727},{"id":118442,"n":"Bonbons Tic Tac Menthe extra fraîche x100 - 49g","p":1.56,"u":"31,84 €/KG","img":"https://fd9-photos.leclercdrive.fr/image.ashx?id=2737243&use=l&cat=p&typeid=i","cat":304256},{"id":118447,"n":"Soupe deshydratée Knorr Tomate mozzarella - 75cl","p":1.19,"u":"1,59 €/L","img":"https://fd9-photos.leclercdrive.fr/image.ashx?id=2788919&use=l&cat=p&typeid=i","cat":284463},{"id":118536,"n":"Boules inox Eco+ x2","p":0.24,"u":"0,12 €/P","img":"https://fd9-photos.leclercdrive.fr/image.ashx?id=1862246&use=l&cat=p&typeid=i","cat":284667},{"id":118583,"n":"Tampons Uni Vert Normal digital - x16","p":1.63,"u":"0,10 €/P","img":"https://fd9-photos.leclercdrive.fr/image.ashx?id=2896901&use=l&cat=p&typeid=i","cat":284626},{"id":118593,"n":"Serviettes Love & Green Incontinence Normal - x12","p":4.16,"u":"0,35 €/P","img":"https://fd9-photos.leclercdrive.fr/image.ashx?id=1866320&use=l&cat=p&typeid=i","cat":284628},{"id":118612,"n":"Crêpes fourrées  Whaou Chocolat au lait  - x8 - 256g","p":2.3,"u":"8,98 €/KG","img":"https://fd9-photos.leclercdrive.fr/image.ashx?id=2960171&use=l&cat=p&typeid=i","cat":284494},{"id":119075,"n":"Edulcorant Ginko Mini sweets x400 - 4.8g","p":3.87,"u":"774,00 €/KG","img":"https://fd9-photos.leclercdrive.fr/image.ashx?id=1860603&use=l&cat=p&typeid=i","cat":324846},{"id":119185,"n":"Bougie vanille Uni Vert 30h - 130g","p":3.99,"u":"30,69 €/KG","img":"https://fd9-photos.leclercdrive.fr/image.ashx?id=2670347&use=l&cat=p&typeid=i","cat":284666},{"id":119259,"n":"Couches Love & Green Hypoallergéniques Taille 3- x52","p":14.65,"u":"0,28 €/P","img":"https://fd9-photos.leclercdrive.fr/image.ashx?id=2798138&use=l&cat=p&typeid=i","cat":284737},{"id":119260,"n":"Couches Love & Green Hypoallergéniques Taille 4- x46","p":15.89,"u":"0,35 €/P","img":"https://fd9-photos.leclercdrive.fr/image.ashx?id=2798141&use=l&cat=p&typeid=i","cat":284737},{"id":119264,"n":"Sauce Bolognaise Panzani 100% Pur Bœuf - 650G","p":3.51,"u":"5,40 €/KG","img":"https://fd9-photos.leclercdrive.fr/image.ashx?id=2977933&use=l&cat=p&typeid=i","cat":287599},{"id":119269,"n":"Couches Love & Green Hypoallergéniques Taille 6- x34","p":17.3,"u":"0,51 €/P","img":"https://fd9-photos.leclercdrive.fr/image.ashx?id=2799530&use=l&cat=p&typeid=i","cat":284737},{"id":119273,"n":"Carottes Notre Jardin 3x130g","p":2.25,"u":"5,77 €/KG","img":"https://fd9-photos.leclercdrive.fr/image.ashx?id=3002629&use=l&cat=p&typeid=i","cat":312607},{"id":119275,"n":"Haricots blancs Notre Jardin 3x125g","p":1.99,"u":"5,31 €/KG","img":"https://fd9-photos.leclercdrive.fr/image.ashx?id=3002632&use=l&cat=p&typeid=i","cat":312606},{"id":119332,"n":"Tampon digital Uni Vert Ecolo super - x16","p":1.9,"u":"0,12 €/P","img":"https://fd9-photos.leclercdrive.fr/image.ashx?id=2939085&use=l&cat=p&typeid=i","cat":284626},{"id":119337,"n":"Crème légère jour So Bio Etic Anti-âge argan bio - 50ml","p":8.58,"u":"171,60 €/L","img":"https://fd9-photos.leclercdrive.fr/image.ashx?id=2788730&use=l&cat=p&typeid=i","cat":325345},{"id":119339,"n":"Gel nettoyant Uni Vert Entretien canalisations - 1L","p":3.9,"u":"3,90 €/L","img":"https://fd9-photos.leclercdrive.fr/image.ashx?id=2593471&use=l&cat=p&typeid=i","cat":284908},{"id":119355,"n":"IGP Pays d'Oc rouge Cabernet Syrah BIB 9L+1L offert","p":28.5,"u":"2,85 €/L","img":"https://fd9-photos.leclercdrive.fr/image.ashx?id=2805447&use=l&cat=p&typeid=i","cat":289556},{"id":119429,"n":"Capsules Café Royal  Espresso Forte - x36 - 190g","p":9.43,"u":"49,63 €/KG","img":"https://fd9-photos.leclercdrive.fr/image.ashx?id=2787818&use=l&cat=p&typeid=i","cat":284749},{"id":119510,"n":"Blancs de poireaux filière Panier du Primeur - 500g","p":2.49,"u":"4,98 €/KG","img":"https://fd9-photos.leclercdrive.fr/image.ashx?id=2930894&use=l&cat=p&typeid=i","cat":284352},{"id":119551,"n":"Fluide de jour lait d'anesse So Bio Etic bio - 50ml","p":8.21,"u":"164,20 €/L","img":"https://fd9-photos.leclercdrive.fr/image.ashx?id=2855277&use=l&cat=p&typeid=i","cat":325345},{"id":119594,"n":"Endives jeunes pousses  Nos Régions ont du Talent x6","p":2.49,"u":"9,58 €/KG","img":"https://fd9-photos.leclercdrive.fr/image.ashx?id=2778099&use=l&cat=p&typeid=i","cat":284352},{"id":119709,"n":"Fromage Persillée Saint Agur  125g","p":2.39,"u":"19,12 €/KG","img":"https://fd9-photos.leclercdrive.fr/image.ashx?id=2981515&use=l&cat=p&typeid=i","cat":314032},{"id":119712,"n":"Préfou ail persil Mix buffet - 275g","p":5.04,"u":"18,33 €/KG","img":"https://fd9-photos.leclercdrive.fr/image.ashx?id=2108549&use=l&cat=p&typeid=i","cat":316003},{"id":119718,"n":"Manchons de poulet Côté Croc Chorizo - 250g","p":2.49,"u":"9,96 €/KG","img":"https://fd9-photos.leclercdrive.fr/image.ashx?id=1865265&use=l&cat=p&typeid=i","cat":333685},{"id":119728,"n":"Blanc poulet fumé 6 Tranches - 180g","p":2.24,"u":"12,44 €/KG","img":"https://fd9-photos.leclercdrive.fr/image.ashx?id=2970474&use=l&cat=p&typeid=i","cat":316010},{"id":119767,"n":"Eau micellaire bio Bionaïa 400ml","p":3.73,"u":"9,33 €/L","img":"https://fd9-photos.leclercdrive.fr/image.ashx?id=2376055&use=l&cat=p&typeid=i","cat":284603},{"id":119797,"n":"Comté fromage bloc Les Croisés 200g","p":2.85,"u":"14,25 €/KG","img":"https://fd9-photos.leclercdrive.fr/image.ashx?id=2856585&use=l&cat=p&typeid=i","cat":314034},{"id":119800,"n":"Yaourt Enfant Petits Filous Aromatisé à la Vanille - 6x100g","p":2.76,"u":"4,60 €/KG","img":"https://fd9-photos.leclercdrive.fr/image.ashx?id=2748431&use=l&cat=p&typeid=i","cat":284415},{"id":119893,"n":"Skyr Nature Délisse 450g","p":1.89,"u":"4,20 €/KG","img":"https://fd9-photos.leclercdrive.fr/image.ashx?id=2992549&use=l&cat=p&typeid=i","cat":315000},{"id":119898,"n":"P'tit vanille lait Delisse 6x70g","p":1.59,"u":"3,79 €/KG","img":"https://fd9-photos.leclercdrive.fr/image.ashx?id=2598707&use=l&cat=p&typeid=i","cat":284420},{"id":119913,"n":"Yaourt à boire Yop Yoplait Chocolat - 850g","p":1.74,"u":"2,05 €/KG","img":"https://fd9-photos.leclercdrive.fr/image.ashx?id=2855534&use=l&cat=p&typeid=i","cat":295246},{"id":119940,"n":"Mini candy play Copains Copines 180g","p":1.49,"u":"8,28 €/KG","img":"https://fd9-photos.leclercdrive.fr/image.ashx?id=1866524&use=l&cat=p&typeid=i","cat":304250},{"id":119941,"n":"Fromage à Tartiner Tartare Ail et Fines Herbes 10P - 160g","p":2.08,"u":"13,00 €/KG","img":"https://fd9-photos.leclercdrive.fr/image.ashx?id=2867410&use=l&cat=p&typeid=i","cat":314029},{"id":120100,"n":"Tablette de chocolat Poulain Noir extra - 5x100g","p":4.66,"u":"9,32 €/KG","img":"https://fd9-photos.leclercdrive.fr/image.ashx?id=2299208&use=l&cat=p&typeid=i","cat":284956},{"id":120171,"n":"Nougat Montelimar Chabert & Guillot - 150g","p":3.69,"u":"24,60 €/KG","img":"https://fd9-photos.leclercdrive.fr/image.ashx?id=2488425&use=l&cat=p&typeid=i","cat":327605},{"id":120211,"n":"Nissin soba Cup Yakitori Poulet 89g","p":2.71,"u":"30,45 €/KG","img":"https://fd9-photos.leclercdrive.fr/image.ashx?id=2433509&use=l&cat=p&typeid=i","cat":288992},{"id":120224,"n":"Cristaux de soude Clair 500g","p":1.93,"u":"3,86 €/KG","img":"https://fd9-photos.leclercdrive.fr/image.ashx?id=2822144&use=l&cat=p&typeid=i","cat":325365},{"id":120225,"n":"Percarbonate de sodium Clair 500g","p":2.99,"u":"5,98 €/KG","img":"https://fd9-photos.leclercdrive.fr/image.ashx?id=2822141&use=l&cat=p&typeid=i","cat":325365},{"id":120261,"n":"Lessive liquide Epsil Anti-transfert - 40 lavages 2L","p":5.99,"u":"3,00 €/L","img":"https://fd9-photos.leclercdrive.fr/image.ashx?id=2838936&use=l&cat=p&typeid=i","cat":284640},{"id":120346,"n":"Mini gratins chorizo Côté Table 400g","p":3.79,"u":"9,48 €/KG","img":"https://fd9-photos.leclercdrive.fr/image.ashx?id=2641292&use=l&cat=p&typeid=i","cat":319802},{"id":120348,"n":"Purée 4 mois Bio Village Pomme pruneaux bio - 4x100g","p":1.69,"u":"4,23 €/KG","img":"https://fd9-photos.leclercdrive.fr/image.ashx?id=2704837&use=l&cat=p&typeid=i","cat":312387},{"id":120349,"n":"Purée 4 mois Bio Village Pomme Abricot bio - 4x100g","p":1.89,"u":"4,73 €/KG","img":"https://fd9-photos.leclercdrive.fr/image.ashx?id=2704690&use=l&cat=p&typeid=i","cat":312387},{"id":120350,"n":"Purée 4 mois Bio Village Pomme coing bio - 4x100g","p":1.79,"u":"4,48 €/KG","img":"https://fd9-photos.leclercdrive.fr/image.ashx?id=2704840&use=l&cat=p&typeid=i","cat":312387},{"id":120379,"n":"Olive Bella di cerignola  Vertes - 320g","p":3.49,"u":"10,91 €/KG","img":"https://fd9-photos.leclercdrive.fr/image.ashx?id=1870930&use=l&cat=p&typeid=i","cat":284458},{"id":120392,"n":"Palets pur beurre mère poulard Lot de 3 - 375g","p":2.81,"u":"7,49 €/KG","img":"https://fd9-photos.leclercdrive.fr/image.ashx?id=2912248&use=l&cat=p&typeid=i","cat":284487},{"id":120401,"n":"Boisson aux fruits Oasis Tropical - 4x2L","p":9.4,"u":"1,18 €/L","img":"https://fd9-photos.leclercdrive.fr/image.ashx?id=3011089&use=l&cat=p&typeid=i","cat":295018},{"id":120421,"n":"Crème de coco Real Thai 200ml","p":1.78,"u":"8,90 €/L","img":"https://fd9-photos.leclercdrive.fr/image.ashx?id=2857944&use=l&cat=p&typeid=i","cat":288992},{"id":120422,"n":"Lait de coco uht Real Thai 200ml","p":1.71,"u":"8,55 €/L","img":"https://fd9-photos.leclercdrive.fr/image.ashx?id=2872249&use=l&cat=p&typeid=i","cat":288992},{"id":120426,"n":"Protège slip écolo Uni vert Normal - x30","p":2.12,"u":"0,07 €/P","img":"https://fd9-photos.leclercdrive.fr/image.ashx?id=2799787&use=l&cat=p&typeid=i","cat":284625},{"id":120428,"n":"Serviette ecolo Uni Vert Normal - x14","p":1.79,"u":"0,13 €/P","img":"https://fd9-photos.leclercdrive.fr/image.ashx?id=2831589&use=l&cat=p&typeid=i","cat":284624},{"id":120429,"n":"Serviette écolo Uni vert Super+ - x12","p":1.55,"u":"0,13 €/P","img":"https://fd9-photos.leclercdrive.fr/image.ashx?id=2820445&use=l&cat=p&typeid=i","cat":284624},{"id":120430,"n":"Serviette écolo Uni Vert Nuit + - x10","p":1.79,"u":"0,18 €/P","img":"https://fd9-photos.leclercdrive.fr/image.ashx?id=2806780&use=l&cat=p&typeid=i","cat":284624},{"id":120488,"n":"Riz parfumé Comptoir du Grain Basmati -1kg","p":2.48,"u":"2,48 €/KG","img":"https://fd9-photos.leclercdrive.fr/image.ashx?id=2923399&use=l&cat=p&typeid=i","cat":284428},{"id":120489,"n":"Pain de mie extra-moelleux Epi d'or - 500g","p":1.49,"u":"2,98 €/KG","img":"https://fd9-photos.leclercdrive.fr/image.ashx?id=2301238&use=l&cat=p&typeid=i","cat":284477},{"id":120492,"n":"Céréales fourrées P'tit Déli Chocolat noisette - 450g","p":2.19,"u":"4,87 €/KG","img":"https://fd9-photos.leclercdrive.fr/image.ashx?id=2819636&use=l&cat=p&typeid=i","cat":309513},{"id":120660,"n":"Purée 4 mois Bio Village Fruits verger bio - 4x100g","p":1.89,"u":"4,73 €/KG","img":"https://fd9-photos.leclercdrive.fr/image.ashx?id=2704846&use=l&cat=p&typeid=i","cat":312387},{"id":120665,"n":"Purée 6 mois Bio Village Pomme Biscuit bio - 4x100g","p":1.79,"u":"4,48 €/KG","img":"https://fd9-photos.leclercdrive.fr/image.ashx?id=2704855&use=l&cat=p&typeid=i","cat":312388},{"id":120679,"n":"Petits pots bébé P'TIT SOUPER Petits pois pâtes 12M+ - 2x200g","p":1.68,"u":"4,20 €/KG","img":"https://fd9-photos.leclercdrive.fr/image.ashx?id=2526517&use=l&cat=p&typeid=i","cat":312239},{"id":120680,"n":"Perfect mousse Schwarzkopf 668 noisette - Lot de 2","p":15.0,"u":"7,50 €/P","img":"https://fd9-photos.leclercdrive.fr/image.ashx?id=1919747&use=l&cat=p&typeid=i","cat":288899},{"id":120681,"n":"Petits pots bébé P'TIT SOUPER Légumes Pâtes 8M+ - 2x200g","p":2.32,"u":"5,80 €/KG","img":"https://fd9-photos.leclercdrive.fr/image.ashx?id=2526520&use=l&cat=p&typeid=i","cat":312239},{"id":120682,"n":"Perfect mousse Schwarzkopf 200 Noir - Lot de 2","p":12.49,"u":"6,25 €/P","img":"https://fd9-photos.leclercdrive.fr/image.ashx?id=1919474&use=l&cat=p&typeid=i","cat":288899},{"id":120683,"n":"Petits pots bébé P'TITE RECETTE Bœuf bourguignon 12M+ - 2x200g","p":2.25,"u":"5,63 €/KG","img":"https://fd9-photos.leclercdrive.fr/image.ashx?id=2525714&use=l&cat=p&typeid=i","cat":312237},{"id":120684,"n":"Perfect Mousse Schwarzkopf 465 Châtain - Lot de 2","p":13.3,"u":"9,47 €/KG","img":"https://fd9-photos.leclercdrive.fr/image.ashx?id=1919477&use=l&cat=p&typeid=i","cat":288899},{"id":120686,"n":"Biphase micellaire So Bio Etic Bamboo bio - 500ml","p":8.11,"u":"16,22 €/L","img":"https://fd9-photos.leclercdrive.fr/image.ashx?id=2680221&use=l&cat=p&typeid=i","cat":284603},{"id":120688,"n":"Gel douche argan So Bio Etic Nutrition bio - 650ml","p":5.64,"u":"8,68 €/L","img":"https://fd9-photos.leclercdrive.fr/image.ashx?id=2891583&use=l&cat=p&typeid=i","cat":284594},{"id":120690,"n":"Shampoing Nateïs Cheveux fragiles - 250ml","p":1.27,"u":"5,08 €/L","img":"https://fd9-photos.leclercdrive.fr/image.ashx?id=2626838&use=l&cat=p&typeid=i","cat":284606},{"id":120691,"n":"Après-shampoing Nateïs Cheveux fragiles - 250ml","p":1.35,"u":"5,40 €/L","img":"https://fd9-photos.leclercdrive.fr/image.ashx?id=2626844&use=l&cat=p&typeid=i","cat":284607},{"id":120692,"n":"Pur jus d'orange Bio Village Bio - 2L","p":4.75,"u":"2,38 €/L","img":"https://fd9-photos.leclercdrive.fr/image.ashx?id=2751922&use=l&cat=p&typeid=i","cat":284521},{"id":120694,"n":"Jus de pomme bio Bio Village 1L","p":1.29,"u":"1,29 €/L","img":"https://fd9-photos.leclercdrive.fr/image.ashx?id=2958783&use=l&cat=p&typeid=i","cat":284522},{"id":120741,"n":"Jus d'orange Bio Village Bio A base de concentré - 1L","p":2.19,"u":"2,19 €/L","img":"https://fd9-photos.leclercdrive.fr/image.ashx?id=2958777&use=l&cat=p&typeid=i","cat":284521},{"id":120743,"n":"Biscuit orange chia Gerblé Bio Bio - 132g","p":2.48,"u":"18,79 €/KG","img":"https://fd9-photos.leclercdrive.fr/image.ashx?id=2664049&use=l&cat=p&typeid=i","cat":284487},{"id":120797,"n":"Cubes de filets de poulet Volandrie - 450g","p":5.09,"u":"11,31 €/KG","img":"https://fd9-photos.leclercdrive.fr/image.ashx?id=2647901&use=l&cat=p&typeid=i","cat":284336},{"id":120798,"n":"Filet de poulet jaune Volandrie Extra tendre - 300g","p":3.8,"u":"12,67 €/KG","img":"https://fd9-photos.leclercdrive.fr/image.ashx?id=2714894&use=l&cat=p&typeid=i","cat":284336},{"id":120799,"n":"Filet de poulet jaune Volandrie 300g","p":3.69,"u":"12,30 €/KG","img":"https://fd9-photos.leclercdrive.fr/image.ashx?id=2647910&use=l&cat=p&typeid=i","cat":284336},{"id":120800,"n":"Filet de poulet blanc Volandrie Extra tendre - 300g","p":3.8,"u":"12,67 €/KG","img":"https://fd9-photos.leclercdrive.fr/image.ashx?id=2647904&use=l&cat=p&typeid=i","cat":284336},{"id":120801,"n":"Filets poulet blanc Volandrie 300g","p":3.69,"u":"12,30 €/KG","img":"https://fd9-photos.leclercdrive.fr/image.ashx?id=2647907&use=l&cat=p&typeid=i","cat":284336},{"id":120853,"n":"Bonbons Lutti Scoubifizz Piquants Fruits - 180g","p":1.61,"u":"8,94 €/KG","img":"https://fd9-photos.leclercdrive.fr/image.ashx?id=2964837&use=l&cat=p&typeid=i","cat":304250},{"id":120869,"n":"Poudre d'amande Bio Village Doypack bio - 100g","p":2.5,"u":"25,00 €/KG","img":"https://fd9-photos.leclercdrive.fr/image.ashx?id=1873546&use=l&cat=p&typeid=i","cat":284504},{"id":120870,"n":"Amande effilée Bio Village Doypack bio - 100g","p":3.06,"u":"30,60 €/KG","img":"https://fd9-photos.leclercdrive.fr/image.ashx?id=1873549&use=l&cat=p&typeid=i","cat":284504},{"id":120872,"n":"Pépites chocolat Bio Village Bio - 100g","p":2.22,"u":"22,20 €/KG","img":"https://fd9-photos.leclercdrive.fr/image.ashx?id=2590544&use=l&cat=p&typeid=i","cat":284504},{"id":120941,"n":"Piles Duracell 2032 - x6","p":7.21,"u":"1,20 €/P","img":"https://fd9-photos.leclercdrive.fr/image.ashx?id=2778503&use=l&cat=p&typeid=i","cat":300572},{"id":121179,"n":"AOP Bordeaux rouge supérieur Léo by Léo - 75cl","p":5.59,"pp":3.69,"u":"4,92 €/L","img":"https://fd9-photos.leclercdrive.fr/image.ashx?id=2569740&use=l&cat=p&typeid=i","cat":289556},{"id":121180,"n":"AOC Bordeaux rosé Léo by Léo - 75cl","p":5.59,"pp":3.69,"u":"4,92 €/L","img":"https://fd9-photos.leclercdrive.fr/image.ashx?id=1887019&use=l&cat=p&typeid=i","cat":289558},{"id":121185,"n":"AOP Bordeaux blanc Léo by Léo - 75cl","p":5.59,"pp":3.69,"u":"4,92 €/L","img":"https://fd9-photos.leclercdrive.fr/image.ashx?id=2859554&use=l&cat=p&typeid=i","cat":289557},{"id":121188,"n":"Tablette de chocolat noir Lindt Eclat Orange - 70% - 100g","p":3.19,"u":"31,90 €/KG","img":"https://fd9-photos.leclercdrive.fr/image.ashx?id=2209215&use=l&cat=p&typeid=i","cat":284956},{"id":121234,"n":"Panettone beurre La fornareta 1kg","p":6.2,"u":"6,20 €/KG","img":"https://fd9-photos.leclercdrive.fr/image.ashx?id=1879783&use=l&cat=p&typeid=i","cat":289010},{"id":121235,"n":"Pandoro beurre La Fornareta 750g","p":12.51,"u":"16,68 €/KG","img":"https://fd9-photos.leclercdrive.fr/image.ashx?id=1879780&use=l&cat=p&typeid=i","cat":289010},{"id":121241,"n":"Pizza 5 formaggi Turini 380g","p":3.19,"u":"8,39 €/KG","img":"https://fd9-photos.leclercdrive.fr/image.ashx?id=2831598&use=l&cat=p&typeid=i","cat":333679},{"id":121242,"n":"Pizza Turini Prosciutto - 400g","p":2.89,"u":"7,23 €/KG","img":"https://fd9-photos.leclercdrive.fr/image.ashx?id=2619740&use=l&cat=p&typeid=i","cat":333679},{"id":121243,"n":"Pizza Speck Turini 380g","p":2.99,"u":"7,87 €/KG","img":"https://fd9-photos.leclercdrive.fr/image.ashx?id=2619743&use=l&cat=p&typeid=i","cat":333679},{"id":121244,"n":"Pizza regina Turini 400g","p":3.34,"u":"8,35 €/KG","img":"https://fd9-photos.leclercdrive.fr/image.ashx?id=2584280&use=l&cat=p&typeid=i","cat":333679},{"id":121268,"n":"Miel d'acacia Lune de miel 500g","p":6.87,"u":"13,74 €/KG","img":"https://fd9-photos.leclercdrive.fr/image.ashx?id=3004837&use=l&cat=p&typeid=i","cat":287643},{"id":121271,"n":"Miel l'Apiculteur crémeux  et onctueux - 1kg","p":12.89,"u":"12,89 €/KG","img":"https://fd9-photos.leclercdrive.fr/image.ashx?id=2838253&use=l&cat=p&typeid=i","cat":287643},{"id":121315,"n":"Haché Happy Family Charal 20x80g - 1,6kg","p":19.04,"u":"11,90 €/KG","img":"https://fd9-photos.leclercdrive.fr/image.ashx?id=2739776&use=l&cat=p&typeid=i","cat":319778},{"id":121387,"n":"Lingettes Mots d'Enfants Toilettes bio - x60","p":2.17,"u":"0,04 €/P","img":"https://fd9-photos.leclercdrive.fr/image.ashx?id=2856579&use=l&cat=p&typeid=i","cat":284738},{"id":121388,"n":"Sacs poubelle 20L Elembal Poignées coulissantes - x20","p":2.05,"u":"0,10 €/P","img":"https://fd9-photos.leclercdrive.fr/image.ashx?id=2958753&use=l&cat=p&typeid=i","cat":285168},{"id":121417,"n":"Couches écologiques Biolane Jumbo T3 - x52","p":19.75,"u":"0,38 €/P","img":"https://fd9-photos.leclercdrive.fr/image.ashx?id=2876521&use=l&cat=p&typeid=i","cat":284737},{"id":121419,"n":"Couches écologiques Biolane Single T2 - x28","p":9.55,"u":"0,34 €/P","img":"https://fd9-photos.leclercdrive.fr/image.ashx?id=2876530&use=l&cat=p&typeid=i","cat":284737},{"id":121436,"n":"Crème anti-âge L'Oréal Paris Revitalift SPF 25 - 50ml","p":19.59,"u":"391,80 €/L","img":"https://fd9-photos.leclercdrive.fr/image.ashx?id=2853230&use=l&cat=p&typeid=i","cat":325345},{"id":121438,"n":"Sérum repulpant L'Oréal Paris Revitalift Anti-rides - 30ml","p":13.98,"u":"466,00 €/L","img":"https://fd9-photos.leclercdrive.fr/image.ashx?id=2926584&use=l&cat=p&typeid=i","cat":325345},{"id":121492,"n":"Mini shampooing voyage Nateïs Tilleul Pomme - 100ml","p":1.09,"u":"10,90 €/L","img":"https://fd9-photos.leclercdrive.fr/image.ashx?id=2626841&use=l&cat=p&typeid=i","cat":284606},{"id":121568,"n":"Cahier 48 pages Seyes Esquisse Bleu - 17x22cm","p":0.69,"img":"https://fd9-photos.leclercdrive.fr/image.ashx?id=1931682&use=l&cat=p&typeid=i","cat":284697},{"id":121569,"n":"Cahier 48 pages Seyes Esquisse Jaune - 17x22cm","p":0.69,"img":"https://fd9-photos.leclercdrive.fr/image.ashx?id=1931658&use=l&cat=p&typeid=i","cat":284697},{"id":121570,"n":"Cahier 48 pages Seyes Esquisse Rouge - 17x22cm","p":0.69,"img":"https://fd9-photos.leclercdrive.fr/image.ashx?id=1931655&use=l&cat=p&typeid=i","cat":284697},{"id":121571,"n":"Cahier 48 pages Seyes Esquisse Vert - 17x22cm","p":0.69,"img":"https://fd9-photos.leclercdrive.fr/image.ashx?id=1931778&use=l&cat=p&typeid=i","cat":284697},{"id":121605,"n":"Cahier 96 pages Seyes Esquisse Bleu - 21x29.7cm","p":1.1,"img":"https://fd9-photos.leclercdrive.fr/image.ashx?id=1931661&use=l&cat=p&typeid=i","cat":284697},{"id":121613,"n":"Cahier 96 pages Seyes Esquisse Jaune - 17x22cm","p":0.79,"img":"https://fd9-photos.leclercdrive.fr/image.ashx?id=1931742&use=l&cat=p&typeid=i","cat":284697},{"id":121615,"n":"Cahier 96 pages Seyes Esquisse Jaune - 21x29.7cm","p":1.1,"img":"https://fd9-photos.leclercdrive.fr/image.ashx?id=1931670&use=l&cat=p&typeid=i","cat":284697},{"id":121616,"n":"Cahier 96 pages Seyes Esquisse Rouge - 17x22cm","p":0.79,"img":"https://fd9-photos.leclercdrive.fr/image.ashx?id=1931736&use=l&cat=p&typeid=i","cat":284697},{"id":121619,"n":"Cahier 96 pages Seyes Esquisse Rouge - 21x29.7cm","p":1.1,"img":"https://fd9-photos.leclercdrive.fr/image.ashx?id=1931667&use=l&cat=p&typeid=i","cat":284697},{"id":121620,"n":"Cahier 96 pages Seyes Esquisse Vert - 17x22cm","p":0.79,"img":"https://fd9-photos.leclercdrive.fr/image.ashx?id=1931760&use=l&cat=p&typeid=i","cat":284697},{"id":121699,"n":"Farine semi-complète Bio Bio Village - 1kg","p":1.45,"u":"1,45 €/KG","img":"https://fd9-photos.leclercdrive.fr/image.ashx?id=2460045&use=l&cat=p&typeid=i","cat":284503},{"id":121708,"n":"Céréales fourrées P'tit Déli Chocolat noisette - 650g","p":3.08,"u":"4,74 €/KG","img":"https://fd9-photos.leclercdrive.fr/image.ashx?id=2840740&use=l&cat=p&typeid=i","cat":309513},{"id":121755,"n":"Dinosaure goût Ketchup 125g","p":1.41,"u":"11,28 €/KG","img":"https://fd9-photos.leclercdrive.fr/image.ashx?id=1879194&use=l&cat=p&typeid=i","cat":284449},{"id":121777,"n":"Noix de cajou Tokapi Miel & sel - 125g","p":2.28,"u":"18,24 €/KG","img":"https://fd9-photos.leclercdrive.fr/image.ashx?id=2793899&use=l&cat=p&typeid=i","cat":284448},{"id":121805,"n":"Bière blé noir Dremmwel bio 6x25cl","p":6.94,"u":"4,63 €/L","img":"https://fd9-photos.leclercdrive.fr/image.ashx?id=2870764&use=l&cat=p&typeid=i","cat":334852},{"id":121842,"n":"Filets de maquereaux Muscadet Les Mouettes d'Arvor - 2x176g","p":6.03,"u":"17,13 €/KG","img":"https://fd9-photos.leclercdrive.fr/image.ashx?id=1889219&use=l&cat=p&typeid=i","cat":303868},{"id":121843,"n":"Filets maquereaux à la moutarde Les Mouettes d'Arvor - 2x169g","p":6.03,"u":"17,84 €/KG","img":"https://fd9-photos.leclercdrive.fr/image.ashx?id=1937391&use=l&cat=p&typeid=i","cat":303868},{"id":121844,"n":"Filets de maquereaux Catalane Les Mouettes d'Arvor  - 2x169g","p":6.03,"u":"17,84 €/KG","img":"https://fd9-photos.leclercdrive.fr/image.ashx?id=1893526&use=l&cat=p&typeid=i","cat":303868},{"id":121878,"n":"Pâté aux pruneaux d'Agen Nos Régions Ont Du Talent -180g","p":1.99,"u":"11,06 €/KG","img":"https://fd9-photos.leclercdrive.fr/image.ashx?id=2560518&use=l&cat=p&typeid=i","cat":305149},{"id":121993,"n":"Cachuètes grillées Bio Village Salées bio - 100g","p":0.99,"u":"9,90 €/KG","img":"https://fd9-photos.leclercdrive.fr/image.ashx?id=2469061&use=l&cat=p&typeid=i","cat":284448},{"id":122065,"n":"Biscuit pépite Nat&Vie Chocolat au lait - 200g","p":1.16,"u":"5,80 €/KG","img":"https://fd9-photos.leclercdrive.fr/image.ashx?id=1879927&use=l&cat=p&typeid=i","cat":318651},{"id":122074,"n":"Biscuit pavot Nat&Vie Citron - 200g","p":1.29,"u":"6,45 €/KG","img":"https://fd9-photos.leclercdrive.fr/image.ashx?id=1879930&use=l&cat=p&typeid=i","cat":318651},{"id":122089,"n":"Mini lunettes bio Bio Village  Fraise - 156g","p":1.99,"u":"12,76 €/KG","img":"https://fd9-photos.leclercdrive.fr/image.ashx?id=2353381&use=l&cat=p&typeid=i","cat":284489},{"id":122092,"n":"Goûter bio Bio Village Fourrage cacao - 185g","p":2.06,"u":"11,14 €/KG","img":"https://fd9-photos.leclercdrive.fr/image.ashx?id=1879942&use=l&cat=p&typeid=i","cat":284488},{"id":122094,"n":"Barre bio Bio village Chocolat coeur au lait - 125g","p":3.35,"u":"26,80 €/KG","img":"https://fd9-photos.leclercdrive.fr/image.ashx?id=2176095&use=l&cat=p&typeid=i","cat":284488},{"id":122099,"n":"Biscuit goûter Nat&Vie Aux raisins  - 200g","p":0.79,"u":"3,95 €/GK","img":"https://fd9-photos.leclercdrive.fr/image.ashx?id=1879972&use=l&cat=p&typeid=i","cat":318651},{"id":122100,"n":"Biscuit goûter Nat&Vie Aux pommes - 200g","p":1.06,"u":"5,30 €/KG","img":"https://fd9-photos.leclercdrive.fr/image.ashx?id=1879990&use=l&cat=p&typeid=i","cat":318651},{"id":122102,"n":"Noix de coco bio Bio Village En poudre - 100g","p":1.63,"u":"16,30 €/KG","img":"https://fd9-photos.leclercdrive.fr/image.ashx?id=1879994&use=l&cat=p&typeid=i","cat":284504},{"id":122231,"n":"Jambon supérieur Bio Village découenné 4 Tranches bio - 140g","p":4.02,"u":"28,71 €/KG","img":"https://fd9-photos.leclercdrive.fr/image.ashx?id=2974876&use=l&cat=p&typeid=i","cat":316009},{"id":122344,"n":"Pots bébé soir bio Babybio Légumes riz - 8 mois - 2x200g","p":2.96,"u":"7,40 €/KG","img":"https://fd9-photos.leclercdrive.fr/image.ashx?id=2838314&use=l&cat=p&typeid=i","cat":312239},{"id":122346,"n":"Babybio Optima croissance 3 Bio 800g","p":17.22,"u":"21,53 €/KG","img":"https://fd9-photos.leclercdrive.fr/image.ashx?id=2944029&use=l&cat=p&typeid=i","cat":290219},{"id":122347,"n":"Lait Primea 2 Bio Babybio 800g","p":18.19,"u":"22,74 €/KG","img":"https://fd9-photos.leclercdrive.fr/image.ashx?id=2962824&use=l&cat=p&typeid=i","cat":284727},{"id":122348,"n":"Lait Primea 3 Bio Babybio 800g","p":15.22,"u":"19,03 €/KG","img":"https://fd9-photos.leclercdrive.fr/image.ashx?id=2944026&use=l&cat=p&typeid=i","cat":290219},{"id":122420,"n":"Skyr Siggi's  Vanille - 2x140g","p":2.11,"u":"7,54 €/KG","img":"https://fd9-photos.leclercdrive.fr/image.ashx?id=2646119&use=l&cat=p&typeid=i","cat":315000},{"id":122435,"n":"Lardons supérieurs Bio Village bio Fumés - 2x60g","p":1.75,"u":"14,58 €/KG","img":"https://fd9-photos.leclercdrive.fr/image.ashx?id=2761983&use=l&cat=p&typeid=i","cat":316011},{"id":122437,"n":"Verrines saumon fromage Concombre x4 - 160g","p":3.5,"u":"21,88 €/KG","img":"https://fd9-photos.leclercdrive.fr/image.ashx?id=2519615&use=l&cat=p&typeid=i","cat":316003},{"id":122450,"n":"Pain façon Bretzel Pasquier Nature - x6 + 2 offerts - 360g","p":2.2,"u":"6,11 €/KG","img":"https://fd9-photos.leclercdrive.fr/image.ashx?id=2132673&use=l&cat=p&typeid=i","cat":325069},{"id":122486,"n":"Thon blanc entier Pêche Océan MSC - 160g","p":2.89,"u":"18,06 €/KG","img":"https://fd9-photos.leclercdrive.fr/image.ashx?id=2942229&use=l&cat=p&typeid=i","cat":303867},{"id":122528,"n":"Skyr Siggi's  Framboise - 2x140g","p":2.11,"u":"7,54 €/KG","img":"https://fd9-photos.leclercdrive.fr/image.ashx?id=2692095&use=l&cat=p&typeid=i","cat":315000},{"id":122529,"n":"Skyr Siggi's  Myrtille - 2x140g","p":2.17,"u":"7,75 €/KG","img":"https://fd9-photos.leclercdrive.fr/image.ashx?id=2692098&use=l&cat=p&typeid=i","cat":315000},{"id":122624,"n":"IGP Côtes de Gascogne Bio Domus by Uby Blanc sec - 75cl","p":8.5,"u":"11,33 €/L","img":"https://fd9-photos.leclercdrive.fr/image.ashx?id=2567404&use=l&cat=p&typeid=i","cat":289557},{"id":122691,"n":"Yaourt brassé Bio Les 300 & Bio Fraise, framboise - 4x125g","p":1.75,"u":"3,50 €/KG","img":"https://fd9-photos.leclercdrive.fr/image.ashx?id=2629136&use=l&cat=p&typeid=i","cat":284410},{"id":122808,"n":"Jeune pousse Panier du Primeur 125g","p":0.99,"u":"7,92 €/KG","img":"https://fd9-photos.leclercdrive.fr/image.ashx?id=2616060&use=l&cat=p&typeid=i","cat":284353},{"id":122809,"n":"Roquette Panier du Primeur 125g","p":1.29,"u":"10,32 €/KG","img":"https://fd9-photos.leclercdrive.fr/image.ashx?id=2616066&use=l&cat=p&typeid=i","cat":284353},{"id":122825,"n":"Sauce au poivre Rustica 245g","p":1.19,"u":"4,86 €/KG","img":"https://fd9-photos.leclercdrive.fr/image.ashx?id=2558829&use=l&cat=p&typeid=i","cat":318431},{"id":122895,"n":"Chips Tuiles Pringles Original - 175g","p":1.68,"u":"9,60 €/KG","img":"https://fd9-photos.leclercdrive.fr/image.ashx?id=2902298&use=l&cat=p&typeid=i","cat":287899},{"id":122899,"n":"Rasoirs jetables Gillette Blue 3 - x8","p":8.5,"u":"1,06 €/P","img":"https://fd9-photos.leclercdrive.fr/image.ashx?id=2901139&use=l&cat=p&typeid=i","cat":284616},{"id":122903,"n":"Chlore permanent 5kg","p":29.9,"u":"5,98 €/KG","img":"https://fd9-photos.leclercdrive.fr/image.ashx?id=1919420&use=l&cat=p&typeid=i","cat":335918},{"id":122905,"n":"Shampooing antipelliculaire Vitanove cheveux normaux -250ml","p":1.66,"u":"6,64 €/L","img":"https://fd9-photos.leclercdrive.fr/image.ashx?id=1909525&use=l&cat=p&typeid=i","cat":284606},{"id":122906,"n":"Chlore multiactions 5kg","p":29.9,"u":"5,98 €/KG","img":"https://fd9-photos.leclercdrive.fr/image.ashx?id=1919423&use=l&cat=p&typeid=i","cat":335918},{"id":122907,"n":"Anti-algue concentré 5L","p":14.99,"u":"3,00 €/L","img":"https://fd9-photos.leclercdrive.fr/image.ashx?id=1919426&use=l&cat=p&typeid=i","cat":335918},{"id":122911,"n":"Chlore choc Granulés - 5kg","p":29.9,"u":"5,98 €/KG","img":"https://fd9-photos.leclercdrive.fr/image.ashx?id=1919438&use=l&cat=p&typeid=i","cat":335918},{"id":122915,"n":"Poudre PH Plus 5kg","p":9.9,"u":"1,98 €/KG","img":"https://fd9-photos.leclercdrive.fr/image.ashx?id=1919435&use=l&cat=p&typeid=i","cat":335918},{"id":122973,"n":"Jambon de Paris Tradilège Découenné - 2 tranches - 80g","p":1.2,"u":"15,00 €/KG","img":"https://fd9-photos.leclercdrive.fr/image.ashx?id=2994384&use=l&cat=p&typeid=i","cat":316009},{"id":123025,"n":"Lait demi-écrémé UHT Lactel Slim bons matins - 8x1L","p":8.18,"u":"1,02 €/L","img":"https://fd9-photos.leclercdrive.fr/image.ashx?id=1888041&use=l&cat=p&typeid=i","cat":284377},{"id":123062,"n":"Jambon de Paris Tradilège A l'étouffé - 160g","p":1.69,"u":"10,56 €/KG","img":"https://fd9-photos.leclercdrive.fr/image.ashx?id=2951143&use=l&cat=p&typeid=i","cat":316009},{"id":123063,"n":"Jambon de Paris Tradilège Découenné dégraissé x6 - 240g","p":2.39,"u":"9,96 €/KG","img":"https://fd9-photos.leclercdrive.fr/image.ashx?id=2951146&use=l&cat=p&typeid=i","cat":316009},{"id":123065,"n":"Jambon de Paris Tradilège À l'étouffée x8 - 320g","p":3.13,"u":"9,78 €/KG","img":"https://fd9-photos.leclercdrive.fr/image.ashx?id=2994387&use=l&cat=p&typeid=i","cat":316009},{"id":123067,"n":"Jambon de Paris Tradilège Découenné dégraissé x10 - 400g","p":3.86,"u":"9,65 €/KG","img":"https://fd9-photos.leclercdrive.fr/image.ashx?id=2930787&use=l&cat=p&typeid=i","cat":316009},{"id":123071,"n":"Jambon de Paris Tradilège -25% de sel - 6 tranches - 210g","p":2.49,"u":"11,86 €/KG","img":"https://fd9-photos.leclercdrive.fr/image.ashx?id=2994390&use=l&cat=p&typeid=i","cat":316009},{"id":123074,"n":"Jambon supérieur Tradilège Découenné dégraissé x4 - 160g","p":2.21,"u":"13,81 €/KG","img":"https://fd9-photos.leclercdrive.fr/image.ashx?id=2984194&use=l&cat=p&typeid=i","cat":316009},{"id":123103,"n":"Jambon supérieur Tradilège Sans couenne x8 - 320g","p":4.29,"u":"13,41 €/KG","img":"https://fd9-photos.leclercdrive.fr/image.ashx?id=2943692&use=l&cat=p&typeid=i","cat":316009},{"id":123105,"n":"Jambon supérieur Tradilège Avec couenne 4 tranches - 160g","p":2.06,"u":"12,88 €/KG","img":"https://fd9-photos.leclercdrive.fr/image.ashx?id=2925756&use=l&cat=p&typeid=i","cat":316009},{"id":123106,"n":"Jambon supérieur Tradilège Avec couenne 6 tranches - 240g","p":3.08,"u":"12,83 €/KG","img":"https://fd9-photos.leclercdrive.fr/image.ashx?id=2970593&use=l&cat=p&typeid=i","cat":316009},{"id":123107,"n":"Jambon supérieur Tradilège Avec couenne 8 tranches - 320g","p":4.09,"u":"12,78 €/KG","img":"https://fd9-photos.leclercdrive.fr/image.ashx?id=2979586&use=l&cat=p&typeid=i","cat":316009},{"id":123108,"n":"Jambon supérieur Tradilège Label rouge découenné x4 - 160g","p":2.59,"u":"16,19 €/KG","img":"https://fd9-photos.leclercdrive.fr/image.ashx?id=2943698&use=l&cat=p&typeid=i","cat":316009},{"id":123257,"n":"Capsules café Plantation Lungo forte n°7 - x16 - 105g","p":3.35,"u":"31,90 €/KG","img":"https://fd9-photos.leclercdrive.fr/image.ashx?id=2649744&use=l&cat=p&typeid=i","cat":293239},{"id":123360,"n":"Pétales Tables du Monde A la crevette ASC - 50g","p":0.65,"u":"13,00 €/KG","img":"https://fd9-photos.leclercdrive.fr/image.ashx?id=3013639&use=l&cat=p&typeid=i","cat":288992},{"id":123368,"n":"Brume d'eau Mot d'enfant 200ml","p":1.99,"u":"9,95 €/L","img":"https://fd9-photos.leclercdrive.fr/image.ashx?id=3015123&use=l&cat=p&typeid=i","cat":284741},{"id":123371,"n":"Déboucheur Syphon Spécial cheveux - 1L","p":2.35,"u":"2,35 €/L","img":"https://fd9-photos.leclercdrive.fr/image.ashx?id=2202473&use=l&cat=p&typeid=i","cat":284908},{"id":123373,"n":"Soin visage Carré Homme et barbe de 3 jours - 50ml","p":3.29,"u":"65,80 €/L","img":"https://fd9-photos.leclercdrive.fr/image.ashx?id=2489206&use=l&cat=p&typeid=i","cat":284622},{"id":123397,"n":"Bière sans alcool Tourtel Twist Framboise 0,0° - 6x27,5cl","p":4.15,"u":"2,52 €/L","img":"https://fd9-photos.leclercdrive.fr/image.ashx?id=2886705&use=l&cat=p&typeid=i","cat":334877},{"id":123400,"n":"Cire corps Laurence Dumont Bandes - x20","p":3.69,"u":"0,18 €/P","img":"https://fd9-photos.leclercdrive.fr/image.ashx?id=2606358&use=l&cat=p&typeid=i","cat":325351},{"id":123407,"n":"Bière sans alcool Tourtel Twist Citron 0,0° - 6x27,5cl","p":3.79,"u":"2,30 €/L","img":"https://fd9-photos.leclercdrive.fr/image.ashx?id=2886702&use=l&cat=p&typeid=i","cat":334877},{"id":123409,"n":"Cassoulet cuisiné Stéphan - 420g","p":1.38,"u":"3,29 €/KG","img":"https://fd9-photos.leclercdrive.fr/image.ashx?id=2757027&use=l&cat=p&typeid=i","cat":284440},{"id":123413,"n":"Saucisse cocktail Stephan Nature - 200g","p":2.28,"u":"11,40 €/KG","img":"https://fd9-photos.leclercdrive.fr/image.ashx?id=2767549&use=l&cat=p&typeid=i","cat":284450},{"id":123418,"n":"Bière blonde Leffe sans alcool 0,0% - 6x25cl","p":4.69,"u":"3,13 €/L","img":"https://fd9-photos.leclercdrive.fr/image.ashx?id=2548303&use=l&cat=p&typeid=i","cat":334877},{"id":123422,"n":"Soda Coca-Cola Sans Sucres Bouteille - 1,75L","p":1.7,"u":"0,97 €/L","img":"https://fd9-photos.leclercdrive.fr/image.ashx?id=2971748&use=l&cat=p&typeid=i","cat":284530},{"id":123426,"n":"Sangria François d'Aubigne 7% vol - 1.5 L","p":2.39,"u":"1,59 €/L","img":"https://fd9-photos.leclercdrive.fr/image.ashx?id=2790865&use=l&cat=p&typeid=i","cat":286032},{"id":123434,"n":"Soda Schweppes Indian Tonic Zero - 6x33cl","p":3.7,"u":"1,87 €/L","img":"https://fd9-photos.leclercdrive.fr/image.ashx?id=2852420&use=l&cat=p&typeid=i","cat":284531},{"id":123436,"n":"Boisson fruit shoot Teisseire Tropical - 6x20cl","p":2.61,"u":"2,18 €/L","img":"https://fd9-photos.leclercdrive.fr/image.ashx?id=2858204&use=l&cat=p&typeid=i","cat":295018},{"id":123437,"n":"Boisson Fruit shoot Teisseire Multivamine - 6x20cl","p":2.65,"u":"2,21 €/L","img":"https://fd9-photos.leclercdrive.fr/image.ashx?id=2858201&use=l&cat=p&typeid=i","cat":295018},{"id":123448,"n":"Biscuits cacao Kinder Cards Au lait et au cacao 2x5 - 128g","p":3.57,"u":"13,95 €/KG","img":"https://fd9-photos.leclercdrive.fr/image.ashx?id=2672608&use=l&cat=p&typeid=i","cat":284488},{"id":123523,"n":"Tubes Copains Copines Arc-en-ciel - 200g","p":1.13,"u":"5,65 €/KG","img":"https://fd9-photos.leclercdrive.fr/image.ashx?id=2934739&use=l&cat=p&typeid=i","cat":304250},{"id":123528,"n":"Soucoupes Copains Copines Acides - 39g","p":0.99,"u":"25,38 €/KG","img":"https://fd9-photos.leclercdrive.fr/image.ashx?id=2874738&use=l&cat=p&typeid=i","cat":304250},{"id":123530,"n":"Marshmallows Copains Copines Enrobés chocolat - 160g","p":1.69,"u":"10,56 €/KG","img":"https://fd9-photos.leclercdrive.fr/image.ashx?id=2934754&use=l&cat=p&typeid=i","cat":304250},{"id":123545,"n":"Quiche lorraine Marie Pur beurre - 400g","p":3.22,"u":"8,05 €/KG","img":"https://fd9-photos.leclercdrive.fr/image.ashx?id=2318546&use=l&cat=p&typeid=i","cat":333680},{"id":123550,"n":"Yaourt aux fruits brassés Velouté fruix Danone - 16x125g","p":4.32,"u":"2,16 €/KG","img":"https://fd9-photos.leclercdrive.fr/image.ashx?id=2912923&use=l&cat=p&typeid=i","cat":284410},{"id":123551,"n":"Yaourt aux fruits brassés Velouté fruix Danone - 12x125g","p":3.9,"u":"2,60 €/KG","img":"https://fd9-photos.leclercdrive.fr/image.ashx?id=2912929&use=l&cat=p&typeid=i","cat":284410},{"id":123552,"n":"Yaourt fruits rouges brassés Velouté fruix Danone - 8x125g","p":2.64,"u":"2,64 €/KG","img":"https://fd9-photos.leclercdrive.fr/image.ashx?id=2912932&use=l&cat=p&typeid=i","cat":284410},{"id":123553,"n":"Yaourt aux fruits velouté fruix Danone brassé fraise - 4x125g","p":1.88,"u":"3,76 €/KG","img":"https://fd9-photos.leclercdrive.fr/image.ashx?id=2911855&use=l&cat=p&typeid=i","cat":284410},{"id":123555,"n":"Yaourt fruits jaunes brassés Velouté fruix Danone - 8x125g","p":2.7,"u":"2,70 €/KG","img":"https://fd9-photos.leclercdrive.fr/image.ashx?id=2912926&use=l&cat=p&typeid=i","cat":284410},{"id":123557,"n":"Kiwi Panier du Primeur Filière Mûrs à point - x6","p":3.99,"u":"0,67 €/P","img":"https://fd9-photos.leclercdrive.fr/image.ashx?id=2955047&use=l&cat=p&typeid=i","cat":284356},{"id":123563,"n":"Filet de poulet blanc Maître Coq - 1kg","p":10.95,"u":"10,95 €/KG","img":"https://fd9-photos.leclercdrive.fr/image.ashx?id=2551132&use=l&cat=p&typeid=i","cat":284336},{"id":123603,"n":"Kit Distributeur Savon Mains Dettol Citron 250ml","p":7.51,"u":"30,04 €/L","img":"https://fd9-photos.leclercdrive.fr/image.ashx?id=2975134&use=l&cat=p&typeid=i","cat":284597},{"id":123606,"n":"Lessive liquide blanc Epsil 25 lavages - 1.25L","p":2.54,"u":"2,03 €/L","img":"https://fd9-photos.leclercdrive.fr/image.ashx?id=2838933&use=l&cat=p&typeid=i","cat":284640},{"id":123613,"n":"Culottes Pampers Baby Dry Pants Taille 3 - x46","p":15.07,"u":"0,33 €/P","img":"https://fd9-photos.leclercdrive.fr/image.ashx?id=2212794&use=l&cat=p&typeid=i","cat":290633},{"id":123622,"n":"Lait poudre Optima 2 Babybio  Bio 6 mois à 1an - 800g","p":18.96,"u":"23,70 €/KG","img":"https://fd9-photos.leclercdrive.fr/image.ashx?id=2988436&use=l&cat=p&typeid=i","cat":284727},{"id":123693,"n":"Pâtes Eco+ Vermicelles - 1kg","p":1.34,"u":"1,34 €/KG","img":"https://fd9-photos.leclercdrive.fr/image.ashx?id=2949400&use=l&cat=p&typeid=i","cat":284427},{"id":123695,"n":"Lait Primea 1 Bio BabyBio 800g","p":18.43,"u":"23,04 €/KG","img":"https://fd9-photos.leclercdrive.fr/image.ashx?id=2911327&use=l&cat=p&typeid=i","cat":284726},{"id":123710,"n":"Tomato Ketchup Zéro Heinz sans sucre ni sel - 425g","p":2.44,"u":"5,74 €/KG","img":"https://fd9-photos.leclercdrive.fr/image.ashx?id=2927723&use=l&cat=p&typeid=i","cat":284455},{"id":123864,"n":"Crème Pieds Anti-Crevasses Talons 24h - 60 ml","p":4.84,"u":"80,67 €/L","img":"https://fd9-photos.leclercdrive.fr/image.ashx?id=2980878&use=l&cat=p&typeid=i","cat":325354},{"id":123924,"n":"Barres choco caram biscuit 348g","p":1.97,"u":"5,66 €/KG","img":"https://fd9-photos.leclercdrive.fr/image.ashx?id=2739721&use=l&cat=p&typeid=i","cat":284498},{"id":124035,"n":"Jus de raisin ABC Eco+ 1L","p":0.98,"u":"0,98 €/L","img":"https://fd9-photos.leclercdrive.fr/image.ashx?id=2802275&use=l&cat=p&typeid=i","cat":284915},{"id":124052,"n":"Nouilles de riz Table du monde 250g","p":1.99,"u":"7,96 €/KG","img":"https://fd9-photos.leclercdrive.fr/image.ashx?id=2679780&use=l&cat=p&typeid=i","cat":288992},{"id":124073,"n":"Saumon fumé Labeyrie Le Norvège x6 - 215g","p":10.79,"u":"50,19 €/KG","img":"https://fd9-photos.leclercdrive.fr/image.ashx?id=2230396&use=l&cat=p&typeid=i","cat":285188},{"id":124140,"n":"Saumon fumé Labeyrie Norvège - x4 - 130g","p":7.59,"u":"58,38 €/KG","img":"https://fd9-photos.leclercdrive.fr/image.ashx?id=2729896&use=l&cat=p&typeid=i","cat":285188},{"id":124272,"n":"Thon nature entier Saupiquet MSC - 140g","p":2.46,"u":"17,57 €/KG","img":"https://fd9-photos.leclercdrive.fr/image.ashx?id=2731540&use=l&cat=p&typeid=i","cat":303867},{"id":124374,"n":"Eau aromatisée Volvic bio Pamplemousse romarin - 75cl","p":1.51,"u":"2,01 €/L","img":"https://fd9-photos.leclercdrive.fr/image.ashx?id=2462514&use=l&cat=p&typeid=i","cat":284537},{"id":124466,"n":"AOC Crémant d'Alsace brut Bio Rebmann - 75cl","p":6.99,"u":"9,32 €/L","img":"https://fd9-photos.leclercdrive.fr/image.ashx?id=2714992&use=l&cat=p&typeid=i","cat":284545},{"id":124467,"n":"AOC Vin blanc Monbazillac Bio Terrasses d'Autan - 75cl","p":7.99,"u":"10,65 €/L","img":"https://fd9-photos.leclercdrive.fr/image.ashx?id=2775119&use=l&cat=p&typeid=i","cat":289557},{"id":124473,"n":"Cabillaud MSC citron Côté Table Riz - 290g","p":2.99,"u":"10,31 €/KG","img":"https://fd9-photos.leclercdrive.fr/image.ashx?id=2672954&use=l&cat=p&typeid=i","cat":333665},{"id":124478,"n":"IGP Méditérranée rosé Les Calandières - 75cl","p":3.2,"u":"4,27 €/L","img":"https://fd9-photos.leclercdrive.fr/image.ashx?id=2996608&use=l&cat=p&typeid=i","cat":289558},{"id":124496,"n":"Crème glacée Ben & Jerry's Choco Fudge Brownie - 408g","p":3.82,"u":"9,36 €/KG","img":"https://fd9-photos.leclercdrive.fr/image.ashx?id=2738050&use=l&cat=p&typeid=i","cat":284725},{"id":124499,"n":"Glace en Pot BEN & JERRY'S Vanilla Pecan Blondie - 465ml","p":4.07,"u":"9,83 €/KG","img":"https://fd9-photos.leclercdrive.fr/image.ashx?id=2832548&use=l&cat=p&typeid=i","cat":284725},{"id":124500,"n":"Crème glacée Ben & Jerry's Peanut butter - 425g","p":3.67,"u":"8,64 €/KG","img":"https://fd9-photos.leclercdrive.fr/image.ashx?id=3001524&use=l&cat=p&typeid=i","cat":284725},{"id":124533,"n":"Confiture extra bio Bio Village Rhubarbe - 370g","p":2.59,"u":"7,00 €/KG","img":"https://fd9-photos.leclercdrive.fr/image.ashx?id=2482514&use=l&cat=p&typeid=i","cat":284480},{"id":124594,"n":"Capsules Nescafé Dolce Gusto Espresso - x16","p":4.5,"u":"51,14 €/KG","img":"https://fd9-photos.leclercdrive.fr/image.ashx?id=2952025&use=l&cat=p&typeid=i","cat":293239},{"id":124595,"n":"Nutella Biscuit pâte à tartiner Cacao Noisettes - 166g","p":1.9,"u":"11,45 €/KG","img":"https://fd9-photos.leclercdrive.fr/image.ashx?id=2922200&use=l&cat=p&typeid=i","cat":284488},{"id":124652,"n":"Sorbet Eskiss Cassis - 650g","p":3.56,"u":"5,48 €/KG","img":"https://fd9-photos.leclercdrive.fr/image.ashx?id=1959280&use=l&cat=p&typeid=i","cat":284263},{"id":124655,"n":"Bac sorbet Eskiss Mangue - 650g","p":2.49,"u":"3,83 €/KG","img":"https://fd9-photos.leclercdrive.fr/image.ashx?id=2982673&use=l&cat=p&typeid=i","cat":284263},{"id":124670,"n":"Pain de mie complet Jacquet Maxi - Sans sucre ajouté - 550g","p":1.6,"u":"2,91 €/KG","img":"https://fd9-photos.leclercdrive.fr/image.ashx?id=2935708&use=l&cat=p&typeid=i","cat":284477},{"id":124671,"n":"Pain de mie Sans croûte Jacquet Sans sucre ajouté - 475g","p":1.8,"u":"3,79 €/KG","img":"https://fd9-photos.leclercdrive.fr/image.ashx?id=2919754&use=l&cat=p&typeid=i","cat":284477},{"id":124694,"n":"Saucisson Mini Justin Bridou  Bâton de Berger nature - 160g","p":3.29,"u":"20,56 €/KG","img":"https://fd9-photos.leclercdrive.fr/image.ashx?id=2921786&use=l&cat=p&typeid=i","cat":316006},{"id":124696,"n":"Accras de morue MSC Table du Monde - 200g","p":2.29,"u":"11,45 €/KG","img":"https://fd9-photos.leclercdrive.fr/image.ashx?id=2841169&use=l&cat=p&typeid=i","cat":333673},{"id":124741,"n":"Boite distributrice gants Mapa Latex naturel Taille M - x100","p":14.36,"u":"0,14 €/P","img":"https://fd9-photos.leclercdrive.fr/image.ashx?id=2973006&use=l&cat=p&typeid=i","cat":284668},{"id":124787,"n":"Shampooing sec Batiste Volume - 200ml","p":4.56,"u":"22,80 €/L","img":"https://fd9-photos.leclercdrive.fr/image.ashx?id=2557979&use=l&cat=p&typeid=i","cat":289143},{"id":124874,"n":"Crème glacée Ben & Jerry's  Caramel Brownie Party - 405g","p":3.91,"u":"9,65 €/KG","img":"https://fd9-photos.leclercdrive.fr/image.ashx?id=2773889&use=l&cat=p&typeid=i","cat":284725},{"id":124902,"n":"Eponges végétales Eco+ x2","p":0.46,"u":"0,23 €/P","img":"https://fd9-photos.leclercdrive.fr/image.ashx?id=2770242&use=l&cat=p&typeid=i","cat":284667},{"id":124904,"n":"Liquide allume-feu Eco+ 1L","p":2.92,"u":"2,92 €/L","img":"https://fd9-photos.leclercdrive.fr/image.ashx?id=1901698&use=l&cat=p&typeid=i","cat":300577},{"id":124905,"n":"Sacs poubelle coulissants Eco+ 30 l - x20","p":1.23,"u":"0,06 €/P","img":"https://fd9-photos.leclercdrive.fr/image.ashx?id=1901701&use=l&cat=p&typeid=i","cat":285168},{"id":124906,"n":"Sacs poubelle Eco+ 50L Coulissants - x25","p":2.33,"u":"0,09 €/P","img":"https://fd9-photos.leclercdrive.fr/image.ashx?id=1916286&use=l&cat=p&typeid=i","cat":285168},{"id":124908,"n":"Crème coiffante Carré Homme Cheveux & Barbe - 75ml","p":3.79,"u":"50,53 €/L","img":"https://fd9-photos.leclercdrive.fr/image.ashx?id=2635691&use=l&cat=p&typeid=i","cat":284609},{"id":124909,"n":"Culotte Enuresie Mots d'Enfants 4-7 ans -17-30 kg - x15","p":9.49,"u":"0,63 €/P","img":"https://fd9-photos.leclercdrive.fr/image.ashx?id=2900169&use=l&cat=p&typeid=i","cat":290633},{"id":124912,"n":"Insecticide Insectivor Anti-acariens puce- 400ml","p":4.99,"u":"12,48 €/L","img":"https://fd9-photos.leclercdrive.fr/image.ashx?id=1901710&use=l&cat=p&typeid=i","cat":298368},{"id":124913,"n":"Insecticide Insectivor Volant/rampant - 400ml","p":3.95,"u":"9,88 €/L","img":"https://fd9-photos.leclercdrive.fr/image.ashx?id=2582990&use=l&cat=p&typeid=i","cat":298368},{"id":124921,"n":"Croquettes petit chien Ultima  Nature Sans céréales - 1,1kg","p":6.65,"u":"6,05 €/KG","img":"https://fd9-photos.leclercdrive.fr/image.ashx?id=2572745&use=l&cat=p&typeid=i","cat":294526},{"id":124924,"n":"Croquettes chat Ultima Nature Sans céréales - Dinde- 1.1kg","p":6.55,"u":"5,95 €/KG","img":"https://fd9-photos.leclercdrive.fr/image.ashx?id=2929218&use=l&cat=p&typeid=i","cat":284680},{"id":124926,"n":"Sacs poubelle container Elembal 120L - x10","p":3.99,"u":"0,40 €/P","img":"https://fd9-photos.leclercdrive.fr/image.ashx?id=1901891&use=l&cat=p&typeid=i","cat":285168},{"id":124927,"n":"Sacs gravats Elembal 50L - X5","p":4.24,"u":"0,02 €/L","img":"https://fd9-photos.leclercdrive.fr/image.ashx?id=2958750&use=l&cat=p&typeid=i","cat":285168},{"id":124928,"n":"Sacs poubelle Elembal 240L - x10","p":4.56,"u":"0,46 €/P","img":"https://fd9-photos.leclercdrive.fr/image.ashx?id=1901894&use=l&cat=p&typeid=i","cat":285168},{"id":124929,"n":"Insecticide Insectivor Antivolant végétal - 400ml","p":2.71,"u":"6,78 €/L","img":"https://fd9-photos.leclercdrive.fr/image.ashx?id=2673999&use=l&cat=p&typeid=i","cat":298368},{"id":124930,"n":"Sacs poubelle Elembal Coulissants spécial tri 50L-x10","p":2.19,"u":"0,22 €/P","img":"https://fd9-photos.leclercdrive.fr/image.ashx?id=2958756&use=l&cat=p&typeid=i","cat":285168},{"id":124931,"n":"Coton maxi ovale Bio Bionaia x60","p":2.16,"u":"0,04 €/P","img":"https://fd9-photos.leclercdrive.fr/image.ashx?id=2658584&use=l&cat=p&typeid=i","cat":284636},{"id":124935,"n":"Tampons à récurer Eco+ x5","p":1.01,"u":"0,20 €/P","img":"https://fd9-photos.leclercdrive.fr/image.ashx?id=2593336&use=l&cat=p&typeid=i","cat":284667},{"id":124959,"n":"Shampooing sec Nateïs Pomme - 150ml","p":2.16,"u":"14,40 €/L","img":"https://fd9-photos.leclercdrive.fr/image.ashx?id=2843602&use=l&cat=p&typeid=i","cat":289143},{"id":124961,"n":"Shampoing sec Nateis 150ml","p":1.87,"u":"12,47 €/L","img":"https://fd9-photos.leclercdrive.fr/image.ashx?id=2751919&use=l&cat=p&typeid=i","cat":289143},{"id":124962,"n":"Sacs poubelle Elembal Salle de bain 5L - x40","p":1.26,"u":"0,03 €/P","img":"https://fd9-photos.leclercdrive.fr/image.ashx?id=2793284&use=l&cat=p&typeid=i","cat":285168},{"id":125216,"n":"Cacahuètes Eco+ Grillées à sec - 150g","p":0.46,"u":"3,07 €/KG","img":"https://fd9-photos.leclercdrive.fr/image.ashx?id=2780710&use=l&cat=p&typeid=i","cat":284448},{"id":125217,"n":"Soufflés Eco+ Goût fromage - 100g","p":0.54,"u":"5,40 €/KG","img":"https://fd9-photos.leclercdrive.fr/image.ashx?id=2887392&use=l&cat=p&typeid=i","cat":284449},{"id":125218,"n":"Cacahuètes Eco  Grillées et salées - 250g","p":0.7,"u":"2,80 €/KG","img":"https://fd9-photos.leclercdrive.fr/image.ashx?id=2836801&use=l&cat=p&typeid=i","cat":284448},{"id":125219,"n":"Frites salées Eco+ 80g","p":0.45,"u":"5,63 €/KG","img":"https://fd9-photos.leclercdrive.fr/image.ashx?id=2764712&use=l&cat=p&typeid=i","cat":284449},{"id":125220,"n":"Snacks Eco+ Gôut bacon - 100g","p":0.72,"u":"7,20 €/KG","img":"https://fd9-photos.leclercdrive.fr/image.ashx?id=2287233&use=l&cat=p&typeid=i","cat":284449},{"id":125222,"n":"Assortiment biscuit Eco+ Soufflé - 125g","p":0.87,"u":"6,96 €/KG","img":"https://fd9-photos.leclercdrive.fr/image.ashx?id=2283972&use=l&cat=p&typeid=i","cat":284449},{"id":125224,"n":"Pop corn Eco+ Salé - 100g","p":0.97,"u":"9,70 €/KG","img":"https://fd9-photos.leclercdrive.fr/image.ashx?id=1953636&use=l&cat=p&typeid=i","cat":304249},{"id":125225,"n":"Chips nature Eco+ 6x30g","p":1.23,"u":"6,83 €/KG","img":"https://fd9-photos.leclercdrive.fr/image.ashx?id=2609541&use=l&cat=p&typeid=i","cat":284447},{"id":125227,"n":"Mini cookies P'tit Déli 160g","p":1.49,"u":"9,31 €/KG","img":"https://fd9-photos.leclercdrive.fr/image.ashx?id=2932426&use=l&cat=p&typeid=i","cat":325066},{"id":125235,"n":"Tartelette framboise P'tit Déli 150g","p":1.3,"u":"8,67 €/KG","img":"https://fd9-photos.leclercdrive.fr/image.ashx?id=2683922&use=l&cat=p&typeid=i","cat":284489},{"id":125238,"n":"Cookies P'tit Déli Chocolat noisette - 200g","p":1.69,"u":"8,45 €/KG","img":"https://fd9-photos.leclercdrive.fr/image.ashx?id=1943253&use=l&cat=p&typeid=i","cat":325066},{"id":125241,"n":"Amandes Bio Village Bio - 100g","p":2.09,"u":"20,90 €/KG","img":"https://fd9-photos.leclercdrive.fr/image.ashx?id=2664596&use=l&cat=p&typeid=i","cat":284448},{"id":125246,"n":"Canistrelli de corse NRT Noisettes - 300g","p":3.65,"u":"12,17 €/KG","img":"https://fd9-photos.leclercdrive.fr/image.ashx?id=2966845&use=l&cat=p&typeid=i","cat":284487},{"id":125315,"n":"Farine bio Jardin Bio Semi-complète T80 - 1kg","p":2.1,"u":"2,10 €/KG","img":"https://fd9-photos.leclercdrive.fr/image.ashx?id=2944834&use=l&cat=p&typeid=i","cat":284503},{"id":125328,"n":"Ketchup Rustica Nature - 560g","p":1.25,"u":"2,23 €/KG","img":"https://fd9-photos.leclercdrive.fr/image.ashx?id=2954385&use=l&cat=p&typeid=i","cat":284455},{"id":125339,"n":"Eponge gratounett Spontex 4+2 gratuit","p":3.47,"u":"0,58 €/P","img":"https://fd9-photos.leclercdrive.fr/image.ashx?id=1904252&use=l&cat=p&typeid=i","cat":284667},{"id":125383,"n":"Comté fromage râpé Les Croisés 130g","p":1.95,"u":"15,00 €/KG","img":"https://fd9-photos.leclercdrive.fr/image.ashx?id=2897820&use=l&cat=p&typeid=i","cat":314035},{"id":125556,"n":"Fromage Camembert NRT AOP  de Normandie  - 250g","p":4.9,"u":"19,60 €/KG","img":"https://fd9-photos.leclercdrive.fr/image.ashx?id=1904825&use=l&cat=p&typeid=i","cat":314033},{"id":125723,"n":"Céréales fourées P'tit Déli Tout chocolat - 650g","p":2.89,"u":"4,45 €/KG","img":"https://fd9-photos.leclercdrive.fr/image.ashx?id=2878603&use=l&cat=p&typeid=i","cat":309513},{"id":125748,"n":"Coeur burger texas bbq bio Céréal Bio - 160g","p":2.77,"u":"17,31 €/KG","img":"https://fd9-photos.leclercdrive.fr/image.ashx?id=2575120&use=l&cat=p&typeid=i","cat":284953},{"id":125749,"n":"Coeur burger original bio Céréal Bio - 160g","p":2.78,"u":"17,38 €/KG","img":"https://fd9-photos.leclercdrive.fr/image.ashx?id=2575123&use=l&cat=p&typeid=i","cat":284953},{"id":125778,"n":"Infusion detox Jardin Bio Fruitée cassis bio - 20g","p":2.72,"u":"136,00 €/KG","img":"https://fd9-photos.leclercdrive.fr/image.ashx?id=2792597&use=l&cat=p&typeid=i","cat":293234},{"id":125914,"n":"Fromages frais Pat'patrouille Yoplait goûts fruits - 12x50g","p":1.64,"u":"2,73 €/KG","img":"https://fd9-photos.leclercdrive.fr/image.ashx?id=2733685&use=l&cat=p&typeid=i","cat":284414},{"id":126140,"n":"Chips Tyrells Piment doux et poivron - 150g","p":2.19,"u":"14,60 €/KG","img":"https://fd9-photos.leclercdrive.fr/image.ashx?id=2225657&use=l&cat=p&typeid=i","cat":284447},{"id":126178,"n":"Riz long thaï Eco+ 1kg","p":1.61,"u":"1,61 €/KG","img":"https://fd9-photos.leclercdrive.fr/image.ashx?id=2799751&use=l&cat=p&typeid=i","cat":284428},{"id":126186,"n":"Riz rond Eco+ 1kg","p":1.77,"u":"1,77 €/KG","img":"https://fd9-photos.leclercdrive.fr/image.ashx?id=2704594&use=l&cat=p&typeid=i","cat":284428},{"id":126187,"n":"Biscuits Lotus Biscoff Fourré Crème saveur chocolat 150g","p":1.77,"u":"11,80 €/KG","img":"https://fd9-photos.leclercdrive.fr/image.ashx?id=2859818&use=l&cat=p&typeid=i","cat":284487},{"id":126189,"n":"Biscuits Lotus Biscoff Fourré  Crème saveur vanille - 150g","p":1.59,"u":"10,60 €/KG","img":"https://fd9-photos.leclercdrive.fr/image.ashx?id=2685315&use=l&cat=p&typeid=i","cat":284487},{"id":126310,"n":"Crème dépilatoire Pure Veet Corps Peaux normales 200ml","p":4.78,"u":"23,90 €/L","img":"https://fd9-photos.leclercdrive.fr/image.ashx?id=3014437&use=l&cat=p&typeid=i","cat":325351},{"id":126314,"n":"Crème dépilatoire Pure Veet Corps Peaux sensibles 200ml","p":4.45,"u":"22,25 €/L","img":"https://fd9-photos.leclercdrive.fr/image.ashx?id=2965692&use=l&cat=p&typeid=i","cat":325351},{"id":126316,"n":"Cire Chaude au Sucre Pure Veet 100% d'Origine Naturelle 250ml","p":4.9,"u":"19,60 €/L","img":"https://fd9-photos.leclercdrive.fr/image.ashx?id=2990430&use=l&cat=p&typeid=i","cat":325351},{"id":126421,"n":"Biscuits Figolu LU Figue - 192g","p":1.42,"u":"7,40 €/KG","img":"https://fd9-photos.leclercdrive.fr/image.ashx?id=2967950&use=l&cat=p&typeid=i","cat":284489},{"id":126430,"n":"Dosettes café Senseo Milka x8","p":2.91,"u":"25,98 €/KG","img":"https://fd9-photos.leclercdrive.fr/image.ashx?id=2127012&use=l&cat=p&typeid=i","cat":293238},{"id":126478,"n":"Morceaux Thon PETIT NAVIRE 160g Nature Démarche Responsable","p":1.99,"u":"17,77 €/KG","img":"https://fd9-photos.leclercdrive.fr/image.ashx?id=2549453&use=l&cat=p&typeid=i","cat":303867},{"id":126540,"n":"Citron jaune Eco+  Filet 500g","p":0.99,"u":"1,98 €/KG","img":"https://fd9-photos.leclercdrive.fr/image.ashx?id=2619807&use=l&cat=p&typeid=i","cat":284356},{"id":126548,"n":"Pomelo rose 1p","p":0.85,"img":"https://fd9-photos.leclercdrive.fr/image.ashx?id=1636262&use=l&cat=p&typeid=i","cat":284356},{"id":126570,"n":"Soda Sprite Original  Bouteille  - 1.25L","p":1.29,"u":"1,03 €/L","img":"https://fd9-photos.leclercdrive.fr/image.ashx?id=2796989&use=l&cat=p&typeid=i","cat":284531},{"id":126571,"n":"Gaufres de Liège Lotus 315g","p":1.92,"u":"6,10 €/KG","img":"https://fd9-photos.leclercdrive.fr/image.ashx?id=2694995&use=l&cat=p&typeid=i","cat":294777},{"id":126579,"n":"Pommes Bicolores Eco+ Sachet 2kg","p":2.99,"u":"1,50 €/KG","img":"https://fd9-photos.leclercdrive.fr/image.ashx?id=2537872&use=l&cat=p&typeid=i","cat":284356},{"id":126581,"n":"Pommes jaunes Eco+ Sachet 2kg","p":2.99,"u":"1,50 €/KG","img":"https://fd9-photos.leclercdrive.fr/image.ashx?id=2441890&use=l&cat=p&typeid=i","cat":284356},{"id":126589,"n":"Endives Eco+ Sachet 500g","p":1.49,"u":"2,98 €/KG","img":"https://fd9-photos.leclercdrive.fr/image.ashx?id=2922917&use=l&cat=p&typeid=i","cat":284352},{"id":126591,"n":"Echalotes Eco+ Filet 500g","p":1.19,"u":"2,38 €/KG","img":"https://fd9-photos.leclercdrive.fr/image.ashx?id=2777946&use=l&cat=p&typeid=i","cat":284352},{"id":126643,"n":"Gaufres de liège Lotus Chocolat - 363g","p":3.01,"u":"8,29 €/KG","img":"https://fd9-photos.leclercdrive.fr/image.ashx?id=2859824&use=l&cat=p&typeid=i","cat":294777},{"id":126655,"n":"Rillettes de thon aux olives  Ronde des Mers - 125g","p":1.68,"u":"13,44 €/KG","img":"https://fd9-photos.leclercdrive.fr/image.ashx?id=2436705&use=l&cat=p&typeid=i","cat":303867},{"id":126659,"n":"Fromage fondu Eco+ 24 portions - 400g","p":2.45,"u":"6,13 €/KG","img":"https://fd9-photos.leclercdrive.fr/image.ashx?id=2415746&use=l&cat=p&typeid=i","cat":314030},{"id":126804,"n":"Lotus Biscoff Glace Speculoos  Chocolat lait 284g (4x90ml)","p":4.28,"u":"15,07 €/KG","img":"https://fd9-photos.leclercdrive.fr/image.ashx?id=2683280&use=l&cat=p&typeid=i","cat":284265},{"id":126816,"n":"Escalope de poulet Le Gaulois 240g","p":4.14,"u":"17,25 €/KG","img":"https://fd9-photos.leclercdrive.fr/image.ashx?id=2304713&use=l&cat=p&typeid=i","cat":284336},{"id":126839,"n":"Assiette Creuse Micro-Ondes Winnie - 1pièce","p":5.5,"img":"https://fd9-photos.leclercdrive.fr/image.ashx?id=2056347&use=l&cat=p&typeid=i","cat":289435},{"id":126848,"n":"Batonnets Smicy Vanille - x12 - 456g","p":4.02,"u":"8,82 €/KG","img":"https://fd9-photos.leclercdrive.fr/image.ashx?id=2902552&use=l&cat=p&typeid=i","cat":284265},{"id":126849,"n":"Batonnets Smicy Vanille chocolat - x12 - 456g","p":3.53,"u":"7,74 €/KG","img":"https://fd9-photos.leclercdrive.fr/image.ashx?id=2902558&use=l&cat=p&typeid=i","cat":284265},{"id":126850,"n":"Batonnets Smicy Pistache chocolat - x12 - 456g","p":3.53,"u":"7,74 €/KG","img":"https://fd9-photos.leclercdrive.fr/image.ashx?id=2902561&use=l&cat=p&typeid=i","cat":284265},{"id":126851,"n":"Batonnets Smicy Chocolat - x12 - 456g","p":3.99,"u":"8,75 €/KG","img":"https://fd9-photos.leclercdrive.fr/image.ashx?id=2068058&use=l&cat=p&typeid=i","cat":284265},{"id":126914,"n":"Lorina limonade artisanale 6x20cl","p":4.69,"u":"3,91 €/L","img":"https://fd9-photos.leclercdrive.fr/image.ashx?id=2735140&use=l&cat=p&typeid=i","cat":284531},{"id":126958,"n":"Kiwi vert 1p","p":0.55,"img":"https://fd9-photos.leclercdrive.fr/image.ashx?id=2077670&use=l&cat=p&typeid=i","cat":284356},{"id":126960,"n":"Cheeseburgers Côté Croc x6 - 780g","p":6.29,"u":"8,06 €/KG","img":"https://fd9-photos.leclercdrive.fr/image.ashx?id=2077373&use=l&cat=p&typeid=i","cat":319822},{"id":126990,"n":"Carottes Eco+ Sachet de 2kg","p":1.89,"u":"0,95 €/KG","img":"https://fd9-photos.leclercdrive.fr/image.ashx?id=2922376&use=l&cat=p&typeid=i","cat":284352},{"id":126996,"n":"Radis rose botte x1","p":1.09,"img":"https://fd9-photos.leclercdrive.fr/image.ashx?id=1100182&use=l&cat=p&typeid=i","cat":284352},{"id":127303,"n":"Ratatouille Maison Rivière 630 g","p":3.77,"u":"5,98 €/KG","img":"https://fd9-photos.leclercdrive.fr/image.ashx?id=2505061&use=l&cat=p&typeid=i","cat":312612},{"id":127401,"n":"Préservatifs Orgasm'Intense Perlés et Nervurés Durex x10","p":9.99,"u":"1,00 €/P","img":"https://fd9-photos.leclercdrive.fr/image.ashx?id=2962023&use=l&cat=p&typeid=i","cat":284631},{"id":127430,"n":"Céréales fourrées P'tit Déli Chocolat au lait - 450g","p":2.58,"u":"5,73 €/KG","img":"https://fd9-photos.leclercdrive.fr/image.ashx?id=2824713&use=l&cat=p&typeid=i","cat":309513},{"id":127475,"n":"Lait bébé en poudre Blédilait croissance 1-3 ans 900g","p":10.99,"u":"12,21 €/KG","img":"https://fd9-photos.leclercdrive.fr/image.ashx?id=2848587&use=l&cat=p&typeid=i","cat":290219},{"id":127476,"n":"Piperade basquaise NRT 600g","p":3.7,"u":"6,17 €/KG","img":"https://fd9-photos.leclercdrive.fr/image.ashx?id=2771420&use=l&cat=p&typeid=i","cat":284441},{"id":127556,"n":"Litière chats Tranquille Cristale charbon actif - 4L","p":5.99,"u":"1,50 €/L","img":"https://fd9-photos.leclercdrive.fr/image.ashx?id=2421874&use=l&cat=p&typeid=i","cat":284683},{"id":127648,"n":"Taille-crayons Maped Globe - 1 trou","p":1.45,"img":"https://fd9-photos.leclercdrive.fr/image.ashx?id=2508951&use=l&cat=p&typeid=i","cat":334133},{"id":127710,"n":"Surligneurs Esquisse x4","p":1.89,"u":"0,47 €/P","img":"https://fd9-photos.leclercdrive.fr/image.ashx?id=1929801&use=l&cat=p&typeid=i","cat":284696},{"id":127719,"n":"Feuilles dessin Esquisse 24X32 - x12","p":2.49,"u":"0,21 €/P","img":"https://fd9-photos.leclercdrive.fr/image.ashx?id=1929768&use=l&cat=p&typeid=i","cat":284697},{"id":127903,"n":"Trieur polypo  Oxford Vert","p":11.85,"img":"https://fd9-photos.leclercdrive.fr/image.ashx?id=1948104&use=l&cat=p&typeid=i","cat":284745},{"id":128095,"n":"Cahier Openflex Oxford agrafe Bleu - 96 p - 21x29,7cm","p":2.3,"img":"https://fd9-photos.leclercdrive.fr/image.ashx?id=1924358&use=l&cat=p&typeid=i","cat":284697},{"id":128096,"n":"Cahier Openflex Oxford agrafe Vert - 96 p - 21x29,7cm","p":2.3,"img":"https://fd9-photos.leclercdrive.fr/image.ashx?id=1924361&use=l&cat=p&typeid=i","cat":284697},{"id":128097,"n":"Cahier Openflex Oxford agrafe Rouge - 96 p - 21x29,7cm","p":2.3,"img":"https://fd9-photos.leclercdrive.fr/image.ashx?id=1924364&use=l&cat=p&typeid=i","cat":284697},{"id":128098,"n":"Cahier Openflex Oxford agrafe Jaune - 96 p - 21x29,7cm","p":2.3,"img":"https://fd9-photos.leclercdrive.fr/image.ashx?id=1924367&use=l&cat=p&typeid=i","cat":284697},{"id":128099,"n":"Cahier Openflex Oxford agrafe Violet - 96 p - 21x29,7cm","p":2.3,"img":"https://fd9-photos.leclercdrive.fr/image.ashx?id=1924370&use=l&cat=p&typeid=i","cat":284697},{"id":128100,"n":"Cahier Openflex Oxford agrafe Orange - 96 p - 21x29,7cm","p":2.3,"img":"https://fd9-photos.leclercdrive.fr/image.ashx?id=1924373&use=l&cat=p&typeid=i","cat":284697},{"id":128101,"n":"Cahier Openflex Oxford agrafe Rose - 96 p - 21x29,7cm","p":2.3,"img":"https://fd9-photos.leclercdrive.fr/image.ashx?id=1924376&use=l&cat=p&typeid=i","cat":284697},{"id":128102,"n":"Cahier Openflex Oxford agrafe Bleu ciel - 96 p - 21x29,7cm","p":2.3,"img":"https://fd9-photos.leclercdrive.fr/image.ashx?id=1924379&use=l&cat=p&typeid=i","cat":284697},{"id":128290,"n":"Pochettes plastification Pavo x100","p":16.15,"img":"https://fd9-photos.leclercdrive.fr/image.ashx?id=1918694&use=l&cat=p&typeid=i","cat":334133},{"id":128293,"n":"Pochettes plastification Pavo x25","p":3.58,"img":"https://fd9-photos.leclercdrive.fr/image.ashx?id=1919993&use=l&cat=p&typeid=i","cat":334133},{"id":128331,"n":"Surligneurs Stabilo Swing Cool Couleurs fluo assorties - x4","p":4.19,"img":"https://fd9-photos.leclercdrive.fr/image.ashx?id=2525276&use=l&cat=p&typeid=i","cat":284696},{"id":128412,"n":"Taille-crayons clean  Maped Bleu","p":1.35,"img":"https://fd9-photos.leclercdrive.fr/image.ashx?id=1925600&use=l&cat=p&typeid=i","cat":334133},{"id":128413,"n":"Taille-crayons clean  Maped Vert","p":1.35,"img":"https://fd9-photos.leclercdrive.fr/image.ashx?id=1925603&use=l&cat=p&typeid=i","cat":334133},{"id":128414,"n":"Taille-crayons clean  Maped Rose","p":1.35,"img":"https://fd9-photos.leclercdrive.fr/image.ashx?id=1925606&use=l&cat=p&typeid=i","cat":334133},{"id":128420,"n":"Gomme zenoa plus Maped Violet pastel","p":1.39,"img":"https://fd9-photos.leclercdrive.fr/image.ashx?id=1925624&use=l&cat=p&typeid=i","cat":334133},{"id":128422,"n":"Gomme zenoa plus Maped Bleu pastel","p":1.39,"img":"https://fd9-photos.leclercdrive.fr/image.ashx?id=1925630&use=l&cat=p&typeid=i","cat":334133},{"id":128423,"n":"Taille-crayons Maped Violet - color'peps","p":1.95,"img":"https://fd9-photos.leclercdrive.fr/image.ashx?id=1925633&use=l&cat=p&typeid=i","cat":334133},{"id":128424,"n":"Taille-crayons Maped Rouge - color'peps","p":1.95,"img":"https://fd9-photos.leclercdrive.fr/image.ashx?id=1925636&use=l&cat=p&typeid=i","cat":334133},{"id":128439,"n":"Taille-crayons croc croc Maped Rose","p":2.19,"img":"https://fd9-photos.leclercdrive.fr/image.ashx?id=1925675&use=l&cat=p&typeid=i","cat":334133},{"id":128441,"n":"Taille-crayons croc croc Maped Vert","p":2.19,"img":"https://fd9-photos.leclercdrive.fr/image.ashx?id=1925681&use=l&cat=p&typeid=i","cat":334133},{"id":128455,"n":"Stylo plume classic Maped Rose","p":3.31,"img":"https://fd9-photos.leclercdrive.fr/image.ashx?id=1925723&use=l&cat=p&typeid=i","cat":284696},{"id":128456,"n":"Stylo plume classic Maped Bleu","p":3.31,"img":"https://fd9-photos.leclercdrive.fr/image.ashx?id=1925726&use=l&cat=p&typeid=i","cat":284696},{"id":128462,"n":"Taille-crayons Maped Vert","p":2.54,"img":"https://fd9-photos.leclercdrive.fr/image.ashx?id=1925744&use=l&cat=p&typeid=i","cat":334133},{"id":128463,"n":"Taille-crayons Maped Rose","p":2.54,"img":"https://fd9-photos.leclercdrive.fr/image.ashx?id=1925747&use=l&cat=p&typeid=i","cat":334133},{"id":128464,"n":"Taille-crayons Maped Bleu","p":2.54,"img":"https://fd9-photos.leclercdrive.fr/image.ashx?id=1925750&use=l&cat=p&typeid=i","cat":334133},{"id":128887,"n":"Soda Coca-Cola Verre - 6x250ml","p":5.58,"u":"3,72 €/L","img":"https://fd9-photos.leclercdrive.fr/image.ashx?id=2444465&use=l&cat=p&typeid=i","cat":284530},{"id":128976,"n":"Sucre poudre Daddy 750g","p":1.66,"u":"2,21 €/KG","img":"https://fd9-photos.leclercdrive.fr/image.ashx?id=2944699&use=l&cat=p&typeid=i","cat":284502},{"id":129003,"n":"Lait infantile 1er âge Babybio  Optima 1 Bio - 800g","p":19.2,"u":"24,00 €/KG","img":"https://fd9-photos.leclercdrive.fr/image.ashx?id=2988433&use=l&cat=p&typeid=i","cat":284726},{"id":129009,"n":"Lait de croissance Babybio Bio En poudre caprea 3 - 800g","p":24.73,"u":"30,91 €/KG","img":"https://fd9-photos.leclercdrive.fr/image.ashx?id=2733343&use=l&cat=p&typeid=i","cat":290219},{"id":129038,"n":"Lait nature Croissance Eveil Bio - 6x1L","p":12.82,"u":"2,14 €/L","img":"https://fd9-photos.leclercdrive.fr/image.ashx?id=1915623&use=l&cat=p&typeid=i","cat":284728},{"id":129049,"n":"Haricots coco bio Jardin Bio Cuisinés - 680g","p":3.2,"u":"4,71 €/KG","img":"https://fd9-photos.leclercdrive.fr/image.ashx?id=2811200&use=l&cat=p&typeid=i","cat":312606},{"id":129050,"n":"Flocons avoine France bio  Terres et Céréales - 1kg","p":3.88,"u":"3,88 €/KG","img":"https://fd9-photos.leclercdrive.fr/image.ashx?id=2467832&use=l&cat=p&typeid=i","cat":309512},{"id":129059,"n":"Epinards Jardin Bio Bio - 630g","p":3.95,"u":"6,27 €/KG","img":"https://fd9-photos.leclercdrive.fr/image.ashx?id=2918928&use=l&cat=p&typeid=i","cat":312612},{"id":129106,"n":"Liqueur de Whisky Jack Daniel's Apple 70cL","p":19.95,"pp":17.95,"u":"25,64 €/L","img":"https://fd9-photos.leclercdrive.fr/image.ashx?id=2764586&use=l&cat=p&typeid=i","cat":286032},{"id":129131,"n":"Crème Solaire Lait Nivea Sun FPS 30 Protect&Bronze - 200ml","p":12.39,"u":"61,95 €/L","img":"https://fd9-photos.leclercdrive.fr/image.ashx?id=2750591&use=l&cat=p&typeid=i","cat":325355},{"id":129138,"n":"Ethylotest 0.2g/L  NF x1","p":0.96,"img":"https://fd9-photos.leclercdrive.fr/image.ashx?id=1916198&use=l&cat=p&typeid=i","cat":334880},{"id":129237,"n":"Baume Barbe Gillette 100ml","p":8.5,"pp":5.1,"u":"51,00 €/L","img":"https://fd9-photos.leclercdrive.fr/image.ashx?id=2655145&use=l&cat=p&typeid=i","cat":284622},{"id":129251,"n":"Madeleine Armor Délices x16+8 offerts - 792g","p":4.37,"u":"5,52 €/KG","img":"https://fd9-photos.leclercdrive.fr/image.ashx?id=2544278&use=l&cat=p&typeid=i","cat":284492},{"id":129306,"n":"Fleurs de Capre Florelli 270g","p":3.28,"u":"12,15 €/KG","img":"https://fd9-photos.leclercdrive.fr/image.ashx?id=2603450&use=l&cat=p&typeid=i","cat":289010},{"id":129395,"n":"Tablette Chocolat Lait Nestlé  L'Atelier Cranberries 170g","p":3.63,"u":"21,35 €/KG","img":"https://fd9-photos.leclercdrive.fr/image.ashx?id=2663051&use=l&cat=p&typeid=i","cat":284497},{"id":129396,"n":"Tablette Chocolat Lait Nestlé  L'atelier Raisins Amandes 170g","p":3.36,"u":"19,76 €/KG","img":"https://fd9-photos.leclercdrive.fr/image.ashx?id=2663048&use=l&cat=p&typeid=i","cat":284497},{"id":129476,"n":"Panés au Camembert Grand Fermage - x4 - 100g","p":2.47,"u":"24,70 €/KG","img":"https://fd9-photos.leclercdrive.fr/image.ashx?id=2645203&use=l&cat=p&typeid=i","cat":314027},{"id":129560,"n":"Filets cabillaud MSC 800g","p":11.98,"u":"14,98 €/KG","img":"https://fd9-photos.leclercdrive.fr/image.ashx?id=1983986&use=l&cat=p&typeid=i","cat":319786},{"id":129602,"n":"Lait demi-écrémé Grandlait Candia Bouteille - 6x25cl","p":4.36,"u":"2,91 €/L","img":"https://fd9-photos.leclercdrive.fr/image.ashx?id=2916189&use=l&cat=p&typeid=i","cat":284377},{"id":129630,"n":"Bâtonnets Trium Menthe - x4 - 290g","p":2.81,"u":"9,69 €/KG","img":"https://fd9-photos.leclercdrive.fr/image.ashx?id=2920794&use=l&cat=p&typeid=i","cat":284265},{"id":129725,"n":"Vinaigre alcool blanc 5L","p":4.9,"u":"0,98 €/L","img":"https://fd9-photos.leclercdrive.fr/image.ashx?id=2019009&use=l&cat=p&typeid=i","cat":325365},{"id":129739,"n":"AOP Côtes du Jura vin blanc Marcel Cabelier La Côte 39 75cl","p":11.9,"u":"15,87 €/L","img":"https://fd9-photos.leclercdrive.fr/image.ashx?id=2497469&use=l&cat=p&typeid=i","cat":289557},{"id":129779,"n":"Arrangé ananas Victoria 40%vol - 50cl","p":16.59,"u":"33,18 €/L","img":"https://fd9-photos.leclercdrive.fr/image.ashx?id=2321310&use=l&cat=p&typeid=i","cat":284551},{"id":129864,"n":"Crème glacée Ben and Jerry's  Half Baked - 406g","p":3.76,"u":"9,26 €/KG","img":"https://fd9-photos.leclercdrive.fr/image.ashx?id=3011941&use=l&cat=p&typeid=i","cat":284725},{"id":129923,"n":"Terrine à l'andouille Table de Guillaume - 190g","p":3.5,"u":"18,42 €/KG","img":"https://fd9-photos.leclercdrive.fr/image.ashx?id=1949819&use=l&cat=p&typeid=i","cat":305149},{"id":129926,"n":"Tripe au cidre du Pays d'Auge 800g","p":7.77,"u":"9,71 €/KG","img":"https://fd9-photos.leclercdrive.fr/image.ashx?id=2089172&use=l&cat=p&typeid=i","cat":284441},{"id":129957,"n":"AOP Côtes du Rhône rouge Combes de Saint Sauveur - BIB 3L","p":14.3,"u":"4,77 €/L","img":"https://fd9-photos.leclercdrive.fr/image.ashx?id=2985033&use=l&cat=p&typeid=i","cat":289560},{"id":129958,"n":"IGP Méditerrannée rosé Saint Sagnol 13% vol - 3L","p":11.83,"u":"3,94 €/L","img":"https://fd9-photos.leclercdrive.fr/image.ashx?id=2445106&use=l&cat=p&typeid=i","cat":289558},{"id":130253,"n":"Filets de maquereaux muscadet Bio - 3x120g","p":6.79,"u":"18,86 €/KG","img":"https://fd9-photos.leclercdrive.fr/image.ashx?id=2845341&use=l&cat=p&typeid=i","cat":303868},{"id":130285,"n":"Grissini artigianali Florelli Olives noires - 300g","p":2.34,"u":"7,80 €/KG","img":"https://fd9-photos.leclercdrive.fr/image.ashx?id=2475861&use=l&cat=p&typeid=i","cat":297000},{"id":130319,"n":"Mini pots Häagen-Dazs  Fruit Collection x4 - 326g","p":5.09,"u":"15,61 €/KG","img":"https://fd9-photos.leclercdrive.fr/image.ashx?id=3000159&use=l&cat=p&typeid=i","cat":284725},{"id":130334,"n":"Lessive liquide bébé Epsil 25 lavages - 1.25L","p":3.88,"u":"3,10 €/L","img":"https://fd9-photos.leclercdrive.fr/image.ashx?id=2838939&use=l&cat=p&typeid=i","cat":284640},{"id":130347,"n":"Bâtonnets Trium Caramel Beurre Salé x4 - 288g","p":2.93,"u":"10,17 €/KG","img":"https://fd9-photos.leclercdrive.fr/image.ashx?id=2920788&use=l&cat=p&typeid=i","cat":284265},{"id":130348,"n":"Bâtonnets Trium chocolat au  Lait biscuit cacaoté x4- 290g","p":2.99,"u":"10,31 €/KG","img":"https://fd9-photos.leclercdrive.fr/image.ashx?id=2791341&use=l&cat=p&typeid=i","cat":284265},{"id":130354,"n":"Bac Sorbet Fraise Bio Village Bio - 585g","p":4.6,"u":"7,86 €/KG","img":"https://fd9-photos.leclercdrive.fr/image.ashx?id=2161103&use=l&cat=p&typeid=i","cat":284263},{"id":130408,"n":"Cahier de musique Esquisse Orange - 48 pages 24x32cm","p":1.99,"img":"https://fd9-photos.leclercdrive.fr/image.ashx?id=1936215&use=l&cat=p&typeid=i","cat":284697},{"id":130409,"n":"Cahier de musique Esquisse Blanc - 48 pages 24x32cm","p":1.99,"img":"https://fd9-photos.leclercdrive.fr/image.ashx?id=1936218&use=l&cat=p&typeid=i","cat":284697},{"id":130461,"n":"Bière blonde sans alcool 1664 0,0° - 6x25cl","p":3.68,"u":"2,45 €/L","img":"https://fd9-photos.leclercdrive.fr/image.ashx?id=2120656&use=l&cat=p&typeid=i","cat":334877},{"id":130613,"n":"Agrafeuse Maped Argent 24/6 400 agraphes","p":6.63,"img":"https://fd9-photos.leclercdrive.fr/image.ashx?id=1938234&use=l&cat=p&typeid=i","cat":334133},{"id":130615,"n":"Perforatrice 2 trous Esquisse Rouge - x1","p":2.59,"img":"https://fd9-photos.leclercdrive.fr/image.ashx?id=1936287&use=l&cat=p&typeid=i","cat":334133},{"id":130616,"n":"Perforatrice 2 trous Esquisse Rose - x1","p":2.59,"img":"https://fd9-photos.leclercdrive.fr/image.ashx?id=1936290&use=l&cat=p&typeid=i","cat":334133},{"id":130617,"n":"Perforatrice 2 trous Esquisse Bleu - x1","p":2.59,"img":"https://fd9-photos.leclercdrive.fr/image.ashx?id=1936293&use=l&cat=p&typeid=i","cat":334133},{"id":130621,"n":"Agrafeuse Maped Taupe 24/6 400 agraphes","p":6.63,"img":"https://fd9-photos.leclercdrive.fr/image.ashx?id=1875164&use=l&cat=p&typeid=i","cat":334133},{"id":130626,"n":"Taille-crayon Maped Jaune réservoir Croc Croc","p":1.29,"img":"https://fd9-photos.leclercdrive.fr/image.ashx?id=1938237&use=l&cat=p&typeid=i","cat":334133},{"id":130629,"n":"Dés de Mimolette et Gouda Petit Marché - 120g","p":2.35,"u":"19,58 €/KG","img":"https://fd9-photos.leclercdrive.fr/image.ashx?id=2189372&use=l&cat=p&typeid=i","cat":314027},{"id":130688,"n":"Lubrifiant Essence Total Quartz 7000 10w-40 - 5L","p":26.9,"pp":18.83,"u":"3,77 €/L","img":"https://fd9-photos.leclercdrive.fr/image.ashx?id=2602566&use=l&cat=p&typeid=i","cat":298253},{"id":130689,"n":"Lubrifiant Essence Total Quartz 9000 5w-40 - 5L","p":37.9,"pp":26.53,"u":"5,31 €/L","img":"https://fd9-photos.leclercdrive.fr/image.ashx?id=3014515&use=l&cat=p&typeid=i","cat":298253},{"id":130691,"n":"Lubrifiant Total Quartz 7000 10w-40 diesel - 5L","p":26.9,"pp":18.83,"u":"3,77 €/L","img":"https://fd9-photos.leclercdrive.fr/image.ashx?id=3014518&use=l&cat=p&typeid=i","cat":298253},{"id":130717,"n":"Spaghetti courts Lustucru 3 min - 500g","p":1.38,"u":"2,76 €/KG","img":"https://fd9-photos.leclercdrive.fr/image.ashx?id=2023167&use=l&cat=p&typeid=i","cat":284427},{"id":130722,"n":"20 pinces a linge renforcees 1 pièce","p":2.49,"img":"https://fd9-photos.leclercdrive.fr/image.ashx?id=1932474&use=l&cat=p&typeid=i","cat":335909},{"id":130744,"n":"Nouilles aux oeufs Suzi Wan 250g","p":1.7,"u":"6,80 €/KG","img":"https://fd9-photos.leclercdrive.fr/image.ashx?id=2892928&use=l&cat=p&typeid=i","cat":288992},{"id":130752,"n":"Maquereau Petit Navire 175g Vin blanc et aromates - 175g","p":2.1,"u":"12,00 €/KG","img":"https://fd9-photos.leclercdrive.fr/image.ashx?id=2989063&use=l&cat=p&typeid=i","cat":303868},{"id":130755,"n":"Maquereau Moutarde PETIT NAVIRE Moutarde sans arome ajouté 169g","p":1.76,"u":"10,41 €/KG","img":"https://fd9-photos.leclercdrive.fr/image.ashx?id=2989060&use=l&cat=p&typeid=i","cat":303868},{"id":130776,"n":"Confiture  Bonne Maman Fraise framboise intenses 335g","p":2.47,"u":"7,37 €/KG","img":"https://fd9-photos.leclercdrive.fr/image.ashx?id=2396378&use=l&cat=p&typeid=i","cat":284480},{"id":130783,"n":"Cidre rosé Ecusson 75 cl","p":2.89,"u":"3,85 €/L","img":"https://fd9-photos.leclercdrive.fr/image.ashx?id=2687839&use=l&cat=p&typeid=i","cat":334880},{"id":130784,"n":"Crème colorante Eugène Color N°15","p":3.68,"img":"https://fd9-photos.leclercdrive.fr/image.ashx?id=2476455&use=l&cat=p&typeid=i","cat":288899},{"id":130788,"n":"Tablette chocolat au lait Eco+ Ménage - 5x100g","p":3.49,"u":"6,98 €/KG","img":"https://fd9-photos.leclercdrive.fr/image.ashx?id=2746778&use=l&cat=p&typeid=i","cat":284497},{"id":130789,"n":"Préparation Gâteau alsa Moelleux Nature - 435g","p":2.19,"u":"5,03 €/KG","img":"https://fd9-photos.leclercdrive.fr/image.ashx?id=2996431&use=l&cat=p&typeid=i","cat":284505},{"id":130790,"n":"Préparation Gâteau alsa Moelleux Chocolat - 435g","p":2.19,"u":"5,03 €/KG","img":"https://fd9-photos.leclercdrive.fr/image.ashx?id=2996434&use=l&cat=p&typeid=i","cat":284505},{"id":130800,"n":"Plateau Raclette 3 fromages NRT 550g","p":10.95,"u":"19,91 €/KG","img":"https://fd9-photos.leclercdrive.fr/image.ashx?id=2321796&use=l&cat=p&typeid=i","cat":314037},{"id":130804,"n":"Préparation Gâteau alsa Fondant au Chocolat - 435g","p":2.62,"u":"8,19 €/KG","img":"https://fd9-photos.leclercdrive.fr/image.ashx?id=2996437&use=l&cat=p&typeid=i","cat":284505},{"id":130805,"n":"Nappage Sainte Lucie Chocolat - 200g","p":2.98,"u":"14,90 €/KG","img":"https://fd9-photos.leclercdrive.fr/image.ashx?id=2776121&use=l&cat=p&typeid=i","cat":284504},{"id":130806,"n":"Nappage Sainte Lucie Caramel beurre salé - 180g","p":3.01,"u":"16,72 €/KG","img":"https://fd9-photos.leclercdrive.fr/image.ashx?id=2144098&use=l&cat=p&typeid=i","cat":284504},{"id":130816,"n":"Dentifrice Zendium Protection complète - 75ml","p":2.93,"img":"https://fd9-photos.leclercdrive.fr/image.ashx?id=2927711&use=l&cat=p&typeid=i","cat":284612},{"id":130820,"n":"Spray habitat bio So Bio Etic Purifiant assainissant - 200ml","p":10.04,"u":"50,20 €/L","img":"https://fd9-photos.leclercdrive.fr/image.ashx?id=2799922&use=l&cat=p&typeid=i","cat":311626},{"id":130857,"n":"Truite fumée de france Ovive 100g","p":3.37,"u":"33,70 €/KG","img":"https://fd9-photos.leclercdrive.fr/image.ashx?id=2902061&use=l&cat=p&typeid=i","cat":285188},{"id":130881,"n":"Bâtonnets Côte d'Or Vanille x4 - 260g","p":4.25,"u":"16,35 €/KG","img":"https://fd9-photos.leclercdrive.fr/image.ashx?id=2844573&use=l&cat=p&typeid=i","cat":284265},{"id":130916,"n":"Poudre à lever Bio Sainte Lucie 5x10g","p":1.98,"u":"39,60 €/KG","img":"https://fd9-photos.leclercdrive.fr/image.ashx?id=2774370&use=l&cat=p&typeid=i","cat":284504},{"id":130918,"n":"Lait bébé poudre Guigoz Evolia  2ème âge - 6-12 mois - 800g","p":14.31,"u":"17,89 €/KG","img":"https://fd9-photos.leclercdrive.fr/image.ashx?id=2737111&use=l&cat=p&typeid=i","cat":284727},{"id":130931,"n":"Dés emmental Petit Marché 120g","p":2.4,"u":"20,00 €/KG","img":"https://fd9-photos.leclercdrive.fr/image.ashx?id=2324483&use=l&cat=p&typeid=i","cat":314027},{"id":130935,"n":"Dés fromage Petit Marché Chèvre - 120g","p":3.2,"u":"26,67 €/KG","img":"https://fd9-photos.leclercdrive.fr/image.ashx?id=2195332&use=l&cat=p&typeid=i","cat":314027},{"id":130937,"n":"Dés Fromage Méditerranéen Petit Marché 120g","p":2.7,"u":"22,50 €/KG","img":"https://fd9-photos.leclercdrive.fr/image.ashx?id=2263733&use=l&cat=p&typeid=i","cat":314027},{"id":130939,"n":"Dés Cheddar Petit Marché - 120g","p":2.5,"u":"20,83 €/KG","img":"https://fd9-photos.leclercdrive.fr/image.ashx?id=2303612&use=l&cat=p&typeid=i","cat":314027},{"id":130951,"n":"Chips banane plantain Samai Salée - 75g","p":1.21,"u":"16,13 €/KG","img":"https://fd9-photos.leclercdrive.fr/image.ashx?id=2794982&use=l&cat=p&typeid=i","cat":284447},{"id":131098,"n":"Bloc  perforé Rhodia - 160p Noir - 21x31.8cm - x1","p":3.3,"img":"https://fd9-photos.leclercdrive.fr/image.ashx?id=1938324&use=l&cat=p&typeid=i","cat":284697},{"id":131099,"n":"Bloc  perforé Rhodia - 160p Orange - 21x31.8cm - x1","p":3.3,"img":"https://fd9-photos.leclercdrive.fr/image.ashx?id=1938327&use=l&cat=p&typeid=i","cat":284697},{"id":131144,"n":"Recharge adhésive 36 feuilles 2 rouleaux","p":2.59,"u":"1,30 €/P","img":"https://fd9-photos.leclercdrive.fr/image.ashx?id=1937818&use=l&cat=p&typeid=i","cat":284669},{"id":131150,"n":"Manche rétractable 1 pièce","p":2.72,"img":"https://fd9-photos.leclercdrive.fr/image.ashx?id=1937809&use=l&cat=p&typeid=i","cat":284669},{"id":131153,"n":"Serviettes 40cm 3 plis Ardence Grises - x20","p":1.38,"u":"0,07 €/P","img":"https://fd9-photos.leclercdrive.fr/image.ashx?id=1937803&use=l&cat=p&typeid=i","cat":334134},{"id":131154,"n":"Set aéroport 1 pièce","p":8.79,"img":"https://fd9-photos.leclercdrive.fr/image.ashx?id=1937842&use=l&cat=p&typeid=i","cat":284669},{"id":131192,"n":"Croquettes chien Ultima Nature  Poulet - 3kg","p":11.62,"u":"3,87 €/KG","img":"https://fd9-photos.leclercdrive.fr/image.ashx?id=2593167&use=l&cat=p&typeid=i","cat":284672},{"id":131205,"n":"Cahier Esquisse - 96 pages Bleu clair - 21x29.7cm","p":1.1,"img":"https://fd9-photos.leclercdrive.fr/image.ashx?id=1942998&use=l&cat=p&typeid=i","cat":284697},{"id":131206,"n":"Cahier Esquisse - 96 pages Bleu - 21x29.7cm","p":1.1,"img":"https://fd9-photos.leclercdrive.fr/image.ashx?id=1943001&use=l&cat=p&typeid=i","cat":284697},{"id":131243,"n":"AOC Crémant de Limoux Brut  rosé Aguila - 75cl","p":7.27,"pp":5.45,"u":"7,27 €/L","img":"https://fd9-photos.leclercdrive.fr/image.ashx?id=2792246&use=l&cat=p&typeid=i","cat":284544},{"id":131388,"n":"Capsules Starbucks by Nespresso  Colombia Int 7 - x10","p":3.29,"u":"57,72 €/KG","img":"https://fd9-photos.leclercdrive.fr/image.ashx?id=2868152&use=l&cat=p&typeid=i","cat":284749},{"id":131390,"n":"Capsules Starbucks by Nespresso  House Blend Int 8 - x10","p":3.29,"u":"57,72 €/KG","img":"https://fd9-photos.leclercdrive.fr/image.ashx?id=2868143&use=l&cat=p&typeid=i","cat":284749},{"id":131395,"n":"Capsules Starbucks by Nespresso  Espresso Décaf Int 11 - x10","p":3.98,"u":"0,40 €/P","img":"https://fd9-photos.leclercdrive.fr/image.ashx?id=2945778&use=l&cat=p&typeid=i","cat":284749},{"id":131397,"n":"Capsules Starbucks by Nespresso  Sumatra Int 10 - x10","p":3.71,"u":"0,37 €/P","img":"https://fd9-photos.leclercdrive.fr/image.ashx?id=2945772&use=l&cat=p&typeid=i","cat":284749},{"id":131399,"n":"Café Capsules NESPRESSO int 7 Starbucks Pike Place Roast x10","p":3.71,"u":"70,00 €/KG","img":"https://fd9-photos.leclercdrive.fr/image.ashx?id=2945775&use=l&cat=p&typeid=i","cat":284749},{"id":131424,"n":"Capsules Starbucks by Nespresso  Blonde Espresso Int 6 - x10","p":3.19,"u":"60,19 €/KG","img":"https://fd9-photos.leclercdrive.fr/image.ashx?id=2868146&use=l&cat=p&typeid=i","cat":284749},{"id":131426,"n":"Capsules Starbucks by Nespresso  Espresso Roast Int 11 - x10","p":3.29,"u":"57,72 €/KG","img":"https://fd9-photos.leclercdrive.fr/image.ashx?id=2868149&use=l&cat=p&typeid=i","cat":284749},{"id":131428,"n":"Capsules Starbucks by Nespresso  Verona Int 10 - x10","p":3.71,"u":"65,09 €/KG","img":"https://fd9-photos.leclercdrive.fr/image.ashx?id=2945769&use=l&cat=p&typeid=i","cat":284749},{"id":131431,"n":"Café Capsules by DOLCE GUSTO Starbucks Caramel Macchiato 2x6","p":4.39,"u":"34,57 €/KG","img":"https://fd9-photos.leclercdrive.fr/image.ashx?id=2966785&use=l&cat=p&typeid=i","cat":293239},{"id":131625,"n":"Thé glacé Fuze Tea  Menthe Citron vert - 1,25L","p":1.57,"u":"1,26 €/L","img":"https://fd9-photos.leclercdrive.fr/image.ashx?id=2940402&use=l&cat=p&typeid=i","cat":295019},{"id":131643,"n":"Bière Corsendonk rousse 33cl","p":1.78,"u":"5,39 €/L","img":"https://fd9-photos.leclercdrive.fr/image.ashx?id=1941947&use=l&cat=p&typeid=i","cat":334852},{"id":131647,"n":"Cahier Esquisse - 192p Bleu clair - 21x29.7cm","p":3.39,"img":"https://fd9-photos.leclercdrive.fr/image.ashx?id=1940411&use=l&cat=p&typeid=i","cat":284697},{"id":131648,"n":"Cahier Esquisse Grands carreaux Bleu 21x29.7cm 192 pages","p":3.39,"img":"https://fd9-photos.leclercdrive.fr/image.ashx?id=1940414&use=l&cat=p&typeid=i","cat":284697},{"id":131652,"n":"Cahier Esquisse Grands carreaux Jaune 21x29.7cm 96 pages","p":1.1,"img":"https://fd9-photos.leclercdrive.fr/image.ashx?id=1940426&use=l&cat=p&typeid=i","cat":284697},{"id":131777,"n":"Ananas en morceaux Eco+ Sirop léger - 340 g","p":1.01,"u":"2,81 €/KG","img":"https://fd9-photos.leclercdrive.fr/image.ashx?id=2655574&use=l&cat=p&typeid=i","cat":284507},{"id":131782,"n":"Abricots demi-fruits Eco+ Sirop léger - 475 g","p":1.79,"u":"3,77 €/KG","img":"https://fd9-photos.leclercdrive.fr/image.ashx?id=1942512&use=l&cat=p&typeid=i","cat":284507},{"id":131786,"n":"Café Dolce Gusto Plantation Décaféiné N°5 - x16 - 106g","p":3.39,"u":"31,98 €/KG","img":"https://fd9-photos.leclercdrive.fr/image.ashx?id=2649741&use=l&cat=p&typeid=i","cat":293239},{"id":131790,"n":"Barres céréales Eco+ Chocolat & cacahuètes x6 - 126g","p":0.71,"u":"5,63 €/KG","img":"https://fd9-photos.leclercdrive.fr/image.ashx?id=2791209&use=l&cat=p&typeid=i","cat":285869},{"id":131794,"n":"Betteraves rouges 3x130g","p":1.79,"u":"4,59 €/KG","img":"https://fd9-photos.leclercdrive.fr/image.ashx?id=2537848&use=l&cat=p&typeid=i","cat":312611},{"id":131799,"n":"Boules de céréales Eco+ Au chocolat - 750g","p":2.97,"u":"3,96 €/KG","img":"https://fd9-photos.leclercdrive.fr/image.ashx?id=2772948&use=l&cat=p&typeid=i","cat":309513},{"id":131801,"n":"Bonbons tendres aux fruits Eco + - 500g","p":1.99,"u":"3,98 €/KG","img":"https://fd9-photos.leclercdrive.fr/image.ashx?id=2729266&use=l&cat=p&typeid=i","cat":304250},{"id":131802,"n":"Boules céréales miel P'tit Déli 400g","p":2.33,"u":"5,83 €/KG","img":"https://fd9-photos.leclercdrive.fr/image.ashx?id=2183110&use=l&cat=p&typeid=i","cat":309513},{"id":131806,"n":"Céréales fourrées P'tit Déli Chocolat au lait - 450g","p":2.45,"u":"5,44 €/KG","img":"https://fd9-photos.leclercdrive.fr/image.ashx?id=2835211&use=l&cat=p&typeid=i","cat":309513},{"id":131807,"n":"Choucroute garnie 800g","p":2.17,"u":"2,71 €/KG","img":"https://fd9-photos.leclercdrive.fr/image.ashx?id=2826894&use=l&cat=p&typeid=i","cat":284441},{"id":131809,"n":"Chocolat noir dégustation 100g","p":1.0,"u":"10,00 €/KG","img":"https://fd9-photos.leclercdrive.fr/image.ashx?id=2858375&use=l&cat=p&typeid=i","cat":284956},{"id":131811,"n":"Chicorée café Eco+ Soluble - 200g","p":2.06,"u":"10,30 €/KG","img":"https://fd9-photos.leclercdrive.fr/image.ashx?id=2791200&use=l&cat=p&typeid=i","cat":284843},{"id":131814,"n":"Confiture Eco+ Fraise - 1kg","p":2.3,"u":"2,30 €/KG","img":"https://fd9-photos.leclercdrive.fr/image.ashx?id=2953197&use=l&cat=p&typeid=i","cat":284480},{"id":131815,"n":"Crackers 2x100g","p":0.63,"u":"3,15 €/KG","img":"https://fd9-photos.leclercdrive.fr/image.ashx?id=2995737&use=l&cat=p&typeid=i","cat":297000},{"id":131816,"n":"Couscous boulettes volaille 1050g","p":3.1,"u":"2,95 €/KG","img":"https://fd9-photos.leclercdrive.fr/image.ashx?id=2807273&use=l&cat=p&typeid=i","cat":325094},{"id":131818,"n":"Céréales Corn Flakes Eco+ Nature - 750g","p":1.9,"u":"2,53 €/KG","img":"https://fd9-photos.leclercdrive.fr/image.ashx?id=2711589&use=l&cat=p&typeid=i","cat":309513},{"id":131820,"n":"Corn Flackes sucrés 400g","p":1.74,"u":"4,35 €/KG","img":"https://fd9-photos.leclercdrive.fr/image.ashx?id=2688764&use=l&cat=p&typeid=i","cat":309513},{"id":131821,"n":"Croissants Eco+ x10 - 400g","p":1.45,"u":"3,63 €/KG","img":"https://fd9-photos.leclercdrive.fr/image.ashx?id=2922914&use=l&cat=p&typeid=i","cat":296366},{"id":131822,"n":"Delicioso format familial x10 - 350g","p":2.52,"u":"7,20 €/KG","img":"https://fd9-photos.leclercdrive.fr/image.ashx?id=1942584&use=l&cat=p&typeid=i","cat":284495},{"id":131823,"n":"Gratin dauphinois 850g","p":1.35,"u":"1,59 €/KG","img":"https://fd9-photos.leclercdrive.fr/image.ashx?id=2841747&use=l&cat=p&typeid=i","cat":284441},{"id":131824,"n":"Marshmallows 200g","p":0.79,"u":"3,95 €/KG","img":"https://fd9-photos.leclercdrive.fr/image.ashx?id=2761289&use=l&cat=p&typeid=i","cat":304250},{"id":131825,"n":"Mais croquant Eco+ 3x140g","p":1.66,"u":"3,95 €/KG","img":"https://fd9-photos.leclercdrive.fr/image.ashx?id=3003741&use=l&cat=p&typeid=i","cat":312611},{"id":131826,"n":"Miettes thon à la tomate Eco + 160g","p":0.77,"u":"4,81 €/KG","img":"https://fd9-photos.leclercdrive.fr/image.ashx?id=2751856&use=l&cat=p&typeid=i","cat":303867},{"id":131827,"n":"Mouliné aux 8 légumes Eco+ 1L","p":0.9,"u":"0,90 €/L","img":"https://fd9-photos.leclercdrive.fr/image.ashx?id=2768451&use=l&cat=p&typeid=i","cat":284462},{"id":131828,"n":"Miel de fleurs  Massif du Jura NRT - 375g","p":6.49,"u":"17,31 €/KG","img":"https://fd9-photos.leclercdrive.fr/image.ashx?id=2771417&use=l&cat=p&typeid=i","cat":287643},{"id":131831,"n":"Pâté de campagne Eco+ 3x78g","p":1.31,"u":"5,60 €/KG","img":"https://fd9-photos.leclercdrive.fr/image.ashx?id=2342719&use=l&cat=p&typeid=i","cat":305149},{"id":131832,"n":"Olives vertes dénoyautées 490g","p":2.52,"u":"5,14 €/KG","img":"https://fd9-photos.leclercdrive.fr/image.ashx?id=1942575&use=l&cat=p&typeid=i","cat":284458},{"id":131833,"n":"Olives vertes réduite en sel Dénoyautées - 160g","p":1.69,"u":"10,56 €/KG","img":"https://fd9-photos.leclercdrive.fr/image.ashx?id=1942587&use=l&cat=p&typeid=i","cat":284458},{"id":131836,"n":"Pêches demi-fruits Eco+ Sirop léger - 465 g","p":1.4,"u":"3,01 €/KG","img":"https://fd9-photos.leclercdrive.fr/image.ashx?id=2655571&use=l&cat=p&typeid=i","cat":284507},{"id":131837,"n":"Petit pain grillé Bio Village Bio - 225g","p":1.35,"u":"6,00 €/KG","img":"https://fd9-photos.leclercdrive.fr/image.ashx?id=2595125&use=l&cat=p&typeid=i","cat":284479},{"id":131861,"n":"Sticks salés sachet Eco+ 250g","p":0.57,"u":"2,28 €/KG","img":"https://fd9-photos.leclercdrive.fr/image.ashx?id=2664572&use=l&cat=p&typeid=i","cat":297000},{"id":131864,"n":"Potage déshydratée Eco + poireaux pommes de terre 74g","p":0.59,"u":"7,97 €/KG","img":"https://fd9-photos.leclercdrive.fr/image.ashx?id=2656378&use=l&cat=p&typeid=i","cat":284463},{"id":132001,"n":"Verrines Hénaff Campagne/Canard - 3x180g","p":6.49,"u":"12,02 €/KG","img":"https://fd9-photos.leclercdrive.fr/image.ashx?id=2277887&use=l&cat=p&typeid=i","cat":305149},{"id":132005,"n":"Verrines Hénaff Camp./Lapin/P.Hénaff - 3x180g","p":6.49,"u":"12,02 €/KG","img":"https://fd9-photos.leclercdrive.fr/image.ashx?id=2407628&use=l&cat=p&typeid=i","cat":305149},{"id":132067,"n":"Mayonnaise Rustica 830g","p":3.59,"u":"4,33 €/KG","img":"https://fd9-photos.leclercdrive.fr/image.ashx?id=2994827&use=l&cat=p&typeid=i","cat":298295},{"id":132069,"n":"Sauce Samourai Rustica 840g","p":3.79,"u":"4,51 €/KG","img":"https://fd9-photos.leclercdrive.fr/image.ashx?id=1944261&use=l&cat=p&typeid=i","cat":318431},{"id":132070,"n":"Sauce Frites Rustica 919g","p":3.59,"u":"3,91 €/KG","img":"https://fd9-photos.leclercdrive.fr/image.ashx?id=1944264&use=l&cat=p&typeid=i","cat":318431},{"id":132072,"n":"Sauce Burger Rustica 850g","p":3.79,"u":"4,46 €/KG","img":"https://fd9-photos.leclercdrive.fr/image.ashx?id=1944270&use=l&cat=p&typeid=i","cat":318431},{"id":132073,"n":"Huile de Friture Rustica 5L","p":11.99,"u":"2,40 €/L","img":"https://fd9-photos.leclercdrive.fr/image.ashx?id=2916716&use=l&cat=p&typeid=i","cat":284453},{"id":132087,"n":"Fromage de Brebis Les Croisés - Tranche - 100g","p":1.29,"u":"12,90 €/KG","img":"https://fd9-photos.leclercdrive.fr/image.ashx?id=2655716&use=l&cat=p&typeid=i","cat":314031},{"id":132088,"n":"Sauce Barilla Tomates Cuisinées - 400g","p":1.71,"u":"4,28 €/KG","img":"https://fd9-photos.leclercdrive.fr/image.ashx?id=2832527&use=l&cat=p&typeid=i","cat":287599},{"id":132109,"n":"Batonnets de glace Nuii Mangue d'Inde et Noix de Coco  x4","p":4.44,"u":"15,52 €/KG","img":"https://fd9-photos.leclercdrive.fr/image.ashx?id=2506825&use=l&cat=p&typeid=i","cat":284265},{"id":132145,"n":"Langues de chat Karelea x36 - 100g","p":2.6,"u":"26,00 €/KG","img":"https://fd9-photos.leclercdrive.fr/image.ashx?id=2887902&use=l&cat=p&typeid=i","cat":318651},{"id":132153,"n":"Bâtonnets Trium Cacahuètes x4 - 306g","p":3.52,"u":"11,50 €/KG","img":"https://fd9-photos.leclercdrive.fr/image.ashx?id=1944733&use=l&cat=p&typeid=i","cat":284265},{"id":132154,"n":"Bâtonnets Trium Trois chocolats x4 - 282g","p":3.29,"u":"11,54 €/KG","img":"https://fd9-photos.leclercdrive.fr/image.ashx?id=2920800&use=l&cat=p&typeid=i","cat":284265},{"id":132165,"n":"Sorbet Eskiss Citron jaune - 650g","p":2.41,"u":"3,71 €/KG","img":"https://fd9-photos.leclercdrive.fr/image.ashx?id=2982664&use=l&cat=p&typeid=i","cat":284263},{"id":132167,"n":"Bac Eskiss Sorbet Framboise - 650g","p":4.01,"u":"6,17 €/KG","img":"https://fd9-photos.leclercdrive.fr/image.ashx?id=1959214&use=l&cat=p&typeid=i","cat":284263},{"id":132180,"n":"Petits pots bébé P'TITE RECETTE Tajine de poulet 12M+ - 2x200g","p":2.38,"u":"5,95 €/KG","img":"https://fd9-photos.leclercdrive.fr/image.ashx?id=2525720&use=l&cat=p&typeid=i","cat":312237},{"id":132234,"n":"Flocons d'avoine Grainea 500g","p":0.84,"u":"1,68 €/KG","img":"https://fd9-photos.leclercdrive.fr/image.ashx?id=2919655&use=l&cat=p&typeid=i","cat":309512},{"id":132243,"n":"Lessive liquide couleur Epsil 25 lavages - 1.25L","p":2.54,"u":"2,03 €/L","img":"https://fd9-photos.leclercdrive.fr/image.ashx?id=2933449&use=l&cat=p&typeid=i","cat":284640},{"id":132285,"n":"Feta grecque AOP Les Croisés - Tranche - 150g","p":1.84,"u":"12,27 €/KG","img":"https://fd9-photos.leclercdrive.fr/image.ashx?id=2688312&use=l&cat=p&typeid=i","cat":314026},{"id":132290,"n":"Huile d'Olive Carapelli Extra Vierge Classico - 75cl","p":10.82,"u":"14,43 €/L","img":"https://fd9-photos.leclercdrive.fr/image.ashx?id=2737480&use=l&cat=p&typeid=i","cat":284453},{"id":132330,"n":"Ail semoule Eco + 54g","p":0.79,"u":"14,63 €/KG","img":"https://fd9-photos.leclercdrive.fr/image.ashx?id=2717249&use=l&cat=p&typeid=i","cat":298297},{"id":132342,"n":"Tablette de chocolat Eco+ Blanc - 4x100g","p":3.67,"u":"9,18 €/KG","img":"https://fd9-photos.leclercdrive.fr/image.ashx?id=2661927&use=l&cat=p&typeid=i","cat":284957},{"id":132348,"n":"Delir' Pik Haribo Sachet bonbons acidulés - 275g","p":1.9,"u":"6,91 €/KG","img":"https://fd9-photos.leclercdrive.fr/image.ashx?id=2984904&use=l&cat=p&typeid=i","cat":304250},{"id":132368,"n":"Repas bébé Blédichef 15 mois Pâtes sauce tomate jambon -250g","p":1.89,"u":"7,56 €/KG","img":"https://fd9-photos.leclercdrive.fr/image.ashx?id=2643743&use=l&cat=p&typeid=i","cat":312238},{"id":132369,"n":"Repas bébé Blédichef 24 mois  Pâtes légumes cabillaud - 250g","p":1.92,"u":"7,68 €/KG","img":"https://fd9-photos.leclercdrive.fr/image.ashx?id=2644725&use=l&cat=p&typeid=i","cat":312238},{"id":132383,"n":"Crème colorante Eugène Color Blond doré N°24 - 1 pièce","p":3.68,"img":"https://fd9-photos.leclercdrive.fr/image.ashx?id=2476458&use=l&cat=p&typeid=i","cat":288899},{"id":132393,"n":"Lait croissance Guigoz Optipro En poudre - dès 18 mois - 900g","p":10.45,"u":"11,61 €/KG","img":"https://fd9-photos.leclercdrive.fr/image.ashx?id=2517589&use=l&cat=p&typeid=i","cat":290219},{"id":132414,"n":"Quarts de Chaume moelleux Vin France Château Bellerive - 50cl","p":16.95,"u":"22,60 €/L","img":"https://fd9-photos.leclercdrive.fr/image.ashx?id=1950401&use=l&cat=p&typeid=i","cat":289557},{"id":132429,"n":"Muscat de Rivesaltes 2019 Château de Saint Roch - 50cl","p":6.15,"u":"12,30 €/L","img":"https://fd9-photos.leclercdrive.fr/image.ashx?id=1953359&use=l&cat=p&typeid=i","cat":289557},{"id":132487,"n":"Gel déboucheur Syphon Javel soude - 1L","p":1.36,"u":"1,36 €/L","img":"https://fd9-photos.leclercdrive.fr/image.ashx?id=2202476&use=l&cat=p&typeid=i","cat":284908},{"id":132572,"n":"AOP Saumur Mousseux Brut Lacheteau Origine - 75cl","p":5.7,"u":"7,60 €/L","img":"https://fd9-photos.leclercdrive.fr/image.ashx?id=2960768&use=l&cat=p&typeid=i","cat":284545},{"id":132581,"n":"Céréales soufflé P'tit Déli Au chocolat - 400g","p":2.37,"u":"5,93 €/KG","img":"https://fd9-photos.leclercdrive.fr/image.ashx?id=2811875&use=l&cat=p&typeid=i","cat":309513},{"id":132585,"n":"Skyr Yoplait  Nature 0%Mg - 4x100g","p":2.03,"u":"5,08 €/KG","img":"https://fd9-photos.leclercdrive.fr/image.ashx?id=2884435&use=l&cat=p&typeid=i","cat":315000},{"id":132601,"n":"Fan of Pik Haribo  Sachet bonbons acidulés - 200g","p":1.83,"u":"9,15 €/KG","img":"https://fd9-photos.leclercdrive.fr/image.ashx?id=2789766&use=l&cat=p&typeid=i","cat":304250},{"id":132603,"n":"Fromage Abondance NRT AOP 250g","p":4.29,"u":"17,16 €/KG","img":"https://fd9-photos.leclercdrive.fr/image.ashx?id=2472686&use=l&cat=p&typeid=i","cat":314034},{"id":132625,"n":"Batônnets Trium Vanille Fruits rouge x4 - 286g","p":2.64,"u":"9,23 €/KG","img":"https://fd9-photos.leclercdrive.fr/image.ashx?id=2920782&use=l&cat=p&typeid=i","cat":284265},{"id":132629,"n":"Pétales de blé P'tit Déli Au chocolat - 400g","p":2.17,"u":"5,43 €/KG","img":"https://fd9-photos.leclercdrive.fr/image.ashx?id=2765846&use=l&cat=p&typeid=i","cat":309513},{"id":132630,"n":"Sorbet Eskiss Pomme - 650g","p":2.49,"u":"3,83 €/KG","img":"https://fd9-photos.leclercdrive.fr/image.ashx?id=2982670&use=l&cat=p&typeid=i","cat":284263},{"id":132631,"n":"Sorbet Eskiss Poire - 650g","p":2.11,"u":"3,25 €/KG","img":"https://fd9-photos.leclercdrive.fr/image.ashx?id=2983826&use=l&cat=p&typeid=i","cat":284263},{"id":132633,"n":"Bac sorbet Eskiss Citron vert - 650g","p":2.61,"u":"4,02 €/KG","img":"https://fd9-photos.leclercdrive.fr/image.ashx?id=1958904&use=l&cat=p&typeid=i","cat":284263},{"id":132635,"n":"Bac sorbet Bio Bio Village Citron - 585g","p":4.25,"u":"7,26 €/KG","img":"https://fd9-photos.leclercdrive.fr/image.ashx?id=1948134&use=l&cat=p&typeid=i","cat":284263},{"id":132636,"n":"Bac parfum chocolat Eco+ 500g","p":1.33,"u":"2,66 €/KG","img":"https://fd9-photos.leclercdrive.fr/image.ashx?id=2726488&use=l&cat=p&typeid=i","cat":284263},{"id":132638,"n":"Batonnet Trium Vanille fruit exotique x4  294g","p":2.65,"u":"9,01 €/KG","img":"https://fd9-photos.leclercdrive.fr/image.ashx?id=2911699&use=l&cat=p&typeid=i","cat":284265},{"id":132640,"n":"Batonnets Trium Citron meringue - x4 - 280g","p":2.85,"u":"10,18 €/KG","img":"https://fd9-photos.leclercdrive.fr/image.ashx?id=2911702&use=l&cat=p&typeid=i","cat":284265},{"id":132641,"n":"Mini batonnets Trium Vanille - x8 - 288g","p":2.78,"u":"9,65 €/KG","img":"https://fd9-photos.leclercdrive.fr/image.ashx?id=2920797&use=l&cat=p&typeid=i","cat":284265},{"id":132643,"n":"Shampooing bio Pétrole Hahn Fortifiant - 250ml","p":4.18,"u":"16,72 €/L","img":"https://fd9-photos.leclercdrive.fr/image.ashx?id=1948140&use=l&cat=p&typeid=i","cat":284606},{"id":132710,"n":"AOP Coteaux de l'Aubance Cuvée des schistes -75cl","p":20.5,"u":"27,33 €/L","img":"https://fd9-photos.leclercdrive.fr/image.ashx?id=1977562&use=l&cat=p&typeid=i","cat":289557},{"id":132735,"n":"AOP Tavel vin rosé Domaine Pélaquié - 75cl","p":6.5,"u":"8,67 €/L","img":"https://fd9-photos.leclercdrive.fr/image.ashx?id=1974064&use=l&cat=p&typeid=i","cat":289558},{"id":132780,"n":"AOP Champagne Lanson Brut Le Black Label - 12.5%vol 75cl","p":34.2,"u":"45,60 €/L","img":"https://fd9-photos.leclercdrive.fr/image.ashx?id=2914453&use=l&cat=p&typeid=i","cat":284542},{"id":132795,"n":"Désinfectant Sanytol 150ml","p":3.73,"u":"24,87 €/L","img":"https://fd9-photos.leclercdrive.fr/image.ashx?id=2785412&use=l&cat=p&typeid=i","cat":285201},{"id":132808,"n":"Skyr Yoplait  Lit Fruits Rouges 0%Mg - 4x100g","p":2.25,"u":"5,63 €/KG","img":"https://fd9-photos.leclercdrive.fr/image.ashx?id=2884438&use=l&cat=p&typeid=i","cat":315000},{"id":132811,"n":"Skyr Yoplait  Sur Lit Myrtilles 0%MG - 4x100G","p":2.23,"u":"5,58 €/KG","img":"https://fd9-photos.leclercdrive.fr/image.ashx?id=2884441&use=l&cat=p&typeid=i","cat":315000},{"id":132812,"n":"Bière blonde Grimbergen Sans alcool 0,0° - 6x25cl","p":4.82,"u":"3,21 €/L","img":"https://fd9-photos.leclercdrive.fr/image.ashx?id=2334515&use=l&cat=p&typeid=i","cat":334877},{"id":132815,"n":"Skyr Yoplait  Sur Lit Citron 0%MG - 4x100g","p":2.16,"u":"5,40 €/KG","img":"https://fd9-photos.leclercdrive.fr/image.ashx?id=2317780&use=l&cat=p&typeid=i","cat":315000},{"id":133005,"n":"Sérum anti-âge bio N.A.E. 30ml","p":11.8,"u":"393,33 €/L","img":"https://fd9-photos.leclercdrive.fr/image.ashx?id=2450721&use=l&cat=p&typeid=i","cat":325345},{"id":133039,"n":"Lessive liquide noir Epsil 25 Lavages - 1.25L","p":2.54,"u":"2,03 €/L","img":"https://fd9-photos.leclercdrive.fr/image.ashx?id=2958759&use=l&cat=p&typeid=i","cat":284640},{"id":133044,"n":"Lessive laine & soie Epsil 25 lavages - 1.25L","p":2.54,"u":"2,03 €/L","img":"https://fd9-photos.leclercdrive.fr/image.ashx?id=2842319&use=l&cat=p&typeid=i","cat":284640},{"id":133071,"n":"Contour yeux bio So Bio Etic Précieux Argan -15ml","p":11.69,"u":"779,33 €/L","img":"https://fd9-photos.leclercdrive.fr/image.ashx?id=2644244&use=l&cat=p&typeid=i","cat":325345},{"id":133073,"n":"Concentré éclat bio So Bio Etic Anti-tâches Précieux Argan-40ml","p":12.49,"u":"312,25 €/L","img":"https://fd9-photos.leclercdrive.fr/image.ashx?id=2185349&use=l&cat=p&typeid=i","cat":325345},{"id":133086,"n":"Bac gourmand Ice Cream Factory Stracciatella - 500g","p":2.49,"u":"4,98 €/KG","img":"https://fd9-photos.leclercdrive.fr/image.ashx?id=2982679&use=l&cat=p&typeid=i","cat":284263},{"id":133098,"n":"AOP Saumur Blanc Demi-sec Gratien Meyer - 75cl","p":6.05,"u":"8,07 €/L","img":"https://fd9-photos.leclercdrive.fr/image.ashx?id=2731105&use=l&cat=p&typeid=i","cat":284544},{"id":133100,"n":"AOP Saumur effervescent Rosé Gratien Meyer - 75cl","p":5.95,"u":"7,93 €/L","img":"https://fd9-photos.leclercdrive.fr/image.ashx?id=2492596&use=l&cat=p&typeid=i","cat":284544},{"id":133115,"n":"Sauce Mayomix Heinz Mix mayonnaise & ketchup - 425g","p":2.76,"u":"6,49 €/KG","img":"https://fd9-photos.leclercdrive.fr/image.ashx?id=2926936&use=l&cat=p&typeid=i","cat":318431},{"id":133148,"n":"AOC Saint Romain Bourgogne 2018 Christophe Buisson - 75cl","p":19.5,"u":"26,00 €/L","img":"https://fd9-photos.leclercdrive.fr/image.ashx?id=1974100&use=l&cat=p&typeid=i","cat":289556},{"id":133157,"n":"AOP Côte Rôtie 2018 Famille Pierre Gaillard - 75cl","p":40.77,"u":"54,36 €/L","img":"https://fd9-photos.leclercdrive.fr/image.ashx?id=1974097&use=l&cat=p&typeid=i","cat":289556},{"id":133173,"n":"IGP Pays d'Oc blanc Ormes De Cambras Sauvignon 12% 75cl","p":3.03,"u":"4,04 €/L","img":"https://fd9-photos.leclercdrive.fr/image.ashx?id=2105155&use=l&cat=p&typeid=i","cat":289557},{"id":133179,"n":"Yaourt protéiné Hipro Vanille 0%mg - 2x160g","p":2.11,"u":"6,59 €/KG","img":"https://fd9-photos.leclercdrive.fr/image.ashx?id=2807414&use=l&cat=p&typeid=i","cat":315000},{"id":133212,"n":"AOP Pauillac 2015 vin rouge Alias Croizet-Bages - 75cl","p":22.9,"u":"30,53 €/L","img":"https://fd9-photos.leclercdrive.fr/image.ashx?id=1963376&use=l&cat=p&typeid=i","cat":289556},{"id":133217,"n":"AOP Pauillac 2016 vin rouge Echo de Lynch Bages - 75cl","p":43.95,"u":"58,60 €/L","img":"https://fd9-photos.leclercdrive.fr/image.ashx?id=1973567&use=l&cat=p&typeid=i","cat":289556},{"id":133220,"n":"AOC Margaux Grand cru classé 2015 - 75cl","p":44.71,"u":"59,61 €/L","img":"https://fd9-photos.leclercdrive.fr/image.ashx?id=1963445&use=l&cat=p&typeid=i","cat":289556},{"id":133223,"n":"AOC Saint-Julien 2015 vin rouge Clos du marquis - 75cl","p":54.2,"u":"72,27 €/L","img":"https://fd9-photos.leclercdrive.fr/image.ashx?id=1966640&use=l&cat=p&typeid=i","cat":289556},{"id":133233,"n":"AOP Bordeaux supérieur Château Les Marcottes - 75cl","p":4.6,"u":"6,13 €/L","img":"https://fd9-photos.leclercdrive.fr/image.ashx?id=1963892&use=l&cat=p&typeid=i","cat":289556},{"id":133239,"n":"Crème apaisante Avène SPF 30 anti rougeurs jour - 40ml","p":18.99,"u":"474,75 €/L","img":"https://fd9-photos.leclercdrive.fr/image.ashx?id=2665652&use=l&cat=p&typeid=i","cat":291171},{"id":133252,"n":"AOP Haut-Médoc Cru Bourgeois Ch. Larose Trintaudon - 75cl","p":12.5,"u":"16,67 €/L","img":"https://fd9-photos.leclercdrive.fr/image.ashx?id=1969272&use=l&cat=p&typeid=i","cat":289556},{"id":133258,"n":"Margarine St Hubert Doux - 500g","p":2.86,"u":"5,72 €/KG","img":"https://fd9-photos.leclercdrive.fr/image.ashx?id=2393686&use=l&cat=p&typeid=i","cat":315229},{"id":133338,"n":"Rasoir + 4 lames Wilkinson Hydro5 Sensitive - 1 pièce","p":15.2,"img":"https://fd9-photos.leclercdrive.fr/image.ashx?id=1953497&use=l&cat=p&typeid=i","cat":284616},{"id":133340,"n":"Soin barbe 3 jours Nivea Men 125ml","p":8.47,"u":"67,76 €/L","img":"https://fd9-photos.leclercdrive.fr/image.ashx?id=2225444&use=l&cat=p&typeid=i","cat":284622},{"id":133376,"n":"Soin visage Pur Eden Riche nourrissant bio - 50ml","p":10.25,"u":"205,00 €/L","img":"https://fd9-photos.leclercdrive.fr/image.ashx?id=2533088&use=l&cat=p&typeid=i","cat":325345},{"id":133426,"n":"Capsules Nescafé Dolce Gusto Marrakech Tea - x16","p":4.48,"u":"53,98 €/KG","img":"https://fd9-photos.leclercdrive.fr/image.ashx?id=2467510&use=l&cat=p&typeid=i","cat":293239},{"id":133472,"n":"Lait corps hydrate So Bio Etic Aloe vera bio extra-doux -200ml","p":5.75,"u":"28,75 €/L","img":"https://fd9-photos.leclercdrive.fr/image.ashx?id=2505558&use=l&cat=p&typeid=i","cat":325349},{"id":133475,"n":"Lait corps nourrit So Bio Etic Surgras Karité bio - 200ml","p":5.75,"u":"28,75 €/L","img":"https://fd9-photos.leclercdrive.fr/image.ashx?id=2997010&use=l&cat=p&typeid=i","cat":325349},{"id":133483,"n":"Ethylotest 0.5g/L  NF x1","p":0.94,"img":"https://fd9-photos.leclercdrive.fr/image.ashx?id=2617957&use=l&cat=p&typeid=i","cat":334880},{"id":133513,"n":"Crème jour bio La Source Anti-âge action complète - 40ml","p":15.8,"u":"395,00 €/L","img":"https://fd9-photos.leclercdrive.fr/image.ashx?id=2231843&use=l&cat=p&typeid=i","cat":325345},{"id":133518,"n":"Crème nuit bio La Source Action complète - 40ml","p":14.99,"u":"374,75 €/L","img":"https://fd9-photos.leclercdrive.fr/image.ashx?id=2357955&use=l&cat=p&typeid=i","cat":325345},{"id":133766,"n":"AOP Côtes du Rhône vin rouge domaine crapes 2018 - 75cl","p":12.95,"u":"17,27 €/L","img":"https://fd9-photos.leclercdrive.fr/image.ashx?id=2022657&use=l&cat=p&typeid=i","cat":289556},{"id":133797,"n":"Gin Roku 43° alc. 70cl","p":31.55,"u":"45,07 €/L","img":"https://fd9-photos.leclercdrive.fr/image.ashx?id=1958232&use=l&cat=p&typeid=i","cat":284550},{"id":134052,"n":"Velouté La Potagère duo Butternut et potimarron bio-1L","p":3.05,"u":"3,05 €/L","img":"https://fd9-photos.leclercdrive.fr/image.ashx?id=2541205&use=l&cat=p&typeid=i","cat":284462},{"id":134088,"n":"Applicateur express Baranne Noir - 75ml","p":2.93,"u":"3,91 €/L","img":"https://fd9-photos.leclercdrive.fr/image.ashx?id=2367883&use=l&cat=p&typeid=i","cat":285201},{"id":134121,"n":"Poivre noir moulu Eco+ 44g","p":0.55,"u":"12,50 €/KG","img":"https://fd9-photos.leclercdrive.fr/image.ashx?id=2717246&use=l&cat=p&typeid=i","cat":284457},{"id":134122,"n":"Poivre noir moulu Eco+ 90g","p":1.15,"u":"12,78 €/KG","img":"https://fd9-photos.leclercdrive.fr/image.ashx?id=2836307&use=l&cat=p&typeid=i","cat":284457},{"id":134124,"n":"Velouté PurSoup' Liebig Poireaux pomme de terre - 1L","p":2.29,"u":"2,29 €/L","img":"https://fd9-photos.leclercdrive.fr/image.ashx?id=2864324&use=l&cat=p&typeid=i","cat":284462},{"id":134129,"n":"Verrine de Paté Eco+ 3x180g","p":2.69,"u":"4,98 €/KG","img":"https://fd9-photos.leclercdrive.fr/image.ashx?id=2852946&use=l&cat=p&typeid=i","cat":305149},{"id":134130,"n":"Mélange paella Ducros 20g","p":1.43,"u":"71,50 €/KG","img":"https://fd9-photos.leclercdrive.fr/image.ashx?id=2490500&use=l&cat=p&typeid=i","cat":298297},{"id":134144,"n":"Don Papa Masskara Base de rhum 40% vol 70cl","p":29.99,"u":"42,84 €/L","img":"https://fd9-photos.leclercdrive.fr/image.ashx?id=2858255&use=l&cat=p&typeid=i","cat":284551},{"id":134146,"n":"Biscuits Nustikao Fourrés pâte à tartiner - 200g","p":1.67,"u":"8,35 €/KG","img":"https://fd9-photos.leclercdrive.fr/image.ashx?id=2473999&use=l&cat=p&typeid=i","cat":284488},{"id":134152,"n":"Biscuits Kinder Happy Hippo Au lait et au cacao - 103,5g","p":1.62,"u":"15,58 €/KG","img":"https://fd9-photos.leclercdrive.fr/image.ashx?id=2454499&use=l&cat=p&typeid=i","cat":284488},{"id":134162,"n":"Fromage frais nature Eco+ 9%mg - 6x60g","p":0.93,"u":"2,58 €/KG","img":"https://fd9-photos.leclercdrive.fr/image.ashx?id=2722372&use=l&cat=p&typeid=i","cat":284409},{"id":134165,"n":"Yaourt à la Grecque Délisse Stracciatella - 4x150g","p":2.39,"u":"3,98 €/KG","img":"https://fd9-photos.leclercdrive.fr/image.ashx?id=2753487&use=l&cat=p&typeid=i","cat":314999},{"id":134167,"n":"Yaourt à la grecque Délisse Noix de Coco - 4x150g","p":2.38,"u":"3,97 €/KG","img":"https://fd9-photos.leclercdrive.fr/image.ashx?id=2699759&use=l&cat=p&typeid=i","cat":314999},{"id":134218,"n":"Lardons fumés Tradilège Sans nitrite - 2x75g","p":1.57,"u":"10,47 €/KG","img":"https://fd9-photos.leclercdrive.fr/image.ashx?id=2965828&use=l&cat=p&typeid=i","cat":316011},{"id":134220,"n":"Allumettes nature Tradilège Sans nitrite - 2x75g","p":1.64,"u":"10,93 €/KG","img":"https://fd9-photos.leclercdrive.fr/image.ashx?id=2970486&use=l&cat=p&typeid=i","cat":316011},{"id":134223,"n":"Allumettes fumées Tradilège Sans nitrite - 2x75g","p":1.63,"u":"10,87 €/KG","img":"https://fd9-photos.leclercdrive.fr/image.ashx?id=2965825&use=l&cat=p&typeid=i","cat":316011},{"id":134257,"n":"Corn Flakes Grainéa Nature - 500g","p":2.08,"u":"4,16 €/KG","img":"https://fd9-photos.leclercdrive.fr/image.ashx?id=2939088&use=l&cat=p&typeid=i","cat":309513},{"id":134316,"n":"Goûters P'tit Déli Croc' Goût Vanille - 300g","p":1.08,"u":"3,27 €/KG","img":"https://fd9-photos.leclercdrive.fr/image.ashx?id=2708901&use=l&cat=p&typeid=i","cat":284489},{"id":134317,"n":"Biscuit Croc Break P'tit Déli Goût Chocolat - 300g","p":1.15,"u":"3,83 €/KG","img":"https://fd9-photos.leclercdrive.fr/image.ashx?id=2390431&use=l&cat=p&typeid=i","cat":284488},{"id":134318,"n":"Biscuits P'tit déli Pirates Chocolat - 2x300g","p":2.17,"u":"3,62 €/KG","img":"https://fd9-photos.leclercdrive.fr/image.ashx?id=2718614&use=l&cat=p&typeid=i","cat":284488},{"id":134319,"n":"Biscuit Croc Break P'tit Déli Goût Tout Chocolat - 300g","p":1.17,"u":"3,90 €/KG","img":"https://fd9-photos.leclercdrive.fr/image.ashx?id=2472662&use=l&cat=p&typeid=i","cat":284488},{"id":134331,"n":"Muesli croustillant Grainéa Chocolat noir - 500g","p":2.29,"u":"4,58 €/KG","img":"https://fd9-photos.leclercdrive.fr/image.ashx?id=2925991&use=l&cat=p&typeid=i","cat":309512},{"id":134333,"n":"Muesli croustillant Grainéa Noix - 500g","p":2.02,"u":"4,04 €/KG","img":"https://fd9-photos.leclercdrive.fr/image.ashx?id=2917662&use=l&cat=p&typeid=i","cat":309512},{"id":134336,"n":"Muesli croustillant Grainéa  Aux fruits - 500g","p":1.87,"u":"3,74 €/KG","img":"https://fd9-photos.leclercdrive.fr/image.ashx?id=2931796&use=l&cat=p&typeid=i","cat":309512},{"id":134352,"n":"Muesli croustillant Grainéa  Fraise - 500g","p":2.27,"u":"4,54 €/KG","img":"https://fd9-photos.leclercdrive.fr/image.ashx?id=2873670&use=l&cat=p&typeid=i","cat":309512},{"id":134353,"n":"Muesli croustillant Grainéa Chocolat lait - 500g","p":2.27,"u":"4,54 €/KG","img":"https://fd9-photos.leclercdrive.fr/image.ashx?id=2925994&use=l&cat=p&typeid=i","cat":309512},{"id":134427,"n":"Salade de betteraves Menu Fraîcheur - 500g","p":1.89,"u":"3,78 €/KG","img":"https://fd9-photos.leclercdrive.fr/image.ashx?id=2645987&use=l&cat=p&typeid=i","cat":333657},{"id":134534,"n":"Café en grains L'OR Absolu N° 7 1kg","p":19.05,"u":"19,05 €/KG","img":"https://fd9-photos.leclercdrive.fr/image.ashx?id=2716837&use=l&cat=p&typeid=i","cat":293237},{"id":134577,"n":"Vinaigre ménager Biovie 12° - 1L","p":1.99,"u":"1,99 €/L","img":"https://fd9-photos.leclercdrive.fr/image.ashx?id=2967857&use=l&cat=p&typeid=i","cat":325365},{"id":134585,"n":"Noix de coco râpée Vahiné 200g","p":2.33,"u":"11,65 €/KG","img":"https://fd9-photos.leclercdrive.fr/image.ashx?id=2805276&use=l&cat=p&typeid=i","cat":284504},{"id":134600,"n":"Barres chocolat Milka Nussini - 5x31,5g","p":2.66,"u":"16,94 €/KG","img":"https://fd9-photos.leclercdrive.fr/image.ashx?id=2913487&use=l&cat=p&typeid=i","cat":284498},{"id":134676,"n":"Friandises chien Pedigree  Schmackos multi mix x20 - 144g","p":2.31,"u":"16,04 €/KG","img":"https://fd9-photos.leclercdrive.fr/image.ashx?id=2338579&use=l&cat=p&typeid=i","cat":294527},{"id":134677,"n":"Friandise petit chien Pedigree  Os à mâcher x4 - 160g","p":1.91,"u":"11,94 €/KG","img":"https://fd9-photos.leclercdrive.fr/image.ashx?id=2997253&use=l&cat=p&typeid=i","cat":294527},{"id":134734,"n":"Boule crème chocolat Jacquot orange framboise vanille - 1kg","p":8.33,"u":"8,33 €/KG","img":"https://fd9-photos.leclercdrive.fr/image.ashx?id=2666584&use=l&cat=p&typeid=i","cat":327595},{"id":134745,"n":"Yaourt nature ECO+ 12x125g","p":1.69,"u":"1,13 €/KG","img":"https://fd9-photos.leclercdrive.fr/image.ashx?id=2791194&use=l&cat=p&typeid=i","cat":284409},{"id":134747,"n":"Biscuits Bio Nat&Vie Avoine/chocolat - 130g","p":2.12,"u":"16,31 €/KG","img":"https://fd9-photos.leclercdrive.fr/image.ashx?id=2329197&use=l&cat=p&typeid=i","cat":318651},{"id":134748,"n":"Asperges blanches Eco+ Miniatures - 125g","p":0.99,"u":"7,92 €/KG","img":"https://fd9-photos.leclercdrive.fr/image.ashx?id=2661076&use=l&cat=p&typeid=i","cat":312611},{"id":134749,"n":"Biscuits avoine complet Nat&Vie Bio - 130g","p":1.78,"u":"13,69 €/KG","img":"https://fd9-photos.leclercdrive.fr/image.ashx?id=2329194&use=l&cat=p&typeid=i","cat":318651},{"id":134753,"n":"Assortiment de bonbons Eco+ 720g","p":3.32,"u":"4,61 €/KG","img":"https://fd9-photos.leclercdrive.fr/image.ashx?id=2756837&use=l&cat=p&typeid=i","cat":304250},{"id":134758,"n":"Compote Allégée en sucres Eco+ Coupelle pomme banane - 4x100g","p":0.58,"u":"1,45 €/KG","img":"https://fd9-photos.leclercdrive.fr/image.ashx?id=1965671&use=l&cat=p&typeid=i","cat":284508},{"id":134760,"n":"Confiture extra bio Bio Village Figues - 370g","p":2.31,"u":"6,24 €/KG","img":"https://fd9-photos.leclercdrive.fr/image.ashx?id=2459593&use=l&cat=p&typeid=i","cat":284480},{"id":134769,"n":"Galette de maïs Bio Village Chocolat au lait Bio - 100g","p":1.95,"u":"19,50 €/KG","img":"https://fd9-photos.leclercdrive.fr/image.ashx?id=2510636&use=l&cat=p&typeid=i","cat":318651},{"id":134770,"n":"Compote bio Bio Village Gourdes multivariétés - 12x90g","p":6.35,"u":"5,88 €/KG","img":"https://fd9-photos.leclercdrive.fr/image.ashx?id=1965920&use=l&cat=p&typeid=i","cat":284508},{"id":134772,"n":"Huile de noisette Rustica 25cl","p":2.89,"u":"11,56 €/L","img":"https://fd9-photos.leclercdrive.fr/image.ashx?id=3002635&use=l&cat=p&typeid=i","cat":284453},{"id":134773,"n":"Pur jus de citron vert - 25 cl vert - 25 cl","p":1.77,"u":"7,08 €/L","img":"https://fd9-photos.leclercdrive.fr/image.ashx?id=2140944&use=l&cat=p&typeid=i","cat":288383},{"id":134775,"n":"Lait de coco Bio Village Bio - 200ml","p":1.29,"u":"6,45 €/L","img":"https://fd9-photos.leclercdrive.fr/image.ashx?id=2552451&use=l&cat=p&typeid=i","cat":288992},{"id":134777,"n":"Macaronis Bio Village Bio - 500g","p":1.19,"u":"2,38 €/KG","img":"https://fd9-photos.leclercdrive.fr/image.ashx?id=2624923&use=l&cat=p&typeid=i","cat":284429},{"id":134779,"n":"Mini gâteaux Bio Village Fourrés chocolat Bio x5 - 140g","p":2.6,"u":"18,57 €/KG","img":"https://fd9-photos.leclercdrive.fr/image.ashx?id=2852252&use=l&cat=p&typeid=i","cat":284495},{"id":134782,"n":"Palet breton Bio Village Bio - 125g","p":1.53,"u":"12,24 €/KG","img":"https://fd9-photos.leclercdrive.fr/image.ashx?id=2496425&use=l&cat=p&typeid=i","cat":284487},{"id":134787,"n":"Ravioli bœuf Bio village Bio 700g","p":3.7,"u":"5,29 €/KG","img":"https://fd9-photos.leclercdrive.fr/image.ashx?id=2717255&use=l&cat=p&typeid=i","cat":284442},{"id":134788,"n":"Spaghetti complets Bio Village Bio - 500g","p":0.89,"u":"1,78 €/KG","img":"https://fd9-photos.leclercdrive.fr/image.ashx?id=2503308&use=l&cat=p&typeid=i","cat":284429},{"id":134790,"n":"Thon albacore Pêche Océan Nature - France - 112g","p":2.24,"u":"20,00 €/KG","img":"https://fd9-photos.leclercdrive.fr/image.ashx?id=2942223&use=l&cat=p&typeid=i","cat":303867},{"id":134791,"n":"Thon à la catalane Eco + 135g","p":0.82,"u":"6,07 €/KG","img":"https://fd9-photos.leclercdrive.fr/image.ashx?id=2756834&use=l&cat=p&typeid=i","cat":303867},{"id":134792,"n":"Thon blanc Pêche océan MSC Entier nature - France - 112g","p":2.75,"u":"24,55 €/KG","img":"https://fd9-photos.leclercdrive.fr/image.ashx?id=2942235&use=l&cat=p&typeid=i","cat":303867},{"id":134793,"n":"Toasts fins nature Epi d'Or 100g","p":1.65,"u":"16,50 €/KG","img":"https://fd9-photos.leclercdrive.fr/image.ashx?id=2696283&use=l&cat=p&typeid=i","cat":285454},{"id":134794,"n":"Toasts fins sésame Epi d'Or 100g","p":1.65,"u":"16,50 €/KG","img":"https://fd9-photos.leclercdrive.fr/image.ashx?id=2705092&use=l&cat=p&typeid=i","cat":285454},{"id":134797,"n":"Tuiles goût barbecue Tokapi 170g","p":1.39,"u":"8,18 €/KG","img":"https://fd9-photos.leclercdrive.fr/image.ashx?id=2632891&use=l&cat=p&typeid=i","cat":287899},{"id":134798,"n":"Velouté de légumes Eco + 1L","p":0.89,"u":"0,89 €/L","img":"https://fd9-photos.leclercdrive.fr/image.ashx?id=2768448&use=l&cat=p&typeid=i","cat":284462},{"id":134799,"n":"Vinaigre de vin 6° Eco +  1L","p":0.55,"u":"0,55 €/L","img":"https://fd9-photos.leclercdrive.fr/image.ashx?id=1965638&use=l&cat=p&typeid=i","cat":298543},{"id":134811,"n":"Pur jus d'orange Eco + Brique - 2l","p":3.14,"u":"1,57 €/L","img":"https://fd9-photos.leclercdrive.fr/image.ashx?id=2751859&use=l&cat=p&typeid=i","cat":284521},{"id":134815,"n":"Pur jus 4 agrumes Eco +  1L","p":1.43,"u":"1,43 €/L","img":"https://fd9-photos.leclercdrive.fr/image.ashx?id=2762943&use=l&cat=p&typeid=i","cat":284917},{"id":134816,"n":"Jus d'orange ABC Eco + Brique - 1L","p":1.3,"u":"1,30 €/L","img":"https://fd9-photos.leclercdrive.fr/image.ashx?id=2802257&use=l&cat=p&typeid=i","cat":284521},{"id":134817,"n":"Jus de pamplemousse rose Eco + ABC - 1L","p":0.98,"u":"0,98 €/L","img":"https://fd9-photos.leclercdrive.fr/image.ashx?id=2802266&use=l&cat=p&typeid=i","cat":284914},{"id":134819,"n":"Nectar d'orange Eco + Brique - 2L","p":1.83,"u":"0,92 €/L","img":"https://fd9-photos.leclercdrive.fr/image.ashx?id=2842444&use=l&cat=p&typeid=i","cat":284521},{"id":134823,"n":"Nectar multifruits Eco+ 6x20cl","p":1.75,"u":"1,46 €/L","img":"https://fd9-photos.leclercdrive.fr/image.ashx?id=2957548&use=l&cat=p&typeid=i","cat":284917},{"id":134825,"n":"Bière 0.0% Falsbourg  Sans alcool - 6x25cl","p":2.63,"u":"1,75 €/L","img":"https://fd9-photos.leclercdrive.fr/image.ashx?id=2637979&use=l&cat=p&typeid=i","cat":334877},{"id":134829,"n":"Bière forte 7.9% Millbrau 50CL","p":0.85,"u":"1,70 €/L","img":"https://fd9-photos.leclercdrive.fr/image.ashx?id=2955581&use=l&cat=p&typeid=i","cat":334853},{"id":134830,"n":"Eau minérale gaz Alizée Eco + 6x50cl","p":1.26,"u":"0,42 €/L","img":"https://fd9-photos.leclercdrive.fr/image.ashx?id=2971861&use=l&cat=p&typeid=i","cat":284536},{"id":134840,"n":"Sangria rouge 7% Eco + 7% vol - 5L","p":5.99,"u":"1,20 €/L","img":"https://fd9-photos.leclercdrive.fr/image.ashx?id=2714974&use=l&cat=p&typeid=i","cat":286032},{"id":134841,"n":"IGP Pays d'Oc Merlot vin rosé Vieux Carion 12% vol - BIB 3L","p":7.99,"u":"2,66 €/L","img":"https://fd9-photos.leclercdrive.fr/image.ashx?id=2887410&use=l&cat=p&typeid=i","cat":289560},{"id":134842,"n":"Vin d'Union Européenne blanc Adrien Champaud 11% vol BIB 5L","p":8.49,"u":"1,70 €/L","img":"https://fd9-photos.leclercdrive.fr/image.ashx?id=2960517&use=l&cat=p&typeid=i","cat":289557},{"id":134844,"n":"Crème de cassis Gildo 15% - 70cl","p":4.67,"u":"6,67 €/L","img":"https://fd9-photos.leclercdrive.fr/image.ashx?id=2563181&use=l&cat=p&typeid=i","cat":286032},{"id":134852,"n":"Bière blonde de luxe Millbrau 4% - 10x25cl","p":3.97,"u":"1,59 €/L","img":"https://fd9-photos.leclercdrive.fr/image.ashx?id=2955590&use=l&cat=p&typeid=i","cat":334873},{"id":134853,"n":"Bière speciale 4,9% Gildo 50cl","p":0.87,"u":"1,74 €/L","img":"https://fd9-photos.leclercdrive.fr/image.ashx?id=2955605&use=l&cat=p&typeid=i","cat":334853},{"id":134856,"n":"Eau de javel Eco + 2L","p":0.63,"u":"0,32 €/L","img":"https://fd9-photos.leclercdrive.fr/image.ashx?id=2949158&use=l&cat=p&typeid=i","cat":284661},{"id":134857,"n":"Désodorisant fraîcheur Uni Vert Plantes - 200ml","p":1.95,"u":"9,75 €/L","img":"https://fd9-photos.leclercdrive.fr/image.ashx?id=1965776&use=l&cat=p&typeid=i","cat":311626},{"id":134858,"n":"Brosse à dent enfant Dentamyl Clignotante licorne - 1 pièce","p":1.99,"img":"https://fd9-photos.leclercdrive.fr/image.ashx?id=1965773&use=l&cat=p&typeid=i","cat":288897},{"id":134859,"n":"Bougie végétale Insectivor Anti-moustique - 1 pièce","p":3.99,"img":"https://fd9-photos.leclercdrive.fr/image.ashx?id=1965767&use=l&cat=p&typeid=i","cat":298368},{"id":134860,"n":"Maxi carré bébé Mots d'Enfants Coton bio - x80","p":2.6,"u":"0,03 €/P","img":"https://fd9-photos.leclercdrive.fr/image.ashx?id=3014296&use=l&cat=p&typeid=i","cat":284739},{"id":134861,"n":"Maxi carré bébé Mots d'Enfants Coton bio écru - x40","p":1.37,"u":"0,03 €/P","img":"https://fd9-photos.leclercdrive.fr/image.ashx?id=3014299&use=l&cat=p&typeid=i","cat":284739},{"id":134900,"n":"Boule crème chocolat Jacquot Orange, framboise vanille - 1kg","p":8.32,"u":"8,32 €/KG","img":"https://fd9-photos.leclercdrive.fr/image.ashx?id=2665889&use=l&cat=p&typeid=i","cat":327595},{"id":134989,"n":"Amora Cornichons Extra-Fins Bocal Croq'Vert 370g","p":2.8,"u":"7,57 €/KG","img":"https://fd9-photos.leclercdrive.fr/image.ashx?id=2670911&use=l&cat=p&typeid=i","cat":284458},{"id":135001,"n":"Lingettes Bébé Huggies® Extra Care Sensitive 1x56","p":2.08,"u":"0,04 €/P","img":"https://fd9-photos.leclercdrive.fr/image.ashx?id=2768276&use=l&cat=p&typeid=i","cat":284738},{"id":135081,"n":"Joker Pur Jus Engagé  Multifruits - 1,5L","p":3.45,"u":"2,30 €/L","img":"https://fd9-photos.leclercdrive.fr/image.ashx?id=3008137&use=l&cat=p&typeid=i","cat":284917},{"id":135133,"n":"Moelleux au chocolat Equador 4x80g","p":2.99,"u":"24,92 €/KG","img":"https://fd9-photos.leclercdrive.fr/image.ashx?id=1974305&use=l&cat=p&typeid=i","cat":284419},{"id":135136,"n":"Coeur fondant chocolat Equador 2x90g","p":2.13,"u":"11,83 €/KG","img":"https://fd9-photos.leclercdrive.fr/image.ashx?id=1979707&use=l&cat=p&typeid=i","cat":284419},{"id":135139,"n":"Mousse au caramel Beurre salé Equador - 2x90g","p":2.79,"u":"15,50 €/KG","img":"https://fd9-photos.leclercdrive.fr/image.ashx?id=1979701&use=l&cat=p&typeid=i","cat":284417},{"id":135191,"n":"Yaourt aromatisé sucré Eco+ Pack 12x125g","p":1.86,"u":"1,24 €/KG","img":"https://fd9-photos.leclercdrive.fr/image.ashx?id=2759774&use=l&cat=p&typeid=i","cat":286006},{"id":135196,"n":"Flan vanille Eco+ Nappé caramel - 12x100g","p":1.77,"u":"1,48 €/KG","img":"https://fd9-photos.leclercdrive.fr/image.ashx?id=2935211&use=l&cat=p&typeid=i","cat":284420},{"id":135203,"n":"Yaourt nature Eco+ 4x125g","p":0.58,"u":"1,16 €/KG","img":"https://fd9-photos.leclercdrive.fr/image.ashx?id=2671789&use=l&cat=p&typeid=i","cat":284409},{"id":135204,"n":"Margarine allégée Eco+ Cuisson 60%vol - 500g","p":1.16,"u":"2,32 €/KG","img":"https://fd9-photos.leclercdrive.fr/image.ashx?id=1973027&use=l&cat=p&typeid=i","cat":315229},{"id":135229,"n":"Emmental rapé Eco+ 29%mg - 1kg","p":7.39,"u":"7,39 €/KG","img":"https://fd9-photos.leclercdrive.fr/image.ashx?id=2587097&use=l&cat=p&typeid=i","cat":314035},{"id":135246,"n":"Crème fraiche Eco+ Légère - 15% MG - 50cl","p":1.35,"u":"2,70 €/L","img":"https://fd9-photos.leclercdrive.fr/image.ashx?id=2891869&use=l&cat=p&typeid=i","cat":284381},{"id":135247,"n":"Fromage fondu Eco+ 17%mg - x10 - 200g","p":1.08,"u":"5,40 €/KG","img":"https://fd9-photos.leclercdrive.fr/image.ashx?id=2652290&use=l&cat=p&typeid=i","cat":314028},{"id":135255,"n":"Crème fraiche épaisse Yoplait Légère 12%MG - 190g","p":0.65,"u":"3,42 €/KG","img":"https://fd9-photos.leclercdrive.fr/image.ashx?id=2811035&use=l&cat=p&typeid=i","cat":284381},{"id":135266,"n":"Pruneau Eco+ 1kg","p":5.97,"u":"5,97 €/KG","img":"https://fd9-photos.leclercdrive.fr/image.ashx?id=2690868&use=l&cat=p&typeid=i","cat":284357},{"id":135267,"n":"Matière grasse Eco+ Tartine - 55%mg - 500g","p":1.21,"u":"2,42 €/KG","img":"https://fd9-photos.leclercdrive.fr/image.ashx?id=1974353&use=l&cat=p&typeid=i","cat":315229},{"id":135270,"n":"Pomme de terre rouge Vapeur  Sautées Panier du Primeur - 2kg","p":2.29,"u":"1,15 €/KG","img":"https://fd9-photos.leclercdrive.fr/image.ashx?id=2959638&use=l&cat=p&typeid=i","cat":284352},{"id":135274,"n":"Pomme de terre pour frites Panier du Primeur - 2kg","p":2.29,"u":"1,15 €/KG","img":"https://fd9-photos.leclercdrive.fr/image.ashx?id=2959737&use=l&cat=p&typeid=i","cat":284352},{"id":135278,"n":"Fromage blanc aromatisé Eco+ 2.8%MG - 12x60g","p":1.79,"u":"2,49 €/KG","img":"https://fd9-photos.leclercdrive.fr/image.ashx?id=2794817&use=l&cat=p&typeid=i","cat":284409},{"id":135292,"n":"Crème dessert Eco+ Panachées - 12x125g","p":2.43,"u":"1,62 €/KG","img":"https://fd9-photos.leclercdrive.fr/image.ashx?id=2804326&use=l&cat=p&typeid=i","cat":285041},{"id":135293,"n":"Crème dessert Eco+ Saveur vanille - 4x125g","p":0.77,"u":"1,54 €/KG","img":"https://fd9-photos.leclercdrive.fr/image.ashx?id=2765695&use=l&cat=p&typeid=i","cat":285041},{"id":135294,"n":"Crème dessert Eco+ Chocolat - 4x125g","p":0.74,"u":"1,48 €/KG","img":"https://fd9-photos.leclercdrive.fr/image.ashx?id=3003046&use=l&cat=p&typeid=i","cat":285041},{"id":135295,"n":"Tranchette de gouda Eco+ 28%mg - 300g","p":2.53,"u":"8,43 €/KG","img":"https://fd9-photos.leclercdrive.fr/image.ashx?id=1974470&use=l&cat=p&typeid=i","cat":314028},{"id":135296,"n":"Fromage mi-chèvre Eco+ 23%mg - 180g","p":1.65,"u":"9,17 €/KG","img":"https://fd9-photos.leclercdrive.fr/image.ashx?id=2744356&use=l&cat=p&typeid=i","cat":314031},{"id":135301,"n":"Hauts de cuisse Eco+ Poulet blanc - 1kg","p":4.49,"u":"4,49 €/KG","img":"https://fd9-photos.leclercdrive.fr/image.ashx?id=1975023&use=l&cat=p&typeid=i","cat":284336},{"id":135302,"n":"Hauts de cuisse Eco+ Poulet jaune - 1kg","p":4.49,"u":"4,49 €/KG","img":"https://fd9-photos.leclercdrive.fr/image.ashx?id=1974521&use=l&cat=p&typeid=i","cat":284336},{"id":135343,"n":"Râpé 3 fromages Les Croisés  Format familial - 350g","p":3.12,"u":"8,91 €/KG","img":"https://fd9-photos.leclercdrive.fr/image.ashx?id=2959734&use=l&cat=p&typeid=i","cat":314035},{"id":135365,"n":"Brioche tressée Les 3 Meuniers plate chocolat - 500g","p":4.7,"u":"9,40 €/KG","img":"https://fd9-photos.leclercdrive.fr/image.ashx?id=2054543&use=l&cat=p&typeid=i","cat":284478},{"id":135371,"n":"Brioche Bio Les 3 Meuniers tranchée pur beurre - 500g","p":4.59,"u":"9,18 €/KG","img":"https://fd9-photos.leclercdrive.fr/image.ashx?id=2054549&use=l&cat=p&typeid=i","cat":284478},{"id":135398,"n":"Salade perlée Menu Fraicheur Chorizo - 300g","p":2.79,"u":"9,30 €/KG","img":"https://fd9-photos.leclercdrive.fr/image.ashx?id=2645984&use=l&cat=p&typeid=i","cat":333657},{"id":135418,"n":"Nougat de Montélimar Tendre Borne - Chabert & Guillot -250g","p":15.4,"u":"61,60 €/KG","img":"https://fd9-photos.leclercdrive.fr/image.ashx?id=1984480&use=l&cat=p&typeid=i","cat":327605},{"id":135429,"n":"Pommes Dauphine Findus 540g","p":3.19,"u":"5,91 €/KG","img":"https://fd9-photos.leclercdrive.fr/image.ashx?id=2009954&use=l&cat=p&typeid=i","cat":319792},{"id":135444,"n":"Croco Baby -30% de sucre Haribo Sachet bonbons - 165g","p":1.89,"u":"11,45 €/KG","img":"https://fd9-photos.leclercdrive.fr/image.ashx?id=2806111&use=l&cat=p&typeid=i","cat":304250},{"id":135458,"n":"Brioche tranchée nature Harrys Allégée en sucre - 485g","p":2.99,"u":"6,16 €/KG","img":"https://fd9-photos.leclercdrive.fr/image.ashx?id=2503031&use=l&cat=p&typeid=i","cat":284478},{"id":135459,"n":"Brioche Tranchée Harrys Pépites de chocolat - 485g","p":2.93,"u":"6,04 €/KG","img":"https://fd9-photos.leclercdrive.fr/image.ashx?id=2503028&use=l&cat=p&typeid=i","cat":284478},{"id":135481,"n":"Barres céréales Nesquik Chocolat - 12x25g","p":3.79,"u":"12,63 €/KG","img":"https://fd9-photos.leclercdrive.fr/image.ashx?id=2843225&use=l&cat=p&typeid=i","cat":285869},{"id":135554,"n":"Boules chocolat praliné Jacquot Lait, Amandes, noisettes - 1kg","p":12.86,"u":"12,86 €/KG","img":"https://fd9-photos.leclercdrive.fr/image.ashx?id=2303306&use=l&cat=p&typeid=i","cat":327595},{"id":135640,"n":"Cuadro 4 chocolat praliné Novi Noir, lait, blanc noisette 150g","p":4.93,"u":"32,87 €/KG","img":"https://fd9-photos.leclercdrive.fr/image.ashx?id=2922218&use=l&cat=p&typeid=i","cat":327595},{"id":135758,"n":"Jambon Supérieur VPF Tradilège A l'étouffée Découennéx10 -400g","p":5.09,"u":"12,73 €/KG","img":"https://fd9-photos.leclercdrive.fr/image.ashx?id=2970477&use=l&cat=p&typeid=i","cat":316009},{"id":135856,"n":"Cosy cottage village Sylvanian Families - Dès 4 ans","p":39.9,"img":"https://fd9-photos.leclercdrive.fr/image.ashx?id=1980765&use=l&cat=p&typeid=i","cat":334380},{"id":136261,"n":"Poupon Manon nouveau-né Kidway - Dès 10 mois","p":14.9,"img":"https://fd9-photos.leclercdrive.fr/image.ashx?id=1977553&use=l&cat=p&typeid=i","cat":334379},{"id":136362,"n":"AOC Côtes du Rhône rouge Réserve de Bonpas - 75cl","p":4.9,"u":"6,53 €/L","img":"https://fd9-photos.leclercdrive.fr/image.ashx?id=2991202&use=l&cat=p&typeid=i","cat":289556},{"id":136445,"n":"Gateau marbré Savane Chocolat - 310g","p":2.58,"u":"8,32 €/KG","img":"https://fd9-photos.leclercdrive.fr/image.ashx?id=2870719&use=l&cat=p&typeid=i","cat":294776},{"id":136585,"n":"Plat bébé soir Blédiner 15 mois pâtes crème légumes - 2x200g","p":2.58,"u":"6,45 €/KG","img":"https://fd9-photos.leclercdrive.fr/image.ashx?id=2845859&use=l&cat=p&typeid=i","cat":312239},{"id":136598,"n":"Compote Bio Village Gourdes Pomme bio - 12x90g","p":5.25,"u":"4,86 €/KG","img":"https://fd9-photos.leclercdrive.fr/image.ashx?id=2330517&use=l&cat=p&typeid=i","cat":284508},{"id":136599,"n":"Eau gazeuse aromatisée Salvetat citron - 6x50cl","p":3.08,"u":"1,03 €/L","img":"https://fd9-photos.leclercdrive.fr/image.ashx?id=2259472&use=l&cat=p&typeid=i","cat":284536},{"id":136627,"n":"Pad Thai Céréal Bio  Bio repas express - 220g","p":2.52,"u":"11,45 €/KG","img":"https://fd9-photos.leclercdrive.fr/image.ashx?id=2574089&use=l&cat=p&typeid=i","cat":288992},{"id":136635,"n":"Cassoulet Maison Rivière Confit de canard - 840g","p":5.73,"u":"6,82 €/KG","img":"https://fd9-photos.leclercdrive.fr/image.ashx?id=2734225&use=l&cat=p&typeid=i","cat":284440},{"id":136638,"n":"Biscuit cacao céréales Gerblé   - 160g","p":2.55,"u":"15,94 €/KG","img":"https://fd9-photos.leclercdrive.fr/image.ashx?id=2810798&use=l&cat=p&typeid=i","cat":318651},{"id":136645,"n":"Blé gourmand l'Original Ebly Cuisson 10min - 1kg","p":2.6,"u":"2,60 €/KG","img":"https://fd9-photos.leclercdrive.fr/image.ashx?id=2286278&use=l&cat=p&typeid=i","cat":284429},{"id":136692,"n":"Orangettes Révillon Chocolat - 185g","p":8.5,"u":"45,95 €/KG","img":"https://fd9-photos.leclercdrive.fr/image.ashx?id=2966971&use=l&cat=p&typeid=i","cat":327601},{"id":136761,"n":"Attache sapin Père Noël Rohan Aluminium - 200g","p":4.65,"u":"23,25 €/KG","img":"https://fd9-photos.leclercdrive.fr/image.ashx?id=2863461&use=l&cat=p&typeid=i","cat":327592},{"id":136772,"n":"Werthers original ss chocolat 42g","p":2.06,"u":"49,05 €/KG","img":"https://fd9-photos.leclercdrive.fr/image.ashx?id=2660176&use=l&cat=p&typeid=i","cat":304252},{"id":136789,"n":"Coffret véhicules Police - Dès 3 ans","p":16.01,"u":"Dont 0,20 € d'éco-part.","img":"https://fd9-photos.leclercdrive.fr/image.ashx?id=1982172&use=l&cat=p&typeid=i","cat":334380},{"id":136814,"n":"Barre céréales Chocapic  Chocolat - 12x25g","p":3.99,"u":"13,30 €/KG","img":"https://fd9-photos.leclercdrive.fr/image.ashx?id=2846784&use=l&cat=p&typeid=i","cat":285869},{"id":136933,"n":"Kit fajita Old El Paso Tomate poivrons - 500g","p":4.37,"u":"8,74 €/KG","img":"https://fd9-photos.leclercdrive.fr/image.ashx?id=2759715&use=l&cat=p&typeid=i","cat":288993},{"id":137134,"n":"Trotteur The Boss Spider-Man - 65,5cm - Dès 2 ans","p":24.0,"img":"https://fd9-photos.leclercdrive.fr/image.ashx?id=2050543&use=l&cat=p&typeid=i","cat":334381},{"id":137228,"n":"Sucre en poudre Saint Louis 650g","p":1.51,"u":"2,32 €/KG","img":"https://fd9-photos.leclercdrive.fr/image.ashx?id=2659936&use=l&cat=p&typeid=i","cat":284502},{"id":137244,"n":"Huile d'Olive vierge  Cauvin Extra Bio - 75cl","p":10.04,"u":"13,39 €/L","img":"https://fd9-photos.leclercdrive.fr/image.ashx?id=2498356&use=l&cat=p&typeid=i","cat":284453},{"id":137283,"n":"Yaourt à boire Ptit Yop Aromatisé Fraise - 6x180g","p":2.7,"u":"2,50 €/KG","img":"https://fd9-photos.leclercdrive.fr/image.ashx?id=2902735&use=l&cat=p&typeid=i","cat":284415},{"id":137287,"n":"Yaourt à boire Ptit Yop Aromatisé Vanille - 6x180g","p":2.75,"u":"2,55 €/KG","img":"https://fd9-photos.leclercdrive.fr/image.ashx?id=2951800&use=l&cat=p&typeid=i","cat":284415},{"id":137289,"n":"Yaourt à boire Ptit Yop Aromatisé Framboise - 6x180g","p":2.75,"u":"2,55 €/KG","img":"https://fd9-photos.leclercdrive.fr/image.ashx?id=2951797&use=l&cat=p&typeid=i","cat":284415},{"id":137298,"n":"Yaourt à boire Ptit Yop Aromatisé Panaché - 6x180g","p":2.75,"u":"2,55 €/KG","img":"https://fd9-photos.leclercdrive.fr/image.ashx?id=2985168&use=l&cat=p&typeid=i","cat":284415},{"id":137325,"n":"Lait bébé Candia Baby  croissance 3ème âge - 6x25cl","p":3.54,"u":"2,36 €/L","img":"https://fd9-photos.leclercdrive.fr/image.ashx?id=2963346&use=l&cat=p&typeid=i","cat":284728},{"id":137364,"n":"Pâte feuilletée Tablier blanc Complète - 240g","p":1.99,"u":"8,29 €/KG","img":"https://fd9-photos.leclercdrive.fr/image.ashx?id=2635937&use=l&cat=p&typeid=i","cat":333681},{"id":137382,"n":"Spray retouche L'Oréal Paris Magic Retouch Châtain Clair","p":8.32,"u":"11,09 €/L","img":"https://fd9-photos.leclercdrive.fr/image.ashx?id=2597196&use=l&cat=p&typeid=i","cat":288899},{"id":137388,"n":"Gel Douche Bio Sans Savon Cadum Huile d'Amandes Douces - 500ml","p":2.14,"u":"4,28 €/L","img":"https://fd9-photos.leclercdrive.fr/image.ashx?id=2575627&use=l&cat=p&typeid=i","cat":284594},{"id":137395,"n":"Huile extraordinaire Elseve Jojoba 100ml","p":11.12,"u":"111,20 €/L","img":"https://fd9-photos.leclercdrive.fr/image.ashx?id=2870674&use=l&cat=p&typeid=i","cat":284608},{"id":137413,"n":"Pommes Duchesse Findus 720g","p":3.19,"u":"4,43 €/KG","img":"https://fd9-photos.leclercdrive.fr/image.ashx?id=2888512&use=l&cat=p&typeid=i","cat":319792},{"id":137421,"n":"Assortiment 60 mini roulés 720g","p":7.47,"u":"10,38 €/KG","img":"https://fd9-photos.leclercdrive.fr/image.ashx?id=2091563&use=l&cat=p&typeid=i","cat":319774},{"id":137433,"n":"Shampooing Fructis Hairfood Macadamia - 350ml","p":6.31,"u":"18,03 €/L","img":"https://fd9-photos.leclercdrive.fr/image.ashx?id=2317251&use=l&cat=p&typeid=i","cat":284606},{"id":137436,"n":"Masque Protection Couleur Elsève Color-Vive - 310ml","p":5.08,"u":"16,39 €/L","img":"https://fd9-photos.leclercdrive.fr/image.ashx?id=2865875&use=l&cat=p&typeid=i","cat":284608},{"id":137538,"n":"Boîte chocolats liqueur Abtey Royal des lys  x20 - 250g","p":8.34,"u":"33,36 €/KG","img":"https://fd9-photos.leclercdrive.fr/image.ashx?id=2662721&use=l&cat=p&typeid=i","cat":327601},{"id":137669,"n":"Croquette chiens Mix  Fido Volaille/légumes - 2.5kg","p":5.84,"u":"2,34 €/KG","img":"https://fd9-photos.leclercdrive.fr/image.ashx?id=2973309&use=l&cat=p&typeid=i","cat":284672},{"id":137682,"n":"Croquette pour chiens Fido Mix Poulet Légumes - 12 kg","p":22.12,"u":"1,84 €/KG","img":"https://fd9-photos.leclercdrive.fr/image.ashx?id=2973300&use=l&cat=p&typeid=i","cat":284672},{"id":137703,"n":"Compote Douceur du Verger Coupelle pomme - 16x100g","p":3.55,"u":"2,22 €/KG","img":"https://fd9-photos.leclercdrive.fr/image.ashx?id=2663551&use=l&cat=p&typeid=i","cat":284508},{"id":137733,"n":"Gnocchi à Poeler Turini 700g","p":1.99,"u":"2,84 €/KG","img":"https://fd9-photos.leclercdrive.fr/image.ashx?id=3014377&use=l&cat=p&typeid=i","cat":333682},{"id":137746,"n":"Gourmet Purina Poulet / Dinde - 8x85g","p":6.12,"u":"9,00 €/KG","img":"https://fd9-photos.leclercdrive.fr/image.ashx?id=2896795&use=l&cat=p&typeid=i","cat":285286},{"id":137754,"n":"Barquettes chat Gourmet  Coffret de la mer - 8x85g","p":6.03,"u":"8,87 €/KG","img":"https://fd9-photos.leclercdrive.fr/image.ashx?id=2861770&use=l&cat=p&typeid=i","cat":285286},{"id":137757,"n":"Tarte aux poireaux Marie Gratinée à l'Emmental - 400g","p":3.14,"u":"7,85 €/KG","img":"https://fd9-photos.leclercdrive.fr/image.ashx?id=2996680&use=l&cat=p&typeid=i","cat":284257},{"id":137769,"n":"Soupe liquide brique Liebig  Poireaux Pomme de Terre 2x30cl","p":1.97,"u":"3,28 €/L","img":"https://fd9-photos.leclercdrive.fr/image.ashx?id=2864327&use=l&cat=p&typeid=i","cat":284462},{"id":137860,"n":"Riz long blanchi Eco+ 1kg","p":1.22,"u":"1,22 €/KG","img":"https://fd9-photos.leclercdrive.fr/image.ashx?id=2076622&use=l&cat=p&typeid=i","cat":284428},{"id":137861,"n":"Thé noir bio Bio Village English Breakfast x20 - 36g","p":1.25,"u":"34,72 €/KG","img":"https://fd9-photos.leclercdrive.fr/image.ashx?id=1987003&use=l&cat=p&typeid=i","cat":293233},{"id":137862,"n":"Riz long étuvé Eco+ 1kg","p":1.35,"u":"1,35 €/KG","img":"https://fd9-photos.leclercdrive.fr/image.ashx?id=2076625&use=l&cat=p&typeid=i","cat":284428},{"id":137864,"n":"Riz long étuvé Eco+ 4x125g","p":0.87,"u":"1,74 €/KG","img":"https://fd9-photos.leclercdrive.fr/image.ashx?id=1991126&use=l&cat=p&typeid=i","cat":284428},{"id":137865,"n":"Compote SSA Douceur du Verger Gourdes Pomme Poire - 4x90g","p":1.23,"u":"3,42 €/KG","img":"https://fd9-photos.leclercdrive.fr/image.ashx?id=2837069&use=l&cat=p&typeid=i","cat":284508},{"id":137866,"n":"Compotes Douceur du Verger Pomme Banane - 4x90g","p":1.39,"u":"3,86 €/KG","img":"https://fd9-photos.leclercdrive.fr/image.ashx?id=2837066&use=l&cat=p&typeid=i","cat":284508},{"id":137883,"n":"Rillettes thon Ronde des Mers 220g","p":2.64,"u":"12,00 €/KG","img":"https://fd9-photos.leclercdrive.fr/image.ashx?id=2436693&use=l&cat=p&typeid=i","cat":284451},{"id":137892,"n":"Biscottes bio Bio Village sans sel ni sucres ajoutés 100g","p":2.09,"u":"6,97 €/KG","img":"https://fd9-photos.leclercdrive.fr/image.ashx?id=1987015&use=l&cat=p&typeid=i","cat":284479},{"id":137897,"n":"Bretzels bio Bio Village 150g","p":1.99,"u":"13,27 €/KG","img":"https://fd9-photos.leclercdrive.fr/image.ashx?id=2390663&use=l&cat=p&typeid=i","cat":297000},{"id":137907,"n":"Compote Douceur du Verger Coupelle pomme mangue - 4x100g","p":1.45,"u":"3,63 €/KG","img":"https://fd9-photos.leclercdrive.fr/image.ashx?id=2663548&use=l&cat=p&typeid=i","cat":284508},{"id":137910,"n":"Compote Douceur du Verger Gourdes multivariétés - 20x90g","p":6.09,"u":"3,38 €/KG","img":"https://fd9-photos.leclercdrive.fr/image.ashx?id=2805048&use=l&cat=p&typeid=i","cat":284508},{"id":137971,"n":"Carottes rapées à la Ciboulette Pierre Martinet - 510g","p":2.0,"u":"3,92 €/KG","img":"https://fd9-photos.leclercdrive.fr/image.ashx?id=2990532&use=l&cat=p&typeid=i","cat":333657},{"id":137984,"n":"Gratte éponge Spontex Performance - x6","p":4.0,"u":"0,67 €/P","img":"https://fd9-photos.leclercdrive.fr/image.ashx?id=2673205&use=l&cat=p&typeid=i","cat":284667},{"id":137988,"n":"Préparation Tablier Blanc Frangipane - 200g","p":2.67,"u":"13,35 €/KG","img":"https://fd9-photos.leclercdrive.fr/image.ashx?id=2460628&use=l&cat=p&typeid=i","cat":284504},{"id":138143,"n":"Absorbeur d'humidité Rubson 360 - 40m2 - x1","p":22.5,"img":"https://fd9-photos.leclercdrive.fr/image.ashx?id=2892529&use=l&cat=p&typeid=i","cat":300576},{"id":138159,"n":"Chargeur Basic' Foxter avec 2 accumulateurs","p":10.5,"u":"Dont 0,10 € d'éco-part.","img":"https://fd9-photos.leclercdrive.fr/image.ashx?id=2039000&use=l&cat=p&typeid=i","cat":300572},{"id":138160,"n":"Piles rechargeables Foxter RTU R14 3000mAh","p":7.99,"img":"https://fd9-photos.leclercdrive.fr/image.ashx?id=2034163&use=l&cat=p&typeid=i","cat":300572},{"id":138164,"n":"Piles rechargeables Foxter R20 300mAh chargé - x1","p":7.99,"img":"https://fd9-photos.leclercdrive.fr/image.ashx?id=2034166&use=l&cat=p&typeid=i","cat":300572},{"id":138171,"n":"Piles rechargeables Foxter R22 - 200mAh - x1","p":4.69,"img":"https://fd9-photos.leclercdrive.fr/image.ashx?id=2034169&use=l&cat=p&typeid=i","cat":300572},{"id":138193,"n":"Fromage blanc bébé Blédina 6m Vanille - 4x100g","p":3.0,"u":"7,50 €/KG","img":"https://fd9-photos.leclercdrive.fr/image.ashx?id=2636817&use=l&cat=p&typeid=i","cat":312392},{"id":138298,"n":"Gratte éponge + Microfibre Spontex x6","p":4.08,"u":"0,68 €/P","img":"https://fd9-photos.leclercdrive.fr/image.ashx?id=2673208&use=l&cat=p&typeid=i","cat":284667},{"id":138304,"n":"Fromage apéritif Apéricube Incontournables apéro 48 cubes","p":4.33,"u":"17,32 €/KG","img":"https://fd9-photos.leclercdrive.fr/image.ashx?id=2882671&use=l&cat=p&typeid=i","cat":314027},{"id":138306,"n":"Gratin de choux fleurs jambon Fleury Michon - Lot 2+1 - 840g","p":5.47,"u":"6,51 €/KG","img":"https://fd9-photos.leclercdrive.fr/image.ashx?id=2047445&use=l&cat=p&typeid=i","cat":333665},{"id":138479,"n":"32 Canapés de la mer  215g","p":16.9,"u":"78,60 €/KG","img":"https://fd9-photos.leclercdrive.fr/image.ashx?id=2325176&use=l&cat=p&typeid=i","cat":327280},{"id":138537,"n":"Coloration Casting Crème Gloss  400 Châtain Craquant","p":8.61,"img":"https://fd9-photos.leclercdrive.fr/image.ashx?id=2869080&use=l&cat=p&typeid=i","cat":288899},{"id":138621,"n":"Whisky Togouchi Beer C. Finish 40% - 70cl","p":41.9,"u":"59,86 €/L","img":"https://fd9-photos.leclercdrive.fr/image.ashx?id=2966764&use=l&cat=p&typeid=i","cat":284547},{"id":138631,"n":"Whisky Isle of Jura 10 ans 40% - 70cl","p":32.17,"u":"45,96 €/L","img":"https://fd9-photos.leclercdrive.fr/image.ashx?id=2002744&use=l&cat=p&typeid=i","cat":284547},{"id":138648,"n":"Whisky Paul John Nirvana 40% - 70cl","p":30.55,"u":"43,64 €/L","img":"https://fd9-photos.leclercdrive.fr/image.ashx?id=2002936&use=l&cat=p&typeid=i","cat":284547},{"id":138664,"n":"Guirlande 120 Led blanc chaud 1 pièce","p":7.9,"u":"Dont 0,10 € d'éco-part.","img":"https://fd9-photos.leclercdrive.fr/image.ashx?id=1993783&use=l&cat=p&typeid=i","cat":335913},{"id":138669,"n":"Masque reconstructeur Elsève Dream Long Cheveu Abîmé - 310ml","p":5.29,"u":"17,06 €/L","img":"https://fd9-photos.leclercdrive.fr/image.ashx?id=2278139&use=l&cat=p&typeid=i","cat":284608},{"id":139254,"n":"Boite alcools du monde Abtey Chocolat noir … la liqueur 220g","p":8.46,"u":"33,84 €/KG","img":"https://fd9-photos.leclercdrive.fr/image.ashx?id=2662727&use=l&cat=p&typeid=i","cat":327601},{"id":139255,"n":"Ballotin chocolat  Abtey Royal des lys x17 220g","p":6.27,"u":"28,50 €/KG","img":"https://fd9-photos.leclercdrive.fr/image.ashx?id=2662718&use=l&cat=p&typeid=i","cat":327601},{"id":139265,"n":"Calendrier de l'avent Abtey Chocolat noir la liqueur 290g","p":9.85,"u":"33,97 €/KG","img":"https://fd9-photos.leclercdrive.fr/image.ashx?id=2526728&use=l&cat=p&typeid=i","cat":327601},{"id":139332,"n":"Etui 5 mini Père Noël Rohan 100g","p":2.9,"u":"29,00 €/KG","img":"https://fd9-photos.leclercdrive.fr/image.ashx?id=1995603&use=l&cat=p&typeid=i","cat":327592},{"id":139334,"n":"Père Noel  Rohan Chocolat au lait - 125g","p":3.2,"u":"25,60 €/KG","img":"https://fd9-photos.leclercdrive.fr/image.ashx?id=2484918&use=l&cat=p&typeid=i","cat":327592},{"id":139338,"n":"Père Noel sur cheminé Rohan Chocolat au lait - 200g","p":6.2,"u":"24,80 €/KG","img":"https://fd9-photos.leclercdrive.fr/image.ashx?id=1995594&use=l&cat=p&typeid=i","cat":327592},{"id":139339,"n":"Sachet père noel foot Rohan Père noel et ballons 225g","p":6.6,"u":"29,33 €/KG","img":"https://fd9-photos.leclercdrive.fr/image.ashx?id=2900875&use=l&cat=p&typeid=i","cat":327592},{"id":139341,"n":"Bonhomme de neige Rohan 140g","p":3.28,"u":"23,43 €/KG","img":"https://fd9-photos.leclercdrive.fr/image.ashx?id=1995597&use=l&cat=p&typeid=i","cat":327592},{"id":139345,"n":"Sachet Père Noël x5 Rohan 150g","p":3.76,"u":"25,07 €/KG","img":"https://fd9-photos.leclercdrive.fr/image.ashx?id=2485925&use=l&cat=p&typeid=i","cat":327592},{"id":139391,"n":"Chocolat aux noisettes Africano Gianduja noisettes entière 200g","p":6.9,"u":"34,50 €/KG","img":"https://fd9-photos.leclercdrive.fr/image.ashx?id=2368384&use=l&cat=p&typeid=i","cat":327595},{"id":139392,"n":"Gianduiotti misti Praliné de chocolat aux noisettes -195g","p":8.49,"pp":5.6,"u":"28,72 €/KG","img":"https://fd9-photos.leclercdrive.fr/image.ashx?id=2615161&use=l&cat=p&typeid=i","cat":327595},{"id":139401,"n":"Sachet marrons glacés Motta x9 - 117g","p":11.99,"u":"102,48 €/KG","img":"https://fd9-photos.leclercdrive.fr/image.ashx?id=2854768&use=l&cat=p&typeid=i","cat":327603},{"id":139901,"n":"Sucette Père Noel Rohan 35g","p":1.65,"u":"47,14 €/KG","img":"https://fd9-photos.leclercdrive.fr/image.ashx?id=2013236&use=l&cat=p&typeid=i","cat":327592},{"id":139902,"n":"Sucette Ourson Rohan 35g","p":1.65,"u":"47,14 €/KG","img":"https://fd9-photos.leclercdrive.fr/image.ashx?id=2013212&use=l&cat=p&typeid=i","cat":327592},{"id":139903,"n":"Sucette Renne Rohan 35g","p":1.65,"u":"47,14 €/KG","img":"https://fd9-photos.leclercdrive.fr/image.ashx?id=2013215&use=l&cat=p&typeid=i","cat":284958},{"id":140200,"n":"Téléphone émoti'fun - Vtech Blanc - Dès 18 mois","p":19.9,"u":"Dont 0,02 € d'éco-part.","img":"https://fd9-photos.leclercdrive.fr/image.ashx?id=2388736&use=l&cat=p&typeid=i","cat":334379},{"id":140466,"n":"Ambulance secouristes-Playmobil Dès 3 ans","p":44.89,"img":"https://fd9-photos.leclercdrive.fr/image.ashx?id=1999795&use=l&cat=p&typeid=i","cat":334380},{"id":140856,"n":"Fantomes Escape Dès 7 ans","p":32.9,"u":"Dont 0,07 € d'éco-part.","img":"https://fd9-photos.leclercdrive.fr/image.ashx?id=2388838&use=l&cat=p&typeid=i","cat":334378},{"id":140964,"n":"Kidi superstar moov' Dès 3 ans","p":38.95,"u":"Dont 0,05 € d'éco-part.","img":"https://fd9-photos.leclercdrive.fr/image.ashx?id=2388724&use=l&cat=p&typeid=i","cat":334378},{"id":141121,"n":"AOP Beaujolais Nouveau Dubouillon - 75cl","p":5.9,"u":"7,87 €/L","img":"https://fd9-photos.leclercdrive.fr/image.ashx?id=2379236&use=l&cat=p&typeid=i","cat":289556},{"id":141129,"n":"Bonbon Giga Twisty Renne de Noël - 65g","p":1.95,"u":"30,00 €/KG","img":"https://fd9-photos.leclercdrive.fr/image.ashx?id=2803963&use=l&cat=p&typeid=i","cat":327592},{"id":141142,"n":"Sac à main peluche Fizzy Chat -100g","p":12.15,"u":"121,50 €/KG","img":"https://fd9-photos.leclercdrive.fr/image.ashx?id=2025719&use=l&cat=p&typeid=i","cat":327789},{"id":141666,"n":"Rectangles de coton Gilbert Le lot de 180 rectangles","p":2.99,"u":"0,02 €/P","img":"https://fd9-photos.leclercdrive.fr/image.ashx?id=2944131&use=l&cat=p&typeid=i","cat":291163},{"id":142413,"n":"3 boxers coton stretch Dim Noir Taille 6","p":24.95,"u":"8,32 €/P","img":"https://fd9-photos.leclercdrive.fr/image.ashx?id=2560687&use=l&cat=p&typeid=i","cat":291524},{"id":142444,"n":"Champagne brut Lanson Le Black - 75cl","p":34.2,"u":"45,60 €/L","img":"https://fd9-photos.leclercdrive.fr/image.ashx?id=2919757&use=l&cat=p&typeid=i","cat":284542},{"id":142941,"n":"Coffret Scorpio Gold Eau de toilette + déo + crème","p":15.18,"img":"https://fd9-photos.leclercdrive.fr/image.ashx?id=2334917&use=l&cat=p&typeid=i","cat":287740},{"id":142943,"n":"Coffret Scorpio Sport Eau de toilette + déo + crème","p":13.89,"img":"https://fd9-photos.leclercdrive.fr/image.ashx?id=2334920&use=l&cat=p&typeid=i","cat":287740},{"id":142945,"n":"Coffret Scorpio Night Eau de toilette + déo + crème","p":15.09,"img":"https://fd9-photos.leclercdrive.fr/image.ashx?id=2334923&use=l&cat=p&typeid=i","cat":287740},{"id":142974,"n":"Filet de maquereaux Pêche Océan Fumé poivre - 150g","p":2.52,"u":"16,80 €/KG","img":"https://fd9-photos.leclercdrive.fr/image.ashx?id=2863051&use=l&cat=p&typeid=i","cat":284342},{"id":142975,"n":"Yaourts panachés Délisse Fraise framboise - 4x125g","p":1.66,"u":"3,32 €/KG","img":"https://fd9-photos.leclercdrive.fr/image.ashx?id=2595543&use=l&cat=p&typeid=i","cat":284410},{"id":142978,"n":"Compotes Douceur du Verger Panachées - 16x100g","p":3.85,"u":"2,41 €/KG","img":"https://fd9-photos.leclercdrive.fr/image.ashx?id=2990236&use=l&cat=p&typeid=i","cat":284416},{"id":143001,"n":"Dosettes café Plantation CLassique - x60 - 416g","p":6.09,"u":"14,64 €/KG","img":"https://fd9-photos.leclercdrive.fr/image.ashx?id=2824289&use=l&cat=p&typeid=i","cat":293238},{"id":143023,"n":"Beef-Stick Vitakraft x4 - 48g","p":2.21,"u":"46,04 €/KG","img":"https://fd9-photos.leclercdrive.fr/image.ashx?id=2857686&use=l&cat=p&typeid=i","cat":294527},{"id":143037,"n":"Toast apéro Pasquier Campagne - 100g","p":1.81,"u":"18,10 €/KG","img":"https://fd9-photos.leclercdrive.fr/image.ashx?id=2600674&use=l&cat=p&typeid=i","cat":285454},{"id":143039,"n":"Toast apéro Pasquier Brioché - 100g","p":1.56,"u":"15,60 €/KG","img":"https://fd9-photos.leclercdrive.fr/image.ashx?id=2360620&use=l&cat=p&typeid=i","cat":285454},{"id":143237,"n":"Piles Eco+ AAA/LR3 - x8","p":1.27,"img":"https://fd9-photos.leclercdrive.fr/image.ashx?id=2036221&use=l&cat=p&typeid=i","cat":300572},{"id":143344,"n":"Biscottes Eco+ 90 tranches - 750g","p":2.08,"u":"2,77 €/KG","img":"https://fd9-photos.leclercdrive.fr/image.ashx?id=2662580&use=l&cat=p&typeid=i","cat":284479},{"id":143345,"n":"Biscottes Epi d'Or x108 - 900g","p":2.52,"u":"2,80 €/KG","img":"https://fd9-photos.leclercdrive.fr/image.ashx?id=2532847&use=l&cat=p&typeid=i","cat":284479},{"id":143349,"n":"Infusion detox Bio Village Bio - x20","p":1.87,"u":"62,33 €/KG","img":"https://fd9-photos.leclercdrive.fr/image.ashx?id=2672960&use=l&cat=p&typeid=i","cat":293234},{"id":143471,"n":"Champagne Canard Duchêne Demi sec - 2x75cl","p":49.3,"u":"32,87 €/L","img":"https://fd9-photos.leclercdrive.fr/image.ashx?id=2971577&use=l&cat=p&typeid=i","cat":284542},{"id":143477,"n":"Dessert liégeois Viennois  Café - 4x100g","p":1.56,"u":"3,90 €/KG","img":"https://fd9-photos.leclercdrive.fr/image.ashx?id=2692110&use=l&cat=p&typeid=i","cat":285042},{"id":143478,"n":"Dessert liégeois Viennois  Chocolat - 4x100g","p":1.56,"u":"3,90 €/KG","img":"https://fd9-photos.leclercdrive.fr/image.ashx?id=2849689&use=l&cat=p&typeid=i","cat":285042},{"id":143480,"n":"Cidre bio brut Ecusson Généreux - 2x75cl","p":6.74,"u":"4,49 €/L","img":"https://fd9-photos.leclercdrive.fr/image.ashx?id=2687827&use=l&cat=p&typeid=i","cat":334880},{"id":143481,"n":"Cidre bio doux Ecusson Fruité - 2x75cl","p":5.72,"u":"3,81 €/L","img":"https://fd9-photos.leclercdrive.fr/image.ashx?id=2687830&use=l&cat=p&typeid=i","cat":334880},{"id":143528,"n":"Dessert liégeois Viennois  Panaché Chocolat Café - 8x100g","p":2.88,"u":"3,60 €/KG","img":"https://fd9-photos.leclercdrive.fr/image.ashx?id=2675298&use=l&cat=p&typeid=i","cat":285042},{"id":143717,"n":"Coquilles St-Jacques bretonne 50% de noix OFG - 360g","p":11.94,"u":"33,17 €/KG","img":"https://fd9-photos.leclercdrive.fr/image.ashx?id=2531898&use=l&cat=p&typeid=i","cat":319775},{"id":143744,"n":"Chutney d'abricot Labeyrie 50g","p":1.8,"u":"36,00 €/KG","img":"https://fd9-photos.leclercdrive.fr/image.ashx?id=2185208&use=l&cat=p&typeid=i","cat":316008},{"id":143812,"n":"Tomates farcies Marie Riz à la tomate - 360g","p":3.79,"u":"10,53 €/KG","img":"https://fd9-photos.leclercdrive.fr/image.ashx?id=2317483&use=l&cat=p&typeid=i","cat":333665},{"id":143834,"n":"Escargots Maitre Coquille Label rouge x12 - 96g","p":5.49,"u":"57,19 €/KG","img":"https://fd9-photos.leclercdrive.fr/image.ashx?id=2031628&use=l&cat=p&typeid=i","cat":319775},{"id":144367,"n":"Copeaux savon Marseille  UNI VERT - 750g","p":3.9,"u":"5,20 €/KG","img":"https://fd9-photos.leclercdrive.fr/image.ashx?id=2574470&use=l&cat=p&typeid=i","cat":325365},{"id":144636,"n":"Boisson énergisante Monster Energy Pacific Punch - 50CL","p":1.69,"u":"3,38 €/L","img":"https://fd9-photos.leclercdrive.fr/image.ashx?id=2148407&use=l&cat=p&typeid=i","cat":284533},{"id":144773,"n":"Yaourt ferments lactiques Alsa 4 sachets - 8g","p":2.71,"u":"338,75 €/KG","img":"https://fd9-photos.leclercdrive.fr/image.ashx?id=2813875&use=l&cat=p&typeid=i","cat":284505},{"id":144781,"n":"Pizza XXL Turini Boeuf Cheddar - 530g","p":4.19,"u":"7,91 €/KG","img":"https://fd9-photos.leclercdrive.fr/image.ashx?id=2905934&use=l&cat=p&typeid=i","cat":333679},{"id":144834,"n":"Dosettes café Plantation  Corsé - x60 - 417g","p":5.79,"u":"13,88 €/KG","img":"https://fd9-photos.leclercdrive.fr/image.ashx?id=2824292&use=l&cat=p&typeid=i","cat":293238},{"id":144913,"n":"Cidre Loïc Raison Doux Fruité 2x75cl","p":5.02,"u":"3,35 €/L","img":"https://fd9-photos.leclercdrive.fr/image.ashx?id=2606289&use=l&cat=p&typeid=i","cat":334880},{"id":144923,"n":"AOP Bordeaux blanc Roumaguet - 75cl","p":3.99,"u":"5,32 €/L","img":"https://fd9-photos.leclercdrive.fr/image.ashx?id=2370107&use=l&cat=p&typeid=i","cat":289557},{"id":145041,"n":"Dattes Couleurs Vives Moelleuses - 250g","p":1.99,"u":"7,96 €/KG","img":"https://fd9-photos.leclercdrive.fr/image.ashx?id=2543938&use=l&cat=p&typeid=i","cat":284357},{"id":145065,"n":"Dés fromage Origan Basilic Les Croisés - 300g","p":2.83,"u":"9,43 €/KG","img":"https://fd9-photos.leclercdrive.fr/image.ashx?id=2744243&use=l&cat=p&typeid=i","cat":314027},{"id":145103,"n":"Lames de rasoir Gillette Fusion 5 recharges - x6","p":38.36,"u":"6,39 €/P","img":"https://fd9-photos.leclercdrive.fr/image.ashx?id=2457545&use=l&cat=p&typeid=i","cat":284616},{"id":145105,"n":"Lames de rasoir Gillette Proglide recharges - x4","p":18.95,"u":"4,74 €/P","img":"https://fd9-photos.leclercdrive.fr/image.ashx?id=2542603&use=l&cat=p&typeid=i","cat":284616},{"id":145107,"n":"Rasoir 3 lames Gillette Mach 3 - 1 pièce","p":18.49,"img":"https://fd9-photos.leclercdrive.fr/image.ashx?id=2542612&use=l&cat=p&typeid=i","cat":284616},{"id":145109,"n":"Rasoir 3 lames Gillette Fusion 5 - 1 pièce","p":14.8,"img":"https://fd9-photos.leclercdrive.fr/image.ashx?id=2542621&use=l&cat=p&typeid=i","cat":284616},{"id":145115,"n":"Anti-moustiques Labo Marie Rose Répulsif & apaisant 6h - 100ml","p":4.93,"u":"49,30 €/L","img":"https://fd9-photos.leclercdrive.fr/image.ashx?id=2666743&use=l&cat=p&typeid=i","cat":299654},{"id":145119,"n":"Durex Préservatifs Nude Ultra Fins Sensation et Sécurité x8","p":8.05,"u":"1,01 €/P","img":"https://fd9-photos.leclercdrive.fr/image.ashx?id=2531760&use=l&cat=p&typeid=i","cat":284631},{"id":145120,"n":"Préservatifs Classic Lubrifiés - x14","p":4.64,"img":"https://fd9-photos.leclercdrive.fr/image.ashx?id=2848704&use=l&cat=p&typeid=i","cat":284631},{"id":145121,"n":"Préservatifs Classic Intimy Lubrifiés - x28","p":8.81,"u":"0,31 €/P","img":"https://fd9-photos.leclercdrive.fr/image.ashx?id=2927324&use=l&cat=p&typeid=i","cat":284631},{"id":145130,"n":"Rasoir Gillette Skinguard Sensitive aloé vera - 1 pièce","p":14.36,"img":"https://fd9-photos.leclercdrive.fr/image.ashx?id=2569914&use=l&cat=p&typeid=i","cat":284616},{"id":145209,"n":"Pomme de terre grenailles bio Bio Village - 750g","p":1.99,"u":"2,65 €/KG","img":"https://fd9-photos.leclercdrive.fr/image.ashx?id=2960574&use=l&cat=p&typeid=i","cat":284352},{"id":145217,"n":"Préservatifs Durex Confort XXL Extra Large Forme Droite x10","p":6.99,"u":"0,70 €/P","img":"https://fd9-photos.leclercdrive.fr/image.ashx?id=2862119&use=l&cat=p&typeid=i","cat":284631},{"id":145255,"n":"Ciseaux à ongles Mercurochrome 1 pièce","p":3.8,"img":"https://fd9-photos.leclercdrive.fr/image.ashx?id=2788493&use=l&cat=p&typeid=i","cat":325354},{"id":145269,"n":"Feuilletés Tomate Mozzarella Côté Table - 2x130g","p":2.89,"u":"11,12 €/KG","img":"https://fd9-photos.leclercdrive.fr/image.ashx?id=2958665&use=l&cat=p&typeid=i","cat":333671},{"id":145349,"n":"Purée Douceur du Verger Pomme banane - x4 - 400g","p":1.41,"u":"3,53 €/KG","img":"https://fd9-photos.leclercdrive.fr/image.ashx?id=2036728&use=l&cat=p&typeid=i","cat":284416},{"id":145355,"n":"Purée Douceur du Verger Pomme fraise - x4 - 400g","p":1.3,"u":"3,25 €/KG","img":"https://fd9-photos.leclercdrive.fr/image.ashx?id=2036806&use=l&cat=p&typeid=i","cat":284416},{"id":145359,"n":"Grana Padano Bio Village Rapé Bio - 40g","p":1.27,"u":"31,75 €/KG","img":"https://fd9-photos.leclercdrive.fr/image.ashx?id=2036815&use=l&cat=p&typeid=i","cat":314035},{"id":145366,"n":"Rapé 3 fromages Bio Village Bio - 200g","p":2.59,"u":"12,95 €/KG","img":"https://fd9-photos.leclercdrive.fr/image.ashx?id=2036821&use=l&cat=p&typeid=i","cat":314035},{"id":145409,"n":"Noisettes Bio Village Bio Décortiquées - 125g","p":2.36,"u":"18,88 €/KG","img":"https://fd9-photos.leclercdrive.fr/image.ashx?id=2036865&use=l&cat=p&typeid=i","cat":284357},{"id":145410,"n":"Amandes grillées Couleurs Vives Décortiquées - non salé - 250g","p":3.47,"u":"13,88 €/KG","img":"https://fd9-photos.leclercdrive.fr/image.ashx?id=2542929&use=l&cat=p&typeid=i","cat":284357},{"id":145411,"n":"Filet de cabillaud Pêche Océan MSC - x4 - 400g","p":7.89,"u":"19,73 €/KG","img":"https://fd9-photos.leclercdrive.fr/image.ashx?id=2930129&use=l&cat=p&typeid=i","cat":319786},{"id":145491,"n":"Peau chamoisée multiusage Tech9 Taille S - 30x45cm - 1 pièce","p":5.45,"img":"https://fd9-photos.leclercdrive.fr/image.ashx?id=2068417&use=l&cat=p&typeid=i","cat":298252},{"id":145500,"n":"Chips extra croquante Vico 150g","p":1.1,"u":"7,33 €/KG","img":"https://fd9-photos.leclercdrive.fr/image.ashx?id=2917822&use=l&cat=p&typeid=i","cat":284447},{"id":145513,"n":"Fond de veau Kubor Maggi Dégraissé - 100g","p":2.65,"u":"26,50 €/KG","img":"https://fd9-photos.leclercdrive.fr/image.ashx?id=2917540&use=l&cat=p&typeid=i","cat":288379},{"id":145516,"n":"Gourde bébé bio Bio Village Pomme poire vanille - 4x90g","p":2.79,"u":"7,75 €/KG","img":"https://fd9-photos.leclercdrive.fr/image.ashx?id=2704867&use=l&cat=p&typeid=i","cat":312393},{"id":145524,"n":"Ampoule Led Standard Philips 7W (60W) B22 dépoli - x1","p":7.8,"u":"Dont 0,29 € d'éco-part.","img":"https://fd9-photos.leclercdrive.fr/image.ashx?id=2507410&use=l&cat=p&typeid=i","cat":300573},{"id":145560,"n":"Frites rustique Pom'lisse 600g","p":1.99,"u":"3,32 €/KG","img":"https://fd9-photos.leclercdrive.fr/image.ashx?id=2770690&use=l&cat=p&typeid=i","cat":319791},{"id":145563,"n":"Sirop d'érable bio Bio Village 250g","p":4.15,"u":"16,60 €/KG","img":"https://fd9-photos.leclercdrive.fr/image.ashx?id=2037860&use=l&cat=p&typeid=i","cat":287643},{"id":145575,"n":"Ampoule Led Standard Philips 8.5W (75W) B22 dépoli - x1","p":8.9,"u":"Dont 0,29 € d'éco-part.","img":"https://fd9-photos.leclercdrive.fr/image.ashx?id=2507458&use=l&cat=p&typeid=i","cat":300573},{"id":145577,"n":"Ampoule Led Spot Philips 4,-W (50W) GU10 Verre - x1","p":13.07,"u":"Dont 0,58 € d'éco-part.","img":"https://fd9-photos.leclercdrive.fr/image.ashx?id=2520746&use=l&cat=p&typeid=i","cat":300573},{"id":145583,"n":"Eau nettoyante Mots d'Enfants bébé bio - 750ml","p":3.99,"u":"5,32 €/L","img":"https://fd9-photos.leclercdrive.fr/image.ashx?id=3014251&use=l&cat=p&typeid=i","cat":284741},{"id":145598,"n":"Gourde bébé bio Bio Village Pomme Banane Myrtille - 4x90g","p":2.79,"u":"7,75 €/KG","img":"https://fd9-photos.leclercdrive.fr/image.ashx?id=2878759&use=l&cat=p&typeid=i","cat":312393},{"id":145678,"n":"Désodorisant recharge Febreze Rosé du matin - x1 - 20ml","p":4.14,"u":"207,00 €/L","img":"https://fd9-photos.leclercdrive.fr/image.ashx?id=2145094&use=l&cat=p&typeid=i","cat":311629},{"id":145700,"n":"Tartiflette Côté Table 900g","p":4.55,"u":"5,06 €/KG","img":"https://fd9-photos.leclercdrive.fr/image.ashx?id=2991142&use=l&cat=p&typeid=i","cat":284254},{"id":145883,"n":"Sauce Provencale NRT Aux tomates - 400g","p":1.92,"u":"4,80 €/KG","img":"https://fd9-photos.leclercdrive.fr/image.ashx?id=2840004&use=l&cat=p&typeid=i","cat":288384},{"id":145884,"n":"Mogette cuite au naturel NRT De Vendée - 265g","p":1.69,"u":"6,38 €/KG","img":"https://fd9-photos.leclercdrive.fr/image.ashx?id=2771426&use=l&cat=p&typeid=i","cat":312606},{"id":145901,"n":"Film fraîcheur Albal Découpe Facile - 20m","p":1.98,"img":"https://fd9-photos.leclercdrive.fr/image.ashx?id=2551456&use=l&cat=p&typeid=i","cat":334134},{"id":145931,"n":"Parmentier de canard Côté Table 600g","p":5.61,"u":"9,35 €/KG","img":"https://fd9-photos.leclercdrive.fr/image.ashx?id=2898263&use=l&cat=p&typeid=i","cat":284254},{"id":145948,"n":"Yaourt brassés Délisse Fruits saison - 8x125g","p":2.75,"u":"2,75 €/KG","img":"https://fd9-photos.leclercdrive.fr/image.ashx?id=2995658&use=l&cat=p&typeid=i","cat":284410},{"id":146060,"n":"Gazpacho L'Original Alvalle 1L","p":3.56,"u":"3,56 €/L","img":"https://fd9-photos.leclercdrive.fr/image.ashx?id=2672047&use=l&cat=p&typeid=i","cat":284355},{"id":146132,"n":"Whisky fondaudege etuit 40° Single Malt - 70cl","p":26.26,"u":"37,51 €/L","img":"https://fd9-photos.leclercdrive.fr/image.ashx?id=2522263&use=l&cat=p&typeid=i","cat":284547},{"id":146330,"n":"Yaourts brassés Bio Village Fruits rouges bio - 8x125g","p":3.35,"u":"3,35 €/KG","img":"https://fd9-photos.leclercdrive.fr/image.ashx?id=2706670&use=l&cat=p&typeid=i","cat":284410},{"id":146366,"n":"Quiche Lorraine Marie Pur beurre - 400g","p":3.27,"u":"8,18 €/KG","img":"https://fd9-photos.leclercdrive.fr/image.ashx?id=2996674&use=l&cat=p&typeid=i","cat":284257},{"id":146404,"n":"Recharges chlorophylle 4x1kg","p":13.99,"u":"3,50 €/KG","img":"https://fd9-photos.leclercdrive.fr/image.ashx?id=2042691&use=l&cat=p&typeid=i","cat":300576},{"id":146412,"n":"Infusion bio Jardin Bio Digestion légère x20 - 30g","p":2.61,"u":"87,00 €/KG","img":"https://fd9-photos.leclercdrive.fr/image.ashx?id=2792603&use=l&cat=p&typeid=i","cat":293234},{"id":146413,"n":"Infusion bio Jardin Bio Détente sommeil x20 - 30g","p":2.43,"u":"81,00 €/KG","img":"https://fd9-photos.leclercdrive.fr/image.ashx?id=3011449&use=l&cat=p&typeid=i","cat":293234},{"id":146414,"n":"Infusion bio Jardin Bio Nuits paisibles x20 - 30g","p":2.72,"u":"90,67 €/KG","img":"https://fd9-photos.leclercdrive.fr/image.ashx?id=2792612&use=l&cat=p&typeid=i","cat":293234},{"id":146415,"n":"Infusion Jardin Bio Bio digestion - x20 - 30g","p":2.64,"u":"88,00 €/KG","img":"https://fd9-photos.leclercdrive.fr/image.ashx?id=2792615&use=l&cat=p&typeid=i","cat":293234},{"id":146417,"n":"Infusion Jardin Bio Bio Thym citron - 30g - x20","p":2.32,"u":"77,33 €/KG","img":"https://fd9-photos.leclercdrive.fr/image.ashx?id=2792621&use=l&cat=p&typeid=i","cat":293234},{"id":146418,"n":"Infusion Jardin Bio Bio ventre plat - x20 - 30g","p":2.32,"u":"77,33 €/KG","img":"https://fd9-photos.leclercdrive.fr/image.ashx?id=2986564&use=l&cat=p&typeid=i","cat":293234},{"id":146419,"n":"Infusion Jardin Bio Bio bruleur de graisse x20 -30g","p":2.4,"u":"80,00 €/KG","img":"https://fd9-photos.leclercdrive.fr/image.ashx?id=2968322&use=l&cat=p&typeid=i","cat":293234},{"id":146421,"n":"Infusion Jardin Bio Bio detox - x20 - 30g","p":2.32,"u":"77,33 €/KG","img":"https://fd9-photos.leclercdrive.fr/image.ashx?id=2792630&use=l&cat=p&typeid=i","cat":293234},{"id":146422,"n":"Thé vert Jardin Bio Bio minceur - x20 - 30g","p":2.57,"u":"85,67 €/KG","img":"https://fd9-photos.leclercdrive.fr/image.ashx?id=2948066&use=l&cat=p&typeid=i","cat":293233},{"id":146425,"n":"Thé Jardin Bio Bio détox - x20 - 30g","p":2.32,"u":"77,33 €/KG","img":"https://fd9-photos.leclercdrive.fr/image.ashx?id=2578205&use=l&cat=p&typeid=i","cat":293233},{"id":146426,"n":"Thé vert bio Jardin Bio Gingembre citron vert x20 - 30g","p":2.61,"u":"87,00 €/KG","img":"https://fd9-photos.leclercdrive.fr/image.ashx?id=3011452&use=l&cat=p&typeid=i","cat":293233},{"id":146916,"n":"Préparation alsa Crème Pâtissière - 390g","p":2.86,"u":"7,33 €/KG","img":"https://fd9-photos.leclercdrive.fr/image.ashx?id=3007990&use=l&cat=p&typeid=i","cat":284505},{"id":146930,"n":"Piles rechargeabls Duracell 130mAH AA/LR06 - x4","p":13.99,"u":"3,50 €/P","img":"https://fd9-photos.leclercdrive.fr/image.ashx?id=2862830&use=l&cat=p&typeid=i","cat":300572},{"id":147002,"n":"Feuilleté de Mousse La Laitière Chocolat - 4x57g","p":1.68,"u":"7,37 €/KG","img":"https://fd9-photos.leclercdrive.fr/image.ashx?id=2858594&use=l&cat=p&typeid=i","cat":284417},{"id":147009,"n":"Chewing-gum Mentos Pure Fresh  Fraise sans sucres - 100g","p":3.3,"u":"33,00 €/KG","img":"https://fd9-photos.leclercdrive.fr/image.ashx?id=2659804&use=l&cat=p&typeid=i","cat":304251},{"id":147026,"n":"Raviolis farcis Ajinomoto Gyoza crevettes - 400g","p":5.93,"u":"14,83 €/KG","img":"https://fd9-photos.leclercdrive.fr/image.ashx?id=2590297&use=l&cat=p&typeid=i","cat":284254},{"id":147067,"n":"Gyoza Boeuf et Légumes Ajinomoto - 212g","p":4.16,"u":"19,62 €/KG","img":"https://fd9-photos.leclercdrive.fr/image.ashx?id=2590628&use=l&cat=p&typeid=i","cat":319774},{"id":147121,"n":"Grande galette La Mère Poulard x3 - 405g","p":2.81,"u":"6,94 €/KG","img":"https://fd9-photos.leclercdrive.fr/image.ashx?id=2552176&use=l&cat=p&typeid=i","cat":284487},{"id":147127,"n":"Spray dégraissant Clair Savon noir - 750ml","p":2.05,"u":"2,73 €/L","img":"https://fd9-photos.leclercdrive.fr/image.ashx?id=2840389&use=l&cat=p&typeid=i","cat":325357},{"id":147128,"n":"Coton carré Bio Bionaïa x80","p":2.99,"u":"0,04 €/P","img":"https://fd9-photos.leclercdrive.fr/image.ashx?id=2558832&use=l&cat=p&typeid=i","cat":285593},{"id":147143,"n":"Crème de Bresse NRT AOP  40cl","p":2.99,"u":"7,48 €/L","img":"https://fd9-photos.leclercdrive.fr/image.ashx?id=2048608&use=l&cat=p&typeid=i","cat":284381},{"id":147224,"n":"Capsules Nescafé Dolce Gusto  Espresso - x30","p":7.62,"u":"46,18 €/KG","img":"https://fd9-photos.leclercdrive.fr/image.ashx?id=2737105&use=l&cat=p&typeid=i","cat":293239},{"id":147237,"n":"Compote Douceur du Verger    Bocal pomme morceaux - 730g","p":1.74,"u":"2,38 €/KG","img":"https://fd9-photos.leclercdrive.fr/image.ashx?id=2663563&use=l&cat=p&typeid=i","cat":284508},{"id":147241,"n":"Dessert pommes citrons NRT 570g","p":3.55,"u":"6,23 €/KG","img":"https://fd9-photos.leclercdrive.fr/image.ashx?id=2840007&use=l&cat=p&typeid=i","cat":284508},{"id":147244,"n":"Dessert kiwi et pommes NRT 570g","p":3.55,"u":"6,23 €/KG","img":"https://fd9-photos.leclercdrive.fr/image.ashx?id=2840013&use=l&cat=p&typeid=i","cat":284508},{"id":147245,"n":"Dessert abricots et pommes NRT 570g","p":3.55,"u":"6,23 €/KG","img":"https://fd9-photos.leclercdrive.fr/image.ashx?id=2840016&use=l&cat=p&typeid=i","cat":284508},{"id":147246,"n":"Bonbons au miel NRT De Vendée - 200g","p":2.6,"u":"13,00 €/KG","img":"https://fd9-photos.leclercdrive.fr/image.ashx?id=2771423&use=l&cat=p&typeid=i","cat":304252},{"id":147248,"n":"Muesli  Grainea chocolat Noisette 350g","p":2.84,"u":"8,11 €/KG","img":"https://fd9-photos.leclercdrive.fr/image.ashx?id=3002827&use=l&cat=p&typeid=i","cat":309512},{"id":147254,"n":"Confiture Eco+ Fraise - 450g","p":1.14,"u":"2,53 €/KG","img":"https://fd9-photos.leclercdrive.fr/image.ashx?id=2953200&use=l&cat=p&typeid=i","cat":284480},{"id":147256,"n":"Confiture Eco+ Framboise - 450g","p":2.37,"u":"5,27 €/KG","img":"https://fd9-photos.leclercdrive.fr/image.ashx?id=2773229&use=l&cat=p&typeid=i","cat":284480},{"id":147268,"n":"Croquettes Plénima Petit chien sans céréales 2kg","p":6.15,"u":"3,08 €/KG","img":"https://fd9-photos.leclercdrive.fr/image.ashx?id=2047097&use=l&cat=p&typeid=i","cat":294526},{"id":147279,"n":"Croquettes Plénima Sans céréales - 2kg","p":6.0,"u":"3,00 €/KG","img":"https://fd9-photos.leclercdrive.fr/image.ashx?id=2047100&use=l&cat=p&typeid=i","cat":284672},{"id":147286,"n":"Croquette pour chat Plénima Poulet - 600g","p":2.45,"u":"4,08 €/KG","img":"https://fd9-photos.leclercdrive.fr/image.ashx?id=2047114&use=l&cat=p&typeid=i","cat":284680},{"id":147295,"n":"Croquette chat Plénima Saumon - Stérilisé 600g","p":2.45,"u":"4,08 €/KG","img":"https://fd9-photos.leclercdrive.fr/image.ashx?id=2047120&use=l&cat=p&typeid=i","cat":284680},{"id":147296,"n":"Gourde Bio Village - 6 mois Bio - 6x90g","p":4.39,"u":"8,13 €/KG","img":"https://fd9-photos.leclercdrive.fr/image.ashx?id=2704879&use=l&cat=p&typeid=i","cat":312393},{"id":147338,"n":"AOC Lubéron L'Héritière Amédée - 6x75cl","p":17.6,"u":"3,91 €/L","img":"https://fd9-photos.leclercdrive.fr/image.ashx?id=2066545&use=l&cat=p&typeid=i","cat":289558},{"id":147395,"n":"AOC Alsace Sylvaner H.Ehrhart Réserve Particulière - 6x75cl","p":17.2,"u":"3,82 €/L","img":"https://fd9-photos.leclercdrive.fr/image.ashx?id=2072265&use=l&cat=p&typeid=i","cat":289557},{"id":147406,"n":"AOC Ventoux rosé La Pierre du Dibale - 6x75cl","p":16.2,"u":"3,60 €/L","img":"https://fd9-photos.leclercdrive.fr/image.ashx?id=2063953&use=l&cat=p&typeid=i","cat":289558},{"id":147408,"n":"AOP Saint-Chinian rosé Domaine Sainte-Foi - 6x75cl","p":15.57,"u":"3,46 €/L","img":"https://fd9-photos.leclercdrive.fr/image.ashx?id=2639687&use=l&cat=p&typeid=i","cat":289558},{"id":147421,"n":"Saucisse de Morteau à cuire L'Atelier Charcuterie - 350g","p":5.89,"u":"16,83 €/KG","img":"https://fd9-photos.leclercdrive.fr/image.ashx?id=2068076&use=l&cat=p&typeid=i","cat":316012},{"id":147424,"n":"Saucisse de Montbéliard à cuire L'Atelier Charcuterie - 2x150g","p":4.49,"u":"14,97 €/KG","img":"https://fd9-photos.leclercdrive.fr/image.ashx?id=2992663&use=l&cat=p&typeid=i","cat":316012},{"id":147441,"n":"Pochons Tous mes amis 4x100g","p":1.49,"u":"3,73 €/KG","img":"https://fd9-photos.leclercdrive.fr/image.ashx?id=2055346&use=l&cat=p&typeid=i","cat":284673},{"id":147442,"n":"Pochons Tous mes amis Sauce viande - 12x100g","p":3.65,"u":"3,04 €/KG","img":"https://fd9-photos.leclercdrive.fr/image.ashx?id=2054993&use=l&cat=p&typeid=i","cat":288578},{"id":147443,"n":"Stick torsades Tous mes amis x4 - 70g","p":0.72,"u":"10,29 €/KG","img":"https://fd9-photos.leclercdrive.fr/image.ashx?id=2361733&use=l&cat=p&typeid=i","cat":294527},{"id":147444,"n":"Snack récompense Tous mes amis Fromage boeuf - 140g","p":1.39,"u":"9,93 €/KG","img":"https://fd9-photos.leclercdrive.fr/image.ashx?id=2345565&use=l&cat=p&typeid=i","cat":294527},{"id":147449,"n":"Granola Grainea Chocolat noir amandes - 350g","p":2.75,"u":"7,86 €/KG","img":"https://fd9-photos.leclercdrive.fr/image.ashx?id=2611949&use=l&cat=p&typeid=i","cat":309512},{"id":147454,"n":"Granola Grainea 350g","p":2.64,"u":"7,54 €/KG","img":"https://fd9-photos.leclercdrive.fr/image.ashx?id=2568340&use=l&cat=p&typeid=i","cat":309512},{"id":147456,"n":"Capsules café Plantation Ristretto n°12 - x30 - 156g","p":5.19,"u":"33,27 €/KG","img":"https://fd9-photos.leclercdrive.fr/image.ashx?id=2867263&use=l&cat=p&typeid=i","cat":284749},{"id":147464,"n":"Infusion bien-être Jardin Bio Bio x20 - 28g","p":2.65,"u":"94,64 €/KG","img":"https://fd9-photos.leclercdrive.fr/image.ashx?id=2792606&use=l&cat=p&typeid=i","cat":293234},{"id":147465,"n":"Infusion Jardin Bio Bio calme & Sérénité x20 - 30g","p":2.65,"u":"88,33 €/KG","img":"https://fd9-photos.leclercdrive.fr/image.ashx?id=2792618&use=l&cat=p&typeid=i","cat":293234},{"id":147468,"n":"Jus de citron Jardin Bio Bio - 25cl","p":1.72,"u":"6,88 €/L","img":"https://fd9-photos.leclercdrive.fr/image.ashx?id=3015317&use=l&cat=p&typeid=i","cat":288383},{"id":147472,"n":"Eponge maxi 1 pièce","p":2.29,"img":"https://fd9-photos.leclercdrive.fr/image.ashx?id=2068381&use=l&cat=p&typeid=i","cat":298252},{"id":147474,"n":"Coupe ongles Primoplast 1 pièce","p":2.0,"img":"https://fd9-photos.leclercdrive.fr/image.ashx?id=2833008&use=l&cat=p&typeid=i","cat":325354},{"id":147479,"n":"Led filament standard 8-75W - E27","p":5.99,"u":"Dont 0,12 € d'éco-part.","img":"https://fd9-photos.leclercdrive.fr/image.ashx?id=2070455&use=l&cat=p&typeid=i","cat":300573},{"id":147523,"n":"Gel douche Bionaïa Framboise orange bio - 250ml","p":1.43,"u":"5,72 €/L","img":"https://fd9-photos.leclercdrive.fr/image.ashx?id=2538137&use=l&cat=p&typeid=i","cat":284594},{"id":147524,"n":"Gel douche Bionaïa Miel fleur d'oranger bio -250ml","p":1.43,"u":"5,72 €/L","img":"https://fd9-photos.leclercdrive.fr/image.ashx?id=2512487&use=l&cat=p&typeid=i","cat":284594},{"id":147525,"n":"Huile bio Bio naïa Jojoba - 50ml","p":4.57,"u":"91,40 €/L","img":"https://fd9-photos.leclercdrive.fr/image.ashx?id=2436711&use=l&cat=p&typeid=i","cat":325349},{"id":147526,"n":"Huile bio Bio naïa Argan - 50ml","p":4.75,"u":"95,00 €/L","img":"https://fd9-photos.leclercdrive.fr/image.ashx?id=2436714&use=l&cat=p&typeid=i","cat":325349},{"id":147527,"n":"Huile bio Bio naïa Ricin - 50ml","p":3.99,"u":"79,80 €/L","img":"https://fd9-photos.leclercdrive.fr/image.ashx?id=2436717&use=l&cat=p&typeid=i","cat":325349},{"id":147528,"n":"Huile bio Bio naïa Amande douce - 50ml","p":3.79,"u":"75,80 €/L","img":"https://fd9-photos.leclercdrive.fr/image.ashx?id=2436720&use=l&cat=p&typeid=i","cat":325349},{"id":147529,"n":"Blocs WC Eco + Parfum pin - 3x40g","p":1.17,"u":"9,75 €/KG","img":"https://fd9-photos.leclercdrive.fr/image.ashx?id=2849560&use=l&cat=p&typeid=i","cat":284662},{"id":147531,"n":"Bain moussant Eco + Pêche - 750ml","p":0.52,"u":"0,69 €/L","img":"https://fd9-photos.leclercdrive.fr/image.ashx?id=2779175&use=l&cat=p&typeid=i","cat":284594},{"id":147532,"n":"Crème à récurer Eco + Parfum citron - 750ml","p":0.6,"u":"0,80 €/L","img":"https://fd9-photos.leclercdrive.fr/image.ashx?id=2840731&use=l&cat=p&typeid=i","cat":325357},{"id":147537,"n":"Nettoyant ménager Eco + Citron - 2L","p":1.11,"u":"0,56 €/L","img":"https://fd9-photos.leclercdrive.fr/image.ashx?id=2946148&use=l&cat=p&typeid=i","cat":284907},{"id":147539,"n":"Capsules café Plantation Café au lait - x16 - 152g","p":3.29,"u":"21,64 €/KG","img":"https://fd9-photos.leclercdrive.fr/image.ashx?id=2649750&use=l&cat=p&typeid=i","cat":293239},{"id":147543,"n":"Gel WC détartrant Eco + Citron - 750ml","p":0.58,"u":"0,77 €/L","img":"https://fd9-photos.leclercdrive.fr/image.ashx?id=2836304&use=l&cat=p&typeid=i","cat":284662},{"id":147544,"n":"Pastilles lave-vaisselle Eco + x50 - 750g","p":2.59,"u":"3,45 €/KG","img":"https://fd9-photos.leclercdrive.fr/image.ashx?id=2865032&use=l&cat=p&typeid=i","cat":284656},{"id":147545,"n":"Pastilles anti-calcaire Eco + x20","p":1.25,"u":"0,06 €/P","img":"https://fd9-photos.leclercdrive.fr/image.ashx?id=2603853&use=l&cat=p&typeid=i","cat":284653},{"id":147546,"n":"Poudre détachante Eco + 1,2kg","p":3.29,"u":"2,74 €/KG","img":"https://fd9-photos.leclercdrive.fr/image.ashx?id=2596769&use=l&cat=p&typeid=i","cat":284651},{"id":147548,"n":"Gel désodorisant Eco + Parfum lavande - 1 pièce","p":0.53,"img":"https://fd9-photos.leclercdrive.fr/image.ashx?id=2466868&use=l&cat=p&typeid=i","cat":311628},{"id":147549,"n":"Désodorisant mèche Eco + Parfum marine - 375ml","p":1.27,"u":"3,39 €/L","img":"https://fd9-photos.leclercdrive.fr/image.ashx?id=2777788&use=l&cat=p&typeid=i","cat":311628},{"id":147559,"n":"LED Filament standard 6-60W - E27 - claire","p":4.99,"u":"Dont 0,12 € d'éco-part.","img":"https://fd9-photos.leclercdrive.fr/image.ashx?id=2070461&use=l&cat=p&typeid=i","cat":300573},{"id":147564,"n":"LED Filament flamme torsadée 2-25W -  E14 - claire","p":4.59,"u":"Dont 0,12 € d'éco-part.","img":"https://fd9-photos.leclercdrive.fr/image.ashx?id=2070308&use=l&cat=p&typeid=i","cat":300573},{"id":147623,"n":"Culottes Lotus Baby Douceur Naturelle Taille 4 - x32","p":15.3,"img":"https://fd9-photos.leclercdrive.fr/image.ashx?id=3011869&use=l&cat=p&typeid=i","cat":290633},{"id":147626,"n":"Couches Lotus Baby Douceur Naturelle Taille 4 - x37","p":13.56,"u":"0,37 €/P","img":"https://fd9-photos.leclercdrive.fr/image.ashx?id=2914768&use=l&cat=p&typeid=i","cat":284737},{"id":147666,"n":"Confiture Eco+ 4 fruits rouges - 450g","p":1.79,"u":"3,98 €/KG","img":"https://fd9-photos.leclercdrive.fr/image.ashx?id=2773232&use=l&cat=p&typeid=i","cat":284480},{"id":147677,"n":"Sauce béarnaise Rustica 240g","p":1.29,"u":"5,38 €/KG","img":"https://fd9-photos.leclercdrive.fr/image.ashx?id=2954382&use=l&cat=p&typeid=i","cat":318431},{"id":147678,"n":"Rillettes de saumon Ronde des Mers - 125g","p":1.58,"u":"12,64 €/KG","img":"https://fd9-photos.leclercdrive.fr/image.ashx?id=2436708&use=l&cat=p&typeid=i","cat":305147},{"id":147890,"n":"Crème de change bio So Bio Etic Apaisante - 100ml","p":6.51,"u":"65,10 €/L","img":"https://fd9-photos.leclercdrive.fr/image.ashx?id=2051434&use=l&cat=p&typeid=i","cat":284741},{"id":147942,"n":"Eau micellaire Inell Biphase - 500ml","p":3.85,"u":"7,70 €/L","img":"https://fd9-photos.leclercdrive.fr/image.ashx?id=2051768&use=l&cat=p&typeid=i","cat":284603},{"id":148008,"n":"Genoise P'tit Déli Poire - 150g","p":1.15,"u":"7,67 €/KG","img":"https://fd9-photos.leclercdrive.fr/image.ashx?id=2482508&use=l&cat=p&typeid=i","cat":284489},{"id":148013,"n":"Bocal d'artichauts Notre jardin Grillés - 115g","p":1.99,"u":"17,30 €/KG","img":"https://fd9-photos.leclercdrive.fr/image.ashx?id=2578641&use=l&cat=p&typeid=i","cat":312611},{"id":148027,"n":"Pois chiche Bio Village Bio - 500g","p":1.99,"u":"3,98 €/KG","img":"https://fd9-photos.leclercdrive.fr/image.ashx?id=3002704&use=l&cat=p&typeid=i","cat":284430},{"id":148037,"n":"Purée de tomates italiennes 700g","p":2.4,"u":"3,43 €/KG","img":"https://fd9-photos.leclercdrive.fr/image.ashx?id=3011680&use=l&cat=p&typeid=i","cat":289010},{"id":148070,"n":"Thermomètre Primoplast Electronique - 1 pièce","p":3.89,"img":"https://fd9-photos.leclercdrive.fr/image.ashx?id=2856597&use=l&cat=p&typeid=i","cat":284630},{"id":148078,"n":"Jambon de Vendée IGP LR  L'Atelier Charcuterie - 100g","p":2.99,"u":"29,90 €/KG","img":"https://fd9-photos.leclercdrive.fr/image.ashx?id=2068073&use=l&cat=p&typeid=i","cat":316007},{"id":148079,"n":"Saucisson d'Auvergne IGP NRT L'Atelier Charcuterie LR - 100g","p":2.2,"u":"22,00 €/KG","img":"https://fd9-photos.leclercdrive.fr/image.ashx?id=2994149&use=l&cat=p&typeid=i","cat":316007},{"id":148080,"n":"Shampooing Carré Homme Anti pelliculaire - 250ml","p":1.85,"u":"7,40 €/L","img":"https://fd9-photos.leclercdrive.fr/image.ashx?id=2350526&use=l&cat=p&typeid=i","cat":284621},{"id":148090,"n":"Prosciutto di Parma AOP 20 mois L'Atelier Charcuterie - 90g","p":4.6,"u":"51,11 €/KG","img":"https://fd9-photos.leclercdrive.fr/image.ashx?id=2068738&use=l&cat=p&typeid=i","cat":316007},{"id":148095,"n":"Coppa di parma IGP L'Atelier Charcuterie - 100g","p":3.45,"u":"34,50 €/KG","img":"https://fd9-photos.leclercdrive.fr/image.ashx?id=2068735&use=l&cat=p&typeid=i","cat":316007},{"id":148096,"n":"Jambon de Bayonne IGP  L'Atelier charcuterie - 100g","p":3.33,"u":"33,30 €/KG","img":"https://fd9-photos.leclercdrive.fr/image.ashx?id=2913787&use=l&cat=p&typeid=i","cat":316007},{"id":148103,"n":"Soin hydratant bio So Bio Etic Hydra Aloe Vera - 50ml","p":7.43,"u":"148,60 €/L","img":"https://fd9-photos.leclercdrive.fr/image.ashx?id=2640572&use=l&cat=p&typeid=i","cat":325345},{"id":148105,"n":"Viande des grisons IGP L'Atelier Charcuterie - 80g","p":5.49,"u":"68,63 €/KG","img":"https://fd9-photos.leclercdrive.fr/image.ashx?id=2856648&use=l&cat=p&typeid=i","cat":316007},{"id":148117,"n":"Rosette tranchée Label Rouge L'Atelier Charcuterie - 100g","p":1.79,"u":"17,90 €/KG","img":"https://fd9-photos.leclercdrive.fr/image.ashx?id=2856654&use=l&cat=p&typeid=i","cat":316007},{"id":148120,"n":"Jambon serrano IGP L'Atelier Charcuterie - 120g","p":4.0,"u":"33,33 €/KG","img":"https://fd9-photos.leclercdrive.fr/image.ashx?id=2867931&use=l&cat=p&typeid=i","cat":316007},{"id":148121,"n":"Assiette charcuterie Italienne L'Atelier Charcuterie - 180G","p":5.29,"img":"https://fd9-photos.leclercdrive.fr/image.ashx?id=2856663&use=l&cat=p&typeid=i","cat":316007},{"id":148124,"n":"Datte ravier Favorite Deglet nour - 500g","p":2.3,"u":"4,60 €/KG","img":"https://fd9-photos.leclercdrive.fr/image.ashx?id=2730610&use=l&cat=p&typeid=i","cat":284357},{"id":148206,"n":"TIE Fighter™ impérial Lego Star Wars - Dès 8 ans","p":42.9,"img":"https://fd9-photos.leclercdrive.fr/image.ashx?id=2288605&use=l&cat=p&typeid=i","cat":334380},{"id":148246,"n":"Tajine de légumes Notre Jardin 530g","p":3.15,"u":"5,94 €/KG","img":"https://fd9-photos.leclercdrive.fr/image.ashx?id=2526315&use=l&cat=p&typeid=i","cat":312612},{"id":148250,"n":"Ratatouille  Notre Jardin Provencale - 530g","p":2.76,"u":"5,21 €/KG","img":"https://fd9-photos.leclercdrive.fr/image.ashx?id=2526312&use=l&cat=p&typeid=i","cat":312612},{"id":148291,"n":"Bière Aromatisée Grimbergen Rouge 5,5° - 6x25cl","p":5.23,"u":"3,49 €/L","img":"https://fd9-photos.leclercdrive.fr/image.ashx?id=2873327&use=l&cat=p&typeid=i","cat":334878},{"id":148339,"n":"Embouts jetables Prorhinel Souples - x10","p":5.79,"img":"https://fd9-photos.leclercdrive.fr/image.ashx?id=2148182&use=l&cat=p&typeid=i","cat":284630},{"id":148341,"n":"Spray hygiène du nez Prorhinel à l'aloe vera - enfant - 100ml","p":5.79,"u":"57,90 €/L","img":"https://fd9-photos.leclercdrive.fr/image.ashx?id=2917858&use=l&cat=p&typeid=i","cat":284630},{"id":148355,"n":"Déodorant Monsavon lait Fleur de coton - 200ml","p":1.99,"u":"9,95 €/L","img":"https://fd9-photos.leclercdrive.fr/image.ashx?id=2644930&use=l&cat=p&typeid=i","cat":284595},{"id":148384,"n":"Donut nappé chocolat 180g","p":1.39,"u":"7,72 €/KG","img":"https://fd9-photos.leclercdrive.fr/image.ashx?id=2590707&use=l&cat=p&typeid=i","cat":284495},{"id":148406,"n":"Gel intime Intimy Classic - 150ml","p":5.89,"u":"39,27 €/L","img":"https://fd9-photos.leclercdrive.fr/image.ashx?id=2537980&use=l&cat=p&typeid=i","cat":285160},{"id":148408,"n":"Lames Gillette Fusion 5 - x10","p":38.36,"u":"3,84 €/P","img":"https://fd9-photos.leclercdrive.fr/image.ashx?id=2171878&use=l&cat=p&typeid=i","cat":284616},{"id":148409,"n":"Lames de rasoir Gillette Recharges - x12","p":39.74,"u":"3,31 €/P","img":"https://fd9-photos.leclercdrive.fr/image.ashx?id=2055437&use=l&cat=p&typeid=i","cat":284616},{"id":148410,"n":"Lames Gillette Mach 3 - x16","p":45.9,"u":"2,87 €/P","img":"https://fd9-photos.leclercdrive.fr/image.ashx?id=2409682&use=l&cat=p&typeid=i","cat":284616},{"id":148411,"n":"Lames Gillette Mach 3 - x12","p":35.9,"u":"2,99 €/P","img":"https://fd9-photos.leclercdrive.fr/image.ashx?id=2073158&use=l&cat=p&typeid=i","cat":284616},{"id":148412,"n":"Lames Gilette Mach 3 Turbo - x12","p":37.9,"u":"3,16 €/P","img":"https://fd9-photos.leclercdrive.fr/image.ashx?id=2171875&use=l&cat=p&typeid=i","cat":284616},{"id":148419,"n":"Rasoir Gillette Fusion 5 5 lames - 1 pièce","p":19.99,"img":"https://fd9-photos.leclercdrive.fr/image.ashx?id=2409679&use=l&cat=p&typeid=i","cat":284616},{"id":148445,"n":"Rasoir Gillette Mach 3 5 lames - 1 pièce","p":18.5,"img":"https://fd9-photos.leclercdrive.fr/image.ashx?id=2542627&use=l&cat=p&typeid=i","cat":284616},{"id":148478,"n":"Rasoir Gillette Mach 3 Turbo 3 lames - 1 pièce","p":17.2,"img":"https://fd9-photos.leclercdrive.fr/image.ashx?id=2542618&use=l&cat=p&typeid=i","cat":284616},{"id":148484,"n":"Lames Hydro 5 Wilkinson Skin protect - x4","p":14.0,"u":"3,50 €/P","img":"https://fd9-photos.leclercdrive.fr/image.ashx?id=2924644&use=l&cat=p&typeid=i","cat":284616},{"id":148485,"n":"Lames Hydro 5 Wilkinson Skin protect Sensitive - x4","p":12.21,"u":"3,05 €/P","img":"https://fd9-photos.leclercdrive.fr/image.ashx?id=2736343&use=l&cat=p&typeid=i","cat":284616},{"id":148628,"n":"Rasoir Gillette Skinguard A l'aloe vera 5 lames - 1 pièce","p":18.5,"img":"https://fd9-photos.leclercdrive.fr/image.ashx?id=2542630&use=l&cat=p&typeid=i","cat":284616},{"id":148629,"n":"Huile éclat Florena 30ml","p":21.31,"u":"710,33 €/L","img":"https://fd9-photos.leclercdrive.fr/image.ashx?id=2223944&use=l&cat=p&typeid=i","cat":325345},{"id":148660,"n":"AOP St Joseph rouge Les Hauts de Pavières  - 75cl","p":11.99,"pp":9.59,"u":"12,79 €/L","img":"https://fd9-photos.leclercdrive.fr/image.ashx?id=2059576&use=l&cat=p&typeid=i","cat":289556},{"id":148747,"n":"Shampooing Carré Homme Fortifiant - 250ml","p":1.76,"u":"7,04 €/L","img":"https://fd9-photos.leclercdrive.fr/image.ashx?id=2059050&use=l&cat=p&typeid=i","cat":284621},{"id":148748,"n":"Démaquillant yeux Bionaïa Biphase Water bio - 150ml","p":2.6,"u":"17,33 €/L","img":"https://fd9-photos.leclercdrive.fr/image.ashx?id=2474963&use=l&cat=p&typeid=i","cat":284603},{"id":148749,"n":"Coloration Eugène Color & Eclat n°78 Marron Praliné - 1 pièce","p":3.86,"img":"https://fd9-photos.leclercdrive.fr/image.ashx?id=2476449&use=l&cat=p&typeid=i","cat":288899},{"id":148762,"n":"Bonbon Confiseo Sève de pin - 250g","p":1.99,"u":"7,96 €/KG","img":"https://fd9-photos.leclercdrive.fr/image.ashx?id=2934757&use=l&cat=p&typeid=i","cat":304252},{"id":148770,"n":"Préservatifs Intimy Classic lubrifiés - x7","p":2.69,"u":"0,38 €/P","img":"https://fd9-photos.leclercdrive.fr/image.ashx?id=2537962&use=l&cat=p&typeid=i","cat":284631},{"id":148771,"n":"Préservatifs Intimy Fins lubrifiés - x28","p":10.53,"u":"0,38 €/P","img":"https://fd9-photos.leclercdrive.fr/image.ashx?id=2926332&use=l&cat=p&typeid=i","cat":284631},{"id":148774,"n":"Préservatifs Intimy Taille XL lubrifiés - x14","p":6.49,"u":"0,46 €/P","img":"https://fd9-photos.leclercdrive.fr/image.ashx?id=2926329&use=l&cat=p&typeid=i","cat":284631},{"id":148779,"n":"Pince à ongles Mercurochrome 1 pièce","p":5.43,"img":"https://fd9-photos.leclercdrive.fr/image.ashx?id=2788496&use=l&cat=p&typeid=i","cat":325354},{"id":148989,"n":"Cônes chocolat Eco+ Pistache - x8 - 520g","p":2.47,"u":"4,75 €/KG","img":"https://fd9-photos.leclercdrive.fr/image.ashx?id=2866229&use=l&cat=p&typeid=i","cat":284264},{"id":148998,"n":"Papier cuisson Elembal Feuilles - x30","p":0.99,"u":"0,03 €/P","img":"https://fd9-photos.leclercdrive.fr/image.ashx?id=2059971&use=l&cat=p&typeid=i","cat":334134},{"id":149039,"n":"Chipolatas  L'Atelier Boucherie  X8 - 520g","p":6.83,"u":"13,13 €/KG","img":"https://fd9-photos.leclercdrive.fr/image.ashx?id=2831290&use=l&cat=p&typeid=i","cat":284334},{"id":149326,"n":"Tissus microfibre multi usage x1","p":2.49,"img":"https://fd9-photos.leclercdrive.fr/image.ashx?id=2068348&use=l&cat=p&typeid=i","cat":298252},{"id":149327,"n":"Microfibres pour vitre x1","p":3.45,"img":"https://fd9-photos.leclercdrive.fr/image.ashx?id=2068351&use=l&cat=p&typeid=i","cat":298252},{"id":149340,"n":"Microfibre de lustrage x1","p":3.95,"img":"https://fd9-photos.leclercdrive.fr/image.ashx?id=2068387&use=l&cat=p&typeid=i","cat":298252},{"id":149344,"n":"Microfibre de séchage x1","p":4.59,"img":"https://fd9-photos.leclercdrive.fr/image.ashx?id=2068384&use=l&cat=p&typeid=i","cat":298252},{"id":149347,"n":"Biberon 120ml Mots d'Enfants Gris - Sans bisphénol A","p":2.95,"img":"https://fd9-photos.leclercdrive.fr/image.ashx?id=2061334&use=l&cat=p&typeid=i","cat":284742},{"id":149349,"n":"Liqueur Amer Fernet Branca 39° - 70cl","p":25.99,"u":"37,13 €/L","img":"https://fd9-photos.leclercdrive.fr/image.ashx?id=2433783&use=l&cat=p&typeid=i","cat":286032},{"id":149353,"n":"Les Arrangés divins banane 70cl Caramel Beurre salé 28,7% vol","p":23.92,"u":"34,17 €/L","img":"https://fd9-photos.leclercdrive.fr/image.ashx?id=2291825&use=l&cat=p&typeid=i","cat":284551},{"id":149360,"n":"Tissus a lustrer x10","p":1.75,"u":"0,18 €/P","img":"https://fd9-photos.leclercdrive.fr/image.ashx?id=2068336&use=l&cat=p&typeid=i","cat":298252},{"id":149388,"n":"Shampooing sec Batiste Nude aérosol - 200ml","p":3.39,"u":"16,95 €/L","img":"https://fd9-photos.leclercdrive.fr/image.ashx?id=2558334&use=l&cat=p&typeid=i","cat":289143},{"id":149390,"n":"Croc'Odor Frigo XL  140g","p":2.84,"u":"20,29 €/KG","img":"https://fd9-photos.leclercdrive.fr/image.ashx?id=2952646&use=l&cat=p&typeid=i","cat":311628},{"id":149396,"n":"Lave glace TECH9 Démoustiquant - 5L","p":3.89,"u":"0,78 €/L","img":"https://fd9-photos.leclercdrive.fr/image.ashx?id=2162699&use=l&cat=p&typeid=i","cat":298252},{"id":149781,"n":"Crème Visage Jour FPS 50 Nivea Anti-taches Luminous - 40ml","p":14.05,"u":"351,25 €/L","img":"https://fd9-photos.leclercdrive.fr/image.ashx?id=2637580&use=l&cat=p&typeid=i","cat":325345},{"id":149782,"n":"Soin léger nuit So Bio Etic Anti-âge bio - 50ml","p":8.76,"u":"175,20 €/L","img":"https://fd9-photos.leclercdrive.fr/image.ashx?id=2792699&use=l&cat=p&typeid=i","cat":325345},{"id":149800,"n":"Crème de jour bio N.A.E. Mature - Pot 50ml","p":13.4,"u":"268,00 €/L","img":"https://fd9-photos.leclercdrive.fr/image.ashx?id=2450730&use=l&cat=p&typeid=i","cat":325345},{"id":149801,"n":"Crème de nuit bio N.A.E. Mature - Pot 50ml","p":13.64,"u":"272,80 €/L","img":"https://fd9-photos.leclercdrive.fr/image.ashx?id=2450733&use=l&cat=p&typeid=i","cat":325345},{"id":149817,"n":"Rouleau Râpe Velvet Smooth Ultra Exfoliant Pieds - x2","p":13.99,"u":"7,00 €/P","img":"https://fd9-photos.leclercdrive.fr/image.ashx?id=2628404&use=l&cat=p&typeid=i","cat":325354},{"id":149819,"n":"Sérum Visage Correcteur Nivea Anti-taches Luminous - 30ml","p":18.7,"u":"623,33 €/L","img":"https://fd9-photos.leclercdrive.fr/image.ashx?id=2639720&use=l&cat=p&typeid=i","cat":325345},{"id":149874,"n":"Chiffon chamoisine x1","p":2.55,"img":"https://fd9-photos.leclercdrive.fr/image.ashx?id=2068339&use=l&cat=p&typeid=i","cat":298252},{"id":149879,"n":"Raclette anti-buée Avec manche télescopique x1","p":5.75,"img":"https://fd9-photos.leclercdrive.fr/image.ashx?id=2068360&use=l&cat=p&typeid=i","cat":298252},{"id":149884,"n":"Gant 2 en 1 Chenille Démoustiquant - x1","p":3.5,"img":"https://fd9-photos.leclercdrive.fr/image.ashx?id=2068369&use=l&cat=p&typeid=i","cat":298252},{"id":149885,"n":"Peau chamoise 19dm2 - 40x48cm","p":8.45,"img":"https://fd9-photos.leclercdrive.fr/image.ashx?id=2068414&use=l&cat=p&typeid=i","cat":298252},{"id":149936,"n":"Sérum La Roche Posay Pure Vitamin C10 - 30ml","p":33.06,"img":"https://fd9-photos.leclercdrive.fr/image.ashx?id=2063683&use=l&cat=p&typeid=i","cat":291166},{"id":149961,"n":"Bâtonnets Bocoton bio x200","p":1.73,"u":"0,01 €/P","img":"https://fd9-photos.leclercdrive.fr/image.ashx?id=2480722&use=l&cat=p&typeid=i","cat":284739},{"id":150235,"n":"Sachet pieces de monnaie Rohan Vert - 100g","p":2.5,"u":"25,00 €/KG","img":"https://fd9-photos.leclercdrive.fr/image.ashx?id=2068438&use=l&cat=p&typeid=i","cat":284958},{"id":150236,"n":"Sachet pieces de monnaie Rohan Bleu - 100g","p":2.5,"u":"25,00 €/KG","img":"https://fd9-photos.leclercdrive.fr/image.ashx?id=2068441&use=l&cat=p&typeid=i","cat":284958},{"id":150237,"n":"Sachet pieces de monnaie Rohan Rouge - 100g","p":2.5,"u":"25,00 €/KG","img":"https://fd9-photos.leclercdrive.fr/image.ashx?id=2068444&use=l&cat=p&typeid=i","cat":284958},{"id":150303,"n":"Yaourt bifidus Activia Céréales noix - 4x120g","p":1.85,"u":"3,85 €/KG","img":"https://fd9-photos.leclercdrive.fr/image.ashx?id=2792123&use=l&cat=p&typeid=i","cat":315000},{"id":150304,"n":"Yaourt bifidus Activia  Muesli - 4x120g","p":1.85,"u":"3,85 €/KG","img":"https://fd9-photos.leclercdrive.fr/image.ashx?id=2792117&use=l&cat=p&typeid=i","cat":315000},{"id":150307,"n":"Liquide refroidissement TECH9 -25°C - 5L","p":9.99,"u":"2,00 €/L","img":"https://fd9-photos.leclercdrive.fr/image.ashx?id=2162711&use=l&cat=p&typeid=i","cat":298253},{"id":150414,"n":"Valencay Blanc Domaine des Moreaux - 75cl","p":5.95,"u":"7,93 €/L","img":"https://fd9-photos.leclercdrive.fr/image.ashx?id=2298319&use=l&cat=p&typeid=i","cat":289557},{"id":150445,"n":"Rasoir Wilkinson  Hydro 5","p":7.56,"img":"https://fd9-photos.leclercdrive.fr/image.ashx?id=2918973&use=l&cat=p&typeid=i","cat":284616},{"id":150485,"n":"Chocolat Pâtissier Lindt Noir - 70% cacao - 200g","p":3.25,"u":"16,25 €/KG","img":"https://fd9-photos.leclercdrive.fr/image.ashx?id=2730223&use=l&cat=p&typeid=i","cat":285562},{"id":150525,"n":"Thermomètre Bébé Confort Frontal - 1 pièce","p":39.9,"img":"https://fd9-photos.leclercdrive.fr/image.ashx?id=2319829&use=l&cat=p&typeid=i","cat":289435},{"id":150576,"n":"Barre protéine noisette ISOSTAR  énergétique -3x35 - 105g","p":4.22,"u":"40,19 €/KG","img":"https://fd9-photos.leclercdrive.fr/image.ashx?id=2663425&use=l&cat=p&typeid=i","cat":318652},{"id":150716,"n":"Madeleines Armor Délices x13+3 offerts","p":3.33,"u":"6,29 €/KG","img":"https://fd9-photos.leclercdrive.fr/image.ashx?id=2763415&use=l&cat=p&typeid=i","cat":284492},{"id":150763,"n":"Imperméabilisant protecteur Cuir Daim Nubuck 250ml","p":2.68,"u":"10,72 €/L","img":"https://fd9-photos.leclercdrive.fr/image.ashx?id=2835208&use=l&cat=p&typeid=i","cat":285201},{"id":150764,"n":"Désinfectant chaussures 100ml","p":2.11,"u":"21,10 €/L","img":"https://fd9-photos.leclercdrive.fr/image.ashx?id=2460667&use=l&cat=p&typeid=i","cat":285201},{"id":150788,"n":"HERTA Tendre Croc Jambon Fromage sans nitrite 200g x2","p":1.84,"u":"9,20 €/KG","img":"https://fd9-photos.leclercdrive.fr/image.ashx?id=2752885&use=l&cat=p&typeid=i","cat":333671},{"id":150789,"n":"Détartrant multi-usages Melitta 375ml","p":3.85,"u":"10,27 €/L","img":"https://fd9-photos.leclercdrive.fr/image.ashx?id=2871070&use=l&cat=p&typeid=i","cat":325362},{"id":150793,"n":"HERTA Tendre Croc Jambon Fromage sans nitrite 400g x4","p":3.57,"u":"8,93 €/KG","img":"https://fd9-photos.leclercdrive.fr/image.ashx?id=2070144&use=l&cat=p&typeid=i","cat":333671},{"id":150798,"n":"HERTA Tendre Croc Comté Jambon sans nitrite 200g x2","p":2.14,"u":"10,70 €/KG","img":"https://fd9-photos.leclercdrive.fr/image.ashx?id=2070147&use=l&cat=p&typeid=i","cat":333671},{"id":150799,"n":"HERTA Tendre Croc Jambon Fromg ss croûte ss nitrite 200g","p":2.13,"u":"10,65 €/KG","img":"https://fd9-photos.leclercdrive.fr/image.ashx?id=2070153&use=l&cat=p&typeid=i","cat":333671},{"id":150910,"n":"Liquide edulcorant Ginko 100% naturelle - 50ml","p":5.96,"u":"23,84 €/L","img":"https://fd9-photos.leclercdrive.fr/image.ashx?id=2239002&use=l&cat=p&typeid=i","cat":284504},{"id":151002,"n":"Gouter fourré carré P'tit Déli x16 - 295g","p":1.17,"u":"3,97 €/KG","img":"https://fd9-photos.leclercdrive.fr/image.ashx?id=2351238&use=l&cat=p&typeid=i","cat":284489},{"id":151074,"n":"Papier toilette Renova  Magic 4D - x12","p":3.68,"u":"0,31 €/P","img":"https://fd9-photos.leclercdrive.fr/image.ashx?id=2736814&use=l&cat=p&typeid=i","cat":284634},{"id":151075,"n":"Essuie-tout Renova  Design - x4","p":2.25,"u":"0,56 €/P","img":"https://fd9-photos.leclercdrive.fr/image.ashx?id=2072790&use=l&cat=p&typeid=i","cat":284635},{"id":151131,"n":"Charbon de bois Beaux Jours 40L","p":11.99,"u":"0,30 €/L","img":"https://fd9-photos.leclercdrive.fr/image.ashx?id=2078371&use=l&cat=p&typeid=i","cat":335917},{"id":151235,"n":"HERTA Blanc de poulet nature sans nitrite - 140g 4T","p":1.96,"u":"14,00 €/KG","img":"https://fd9-photos.leclercdrive.fr/image.ashx?id=2731348&use=l&cat=p&typeid=i","cat":316010},{"id":151250,"n":"IGP Comté Tolosan Terra Vallona 11.5%vol - 75cl","p":3.2,"u":"4,27 €/L","img":"https://fd9-photos.leclercdrive.fr/image.ashx?id=2446920&use=l&cat=p&typeid=i","cat":289558},{"id":151290,"n":"Herta Blanc de poulet -25% de sel sans nitrite 140g 4T","p":2.31,"u":"16,50 €/KG","img":"https://fd9-photos.leclercdrive.fr/image.ashx?id=2307733&use=l&cat=p&typeid=i","cat":316010},{"id":151472,"n":"Fromage blanc Calin Extra Nature - 850g","p":2.3,"u":"2,71 €/KG","img":"https://fd9-photos.leclercdrive.fr/image.ashx?id=2973739&use=l&cat=p&typeid=i","cat":284409},{"id":151508,"n":"Colin MSC haché Yooji 6 mois - 120g","p":4.31,"u":"35,92 €/KG","img":"https://fd9-photos.leclercdrive.fr/image.ashx?id=2529072&use=l&cat=p&typeid=i","cat":290631},{"id":151539,"n":"Crème jour anti-rides N.A.E. Bio - 50ml","p":14.79,"u":"295,80 €/L","img":"https://fd9-photos.leclercdrive.fr/image.ashx?id=2546434&use=l&cat=p&typeid=i","cat":325345},{"id":151540,"n":"Crème nuit anti-rides N.A.E. Bio - 50ml","p":15.12,"u":"302,40 €/L","img":"https://fd9-photos.leclercdrive.fr/image.ashx?id=2450736&use=l&cat=p&typeid=i","cat":325345},{"id":151548,"n":"Nivea Visage lot Q10 Energy Soin jour 50ml + Soin nuit 50ml","p":25.63,"u":"256,30 €/L","img":"https://fd9-photos.leclercdrive.fr/image.ashx?id=2225516&use=l&cat=p&typeid=i","cat":325345},{"id":151581,"n":"Désherbant jardins et allées Concentré - 1L","p":14.88,"u":"14,88 €/L","img":"https://fd9-photos.leclercdrive.fr/image.ashx?id=2088819&use=l&cat=p&typeid=i","cat":335920},{"id":151813,"n":"AOP Côtes de Provence Blanc Grande récolte - 75cl","p":8.74,"u":"11,65 €/L","img":"https://fd9-photos.leclercdrive.fr/image.ashx?id=2089346&use=l&cat=p&typeid=i","cat":289557},{"id":151871,"n":"Pruneaux d'Agen Bio Village Bio IGP Dénoyautés - 250g","p":3.99,"u":"15,96 €/KG","img":"https://fd9-photos.leclercdrive.fr/image.ashx?id=2584035&use=l&cat=p&typeid=i","cat":284357},{"id":151936,"n":"Yaourt brassé Bio Les 2 Vaches Vanille - 4x115g","p":1.97,"u":"4,28 €/KG","img":"https://fd9-photos.leclercdrive.fr/image.ashx?id=2571542&use=l&cat=p&typeid=i","cat":284410},{"id":151940,"n":"Cuisse de poulet Auvergne NRT x2 Label Rouge - 500g","p":4.85,"u":"9,70 €/KG","img":"https://fd9-photos.leclercdrive.fr/image.ashx?id=2699840&use=l&cat=p&typeid=i","cat":284336},{"id":151962,"n":"Fond de Teint L'Oréal Paris Accord Parfait 1.R Ivoire Rosé","p":11.54,"u":"384,67 €/L","img":"https://fd9-photos.leclercdrive.fr/image.ashx?id=2395550&use=l&cat=p&typeid=i","cat":287029},{"id":151986,"n":"Gel Salle de bain & WC Glade Bois de Santal & Jasmin 180g","p":2.11,"img":"https://fd9-photos.leclercdrive.fr/image.ashx?id=2453613&use=l&cat=p&typeid=i","cat":311628},{"id":151987,"n":"Ampoule Led Flamme Osram Verre dépoli 4W=40 E14 - x2","p":10.9,"u":"Dont 0,58 € d'éco-part.","img":"https://fd9-photos.leclercdrive.fr/image.ashx?id=2173007&use=l&cat=p&typeid=i","cat":300573},{"id":151988,"n":"Ampoule Led Standard Osram Verre dépoli 7W=60 E27 - x1","p":5.5,"u":"Dont 0,29 € d'éco-part.","img":"https://fd9-photos.leclercdrive.fr/image.ashx?id=2585528&use=l&cat=p&typeid=i","cat":300573},{"id":151996,"n":"Fromage enfant Kiri crème 24 portions à tartiner - 432g","p":5.1,"u":"0,21 €/P","img":"https://fd9-photos.leclercdrive.fr/image.ashx?id=2973568&use=l&cat=p&typeid=i","cat":314030},{"id":152001,"n":"Gnocchi à poêler Roll Lustucru  300g","p":1.73,"u":"5,77 €/KG","img":"https://fd9-photos.leclercdrive.fr/image.ashx?id=2792408&use=l&cat=p&typeid=i","cat":333682},{"id":152002,"n":"Gouter fourré P'tit Déli Vanille - 295g","p":1.22,"u":"4,14 €/KG","img":"https://fd9-photos.leclercdrive.fr/image.ashx?id=2399138&use=l&cat=p&typeid=i","cat":284489},{"id":152016,"n":"Piles alcaline AAA Varta Long life max power x6","p":10.0,"u":"1,67 €/P","img":"https://fd9-photos.leclercdrive.fr/image.ashx?id=2298784&use=l&cat=p&typeid=i","cat":300572},{"id":152017,"n":"Piles alcaline AA Varta Long life max power - x6","p":10.0,"u":"1,67 €/P","img":"https://fd9-photos.leclercdrive.fr/image.ashx?id=2298787&use=l&cat=p&typeid=i","cat":300572},{"id":152021,"n":"Bouchées à la reine L'Atelier Traiteur x2 -  300g","p":4.69,"u":"15,63 €/KG","img":"https://fd9-photos.leclercdrive.fr/image.ashx?id=2998892&use=l&cat=p&typeid=i","cat":333671},{"id":152023,"n":"Renovateur blanc La Vachette avec applicateur - 75ml","p":2.16,"u":"28,80 €/L","img":"https://fd9-photos.leclercdrive.fr/image.ashx?id=2075287&use=l&cat=p&typeid=i","cat":285201},{"id":152024,"n":"Cirage liquide noir La Vachette avec applicateur - 75ml","p":2.09,"u":"27,87 €/L","img":"https://fd9-photos.leclercdrive.fr/image.ashx?id=2075275&use=l&cat=p&typeid=i","cat":285201},{"id":152025,"n":"Cirage liquide La Vachette Incolore avec applicateur -75ml","p":2.09,"u":"27,87 €/L","img":"https://fd9-photos.leclercdrive.fr/image.ashx?id=2075278&use=l&cat=p&typeid=i","cat":285201},{"id":152027,"n":"Cirage crème noir La Vachette Boîte métal - 75ml","p":2.87,"u":"38,27 €/L","img":"https://fd9-photos.leclercdrive.fr/image.ashx?id=2566842&use=l&cat=p&typeid=i","cat":285201},{"id":152030,"n":"Cirage liquide La Vachette Marron avec applicateur - 75ml","p":2.09,"u":"27,87 €/L","img":"https://fd9-photos.leclercdrive.fr/image.ashx?id=2075290&use=l&cat=p&typeid=i","cat":285201},{"id":152041,"n":"Déodorant bille bio BionaÏa Eau coco/Aloe Vera - 50ml","p":1.35,"u":"27,00 €/L","img":"https://fd9-photos.leclercdrive.fr/image.ashx?id=2496964&use=l&cat=p&typeid=i","cat":284595},{"id":152042,"n":"Déodorant bille bio BionaÏa A la rose/aloe vera - 50ml","p":1.35,"u":"27,00 €/L","img":"https://fd9-photos.leclercdrive.fr/image.ashx?id=2481240&use=l&cat=p&typeid=i","cat":284595},{"id":152043,"n":"Déodorant bio BionaÏa 100ml","p":1.8,"u":"18,00 €/L","img":"https://fd9-photos.leclercdrive.fr/image.ashx?id=2075272&use=l&cat=p&typeid=i","cat":284595},{"id":152045,"n":"Savon solide Manava Citron et basilic x2 - 200g","p":1.39,"u":"6,95 €/KG","img":"https://fd9-photos.leclercdrive.fr/image.ashx?id=2358345&use=l&cat=p&typeid=i","cat":284597},{"id":152051,"n":"Détachant avant lavage Texil 400ml","p":1.85,"u":"4,63 €/L","img":"https://fd9-photos.leclercdrive.fr/image.ashx?id=2988126&use=l&cat=p&typeid=i","cat":284651},{"id":152053,"n":"Adoucissant Hyperdou Pêche x30 - 750ml","p":1.58,"u":"2,11 €/L","img":"https://fd9-photos.leclercdrive.fr/image.ashx?id=2614518&use=l&cat=p&typeid=i","cat":284650},{"id":152054,"n":"Adoucissant Hyperdou Vanille x30 - 750ml","p":1.99,"u":"2,65 €/L","img":"https://fd9-photos.leclercdrive.fr/image.ashx?id=2614521&use=l&cat=p&typeid=i","cat":284650},{"id":152124,"n":"Bière aromatisée Despérados Original - 33cl","p":1.41,"u":"4,27 €/L","img":"https://fd9-photos.leclercdrive.fr/image.ashx?id=2742989&use=l&cat=p&typeid=i","cat":334878},{"id":152297,"n":"Couches Love & Green Ecologiques T1 - x44","p":14.65,"u":"0,33 €/P","img":"https://fd9-photos.leclercdrive.fr/image.ashx?id=2830645&use=l&cat=p&typeid=i","cat":284737},{"id":152298,"n":"Couches Love & Green Ecologiques T2 - x44","p":14.65,"u":"0,33 €/P","img":"https://fd9-photos.leclercdrive.fr/image.ashx?id=2862578&use=l&cat=p&typeid=i","cat":284737},{"id":152300,"n":"Liniment Love & Green Bio - 500ml","p":7.88,"u":"15,76 €/L","img":"https://fd9-photos.leclercdrive.fr/image.ashx?id=2735716&use=l&cat=p&typeid=i","cat":284741},{"id":152414,"n":"Crème hydratante Scholl Adoucissante - 75ml","p":4.75,"u":"63,33 €/L","img":"https://fd9-photos.leclercdrive.fr/image.ashx?id=2980884&use=l&cat=p&typeid=i","cat":325354},{"id":152420,"n":"Cryothérapie Mercurochrome Verrues pieds mains - 35ml","p":13.8,"u":"394,29 €/L","img":"https://fd9-photos.leclercdrive.fr/image.ashx?id=2693545&use=l&cat=p&typeid=i","cat":284630},{"id":152422,"n":"Coupe-ongles Scholl 1 pièce","p":5.9,"img":"https://fd9-photos.leclercdrive.fr/image.ashx?id=2981295&use=l&cat=p&typeid=i","cat":284630},{"id":152424,"n":"Durex Préservatifs Perfect  Gliss Extra Lubrifiés x10","p":6.71,"u":"0,67 €/P","img":"https://fd9-photos.leclercdrive.fr/image.ashx?id=2730430&use=l&cat=p&typeid=i","cat":284631},{"id":152428,"n":"Semelles Gel Soft Femme Chaussures Plates et Ballerines","p":17.06,"img":"https://fd9-photos.leclercdrive.fr/image.ashx?id=2431701&use=l&cat=p&typeid=i","cat":325354},{"id":152440,"n":"Gel Lubrifiant Massage 2 en 1 Durex Douceur Aloe Vera 200ml","p":7.39,"u":"36,95 €/L","img":"https://fd9-photos.leclercdrive.fr/image.ashx?id=2736556&use=l&cat=p&typeid=i","cat":285160},{"id":152510,"n":"Boisson végétale Bio Bjorg Avoine cacao - 1L","p":2.35,"u":"2,35 €/L","img":"https://fd9-photos.leclercdrive.fr/image.ashx?id=2939457&use=l&cat=p&typeid=i","cat":316067},{"id":152525,"n":"Céréales croustillant Bio Bjorg Chocolat lait - 450g","p":5.01,"u":"11,13 €/KG","img":"https://fd9-photos.leclercdrive.fr/image.ashx?id=2906223&use=l&cat=p&typeid=i","cat":309512},{"id":152593,"n":"Desserts Lactés P'TIT ONCTUEUX BIO Mangue  6M+ - 4x90g","p":2.25,"u":"6,25 €/KG","img":"https://fd9-photos.leclercdrive.fr/image.ashx?id=2234156&use=l&cat=p&typeid=i","cat":312392},{"id":152595,"n":"Barres chocolat Toblerone Chocolat au lait - 3x100g","p":4.43,"u":"14,77 €/KG","img":"https://fd9-photos.leclercdrive.fr/image.ashx?id=2078241&use=l&cat=p&typeid=i","cat":284498},{"id":152596,"n":"Câpres Maille Surfines - 85g","p":2.68,"u":"31,53 €/KG","img":"https://fd9-photos.leclercdrive.fr/image.ashx?id=2539674&use=l&cat=p&typeid=i","cat":284458},{"id":152610,"n":"Pasta Box Sodebo Fusilli à la Bolognaise - 330g","p":2.56,"u":"7,76 €/KG","img":"https://fd9-photos.leclercdrive.fr/image.ashx?id=2991996&use=l&cat=p&typeid=i","cat":334983},{"id":152615,"n":"Pasta Box Sodebo Fusilli Fromages Italiens -330g","p":2.59,"u":"7,85 €/KG","img":"https://fd9-photos.leclercdrive.fr/image.ashx?id=2919784&use=l&cat=p&typeid=i","cat":334983},{"id":152616,"n":"Pasta Box Sodebo Fusilli Saumon - 280g","p":3.45,"u":"11,50 €/KG","img":"https://fd9-photos.leclercdrive.fr/image.ashx?id=2985078&use=l&cat=p&typeid=i","cat":334983},{"id":152906,"n":"Thon albacore Pompon Rouge 2x130g","p":4.55,"u":"17,50 €/KG","img":"https://fd9-photos.leclercdrive.fr/image.ashx?id=2078775&use=l&cat=p&typeid=i","cat":303867},{"id":152940,"n":"Soin Mercurochrome ongles âbimés - 1 pièce","p":10.03,"img":"https://fd9-photos.leclercdrive.fr/image.ashx?id=2663995&use=l&cat=p&typeid=i","cat":284630},{"id":152955,"n":"Canettes Coca-Cola Sans sucre - 2 offerts - 20x33cl","p":10.18,"u":"1,54 €/L","img":"https://fd9-photos.leclercdrive.fr/image.ashx?id=3009005&use=l&cat=p&typeid=i","cat":284530},{"id":152984,"n":"AOP Prosecco rosé  Vilaveroni - 75cl","p":7.58,"u":"10,11 €/L","img":"https://fd9-photos.leclercdrive.fr/image.ashx?id=2492354&use=l&cat=p&typeid=i","cat":289558},{"id":153015,"n":"Cassonade pure canne Daddy 750g","p":2.24,"u":"2,99 €/KG","img":"https://fd9-photos.leclercdrive.fr/image.ashx?id=2944702&use=l&cat=p&typeid=i","cat":284502},{"id":153058,"n":"Cônes glacés Trium Coco - x6 - 411g","p":2.69,"u":"6,55 €/KG","img":"https://fd9-photos.leclercdrive.fr/image.ashx?id=2931844&use=l&cat=p&typeid=i","cat":284264},{"id":153059,"n":"Cônes glacés Trium Chocolat - x6 - 423g","p":2.13,"u":"5,04 €/KG","img":"https://fd9-photos.leclercdrive.fr/image.ashx?id=2931829&use=l&cat=p&typeid=i","cat":284264},{"id":153060,"n":"Cônes glacés Trium Vanille caramel - x6 - 432g","p":2.53,"u":"5,86 €/KG","img":"https://fd9-photos.leclercdrive.fr/image.ashx?id=2931835&use=l&cat=p&typeid=i","cat":284264},{"id":153061,"n":"Cônes glacés Trium Vanille fraise - x6 - 426g","p":1.69,"u":"3,97 €/KG","img":"https://fd9-photos.leclercdrive.fr/image.ashx?id=2931808&use=l&cat=p&typeid=i","cat":284264},{"id":153062,"n":"Cônes glacés Trium Vanille nougatine x6 - 402g","p":1.59,"u":"3,96 €/KG","img":"https://fd9-photos.leclercdrive.fr/image.ashx?id=2931805&use=l&cat=p&typeid=i","cat":284264},{"id":153064,"n":"Mini cônesTrium Vanille Chocolat x8 - 344g","p":2.99,"u":"8,69 €/KG","img":"https://fd9-photos.leclercdrive.fr/image.ashx?id=2931841&use=l&cat=p&typeid=i","cat":284264},{"id":153065,"n":"Cônes glacés Trium A l'italienne chocolat x4 286g","p":2.3,"u":"8,04 €/KG","img":"https://fd9-photos.leclercdrive.fr/image.ashx?id=2931799&use=l&cat=p&typeid=i","cat":284264},{"id":153066,"n":"Cônes glacés Trium A l'italienne fraise x4 - 286g","p":2.26,"u":"7,90 €/KG","img":"https://fd9-photos.leclercdrive.fr/image.ashx?id=2931802&use=l&cat=p&typeid=i","cat":284264},{"id":153067,"n":"Cônes glacés Trium Fruits rouges - x6 - 474g","p":2.51,"u":"5,30 €/KG","img":"https://fd9-photos.leclercdrive.fr/image.ashx?id=2931832&use=l&cat=p&typeid=i","cat":284264},{"id":153068,"n":"Cônes glacés Trium Sorbet mangue passion x6 456g","p":2.56,"u":"5,61 €/KG","img":"https://fd9-photos.leclercdrive.fr/image.ashx?id=2931823&use=l&cat=p&typeid=i","cat":284264},{"id":153069,"n":"Cônes glacés Trium Rhum raisins - x6 - 414g","p":2.43,"u":"5,87 €/KG","img":"https://fd9-photos.leclercdrive.fr/image.ashx?id=2931814&use=l&cat=p&typeid=i","cat":284264},{"id":153070,"n":"Cônes glacés Trium Menthe chocolat x6 - 414g","p":2.19,"u":"5,29 €/KG","img":"https://fd9-photos.leclercdrive.fr/image.ashx?id=2931826&use=l&cat=p&typeid=i","cat":284264},{"id":153071,"n":"Cônes glacés Trium Crème brulée - x6 - 426g","p":2.52,"u":"5,92 €/KG","img":"https://fd9-photos.leclercdrive.fr/image.ashx?id=2931820&use=l&cat=p&typeid=i","cat":284264},{"id":153072,"n":"Cônes glacés Trium Café - x6 - 426g","p":2.19,"u":"5,14 €/KG","img":"https://fd9-photos.leclercdrive.fr/image.ashx?id=2931838&use=l&cat=p&typeid=i","cat":284264},{"id":153074,"n":"Cônes glacés Trium Citron framboise x6 - 456g","p":2.67,"u":"5,86 €/KG","img":"https://fd9-photos.leclercdrive.fr/image.ashx?id=2931811&use=l&cat=p&typeid=i","cat":284264},{"id":153075,"n":"Cônes glacés Trium Chocolat pistaches - x6 - 402g","p":1.99,"u":"4,95 €/KG","img":"https://fd9-photos.leclercdrive.fr/image.ashx?id=2909909&use=l&cat=p&typeid=i","cat":284264},{"id":153192,"n":"Canettes Coca-cola Zéro Soda sans sucre - 12x33cl","p":7.14,"u":"1,80 €/L","img":"https://fd9-photos.leclercdrive.fr/image.ashx?id=2209194&use=l&cat=p&typeid=i","cat":284530},{"id":153241,"n":"Blanc de poulet Fleury Michon doré au four - x8 - 240g","p":2.31,"u":"9,63 €/KG","img":"https://fd9-photos.leclercdrive.fr/image.ashx?id=2962845&use=l&cat=p&typeid=i","cat":316010},{"id":153249,"n":"Barre patisserie P'tit Déli Pepites de chocolats 500g","p":3.49,"u":"6,98 €/KG","img":"https://fd9-photos.leclercdrive.fr/image.ashx?id=2609589&use=l&cat=p&typeid=i","cat":294776},{"id":153279,"n":"Saucisses cocktail Stephan 2 nature 1 piment - 600g","p":6.5,"u":"10,83 €/KG","img":"https://fd9-photos.leclercdrive.fr/image.ashx?id=2767552&use=l&cat=p&typeid=i","cat":318430},{"id":153281,"n":"Saucisse cocktail Stephan Nature - 3x200g","p":6.5,"u":"10,83 €/KG","img":"https://fd9-photos.leclercdrive.fr/image.ashx?id=2767567&use=l&cat=p&typeid=i","cat":284450},{"id":153313,"n":"Gateau Savane Brossard Pocket chocolat - x7  210g","p":2.18,"u":"10,38 €/KG","img":"https://fd9-photos.leclercdrive.fr/image.ashx?id=2870722&use=l&cat=p&typeid=i","cat":284495},{"id":153328,"n":"Gâteaux fourrés Napolitain LU Chocolat - 180g","p":1.52,"u":"8,44 €/KG","img":"https://fd9-photos.leclercdrive.fr/image.ashx?id=3002225&use=l&cat=p&typeid=i","cat":284495},{"id":153447,"n":"Lait Céréales bio Bio Village Vanille 6 mois - 2x25cl","p":2.13,"u":"4,26 €/L","img":"https://fd9-photos.leclercdrive.fr/image.ashx?id=2833026&use=l&cat=p&typeid=i","cat":312226},{"id":153807,"n":"Colle Pattex Spécialités Matériaux Plastique - 30g","p":3.27,"u":"109,00 €/KG","img":"https://fd9-photos.leclercdrive.fr/image.ashx?id=2563952&use=l&cat=p&typeid=i","cat":300576},{"id":153879,"n":"Bloc 8 prises avec interrupteur Foxter x1","p":11.9,"u":"Dont 0,02 € d'éco-part.","img":"https://fd9-photos.leclercdrive.fr/image.ashx?id=2085167&use=l&cat=p&typeid=i","cat":300575},{"id":153928,"n":"Petits chèvre frais ronds L'Atelier Fromagerie - 100g","p":2.15,"u":"21,50 €/KG","img":"https://fd9-photos.leclercdrive.fr/image.ashx?id=2999643&use=l&cat=p&typeid=i","cat":314036},{"id":153967,"n":"Changes bébé Lotus Baby T2 Douceur naturelle 3/6kg - x45","p":13.92,"u":"0,31 €/P","img":"https://fd9-photos.leclercdrive.fr/image.ashx?id=2909206&use=l&cat=p&typeid=i","cat":284737},{"id":153969,"n":"Culottes Lotus Baby T3 Douceur naturelle 7/11kg - x34","p":15.1,"u":"0,44 €/P","img":"https://fd9-photos.leclercdrive.fr/image.ashx?id=2449175&use=l&cat=p&typeid=i","cat":290633},{"id":154343,"n":"Enfants et déguisements City Life - Dès 4 ans","p":12.9,"img":"https://fd9-photos.leclercdrive.fr/image.ashx?id=2087997&use=l&cat=p&typeid=i","cat":334380},{"id":154378,"n":"Calèche et couple royal Playmobil Princess - Dès 4 ans","p":26.95,"img":"https://fd9-photos.leclercdrive.fr/image.ashx?id=2088102&use=l&cat=p&typeid=i","cat":334380},{"id":154382,"n":"Salle bain  dressing Playmobil Princess - Dès 4 ans","p":19.9,"img":"https://fd9-photos.leclercdrive.fr/image.ashx?id=2088114&use=l&cat=p&typeid=i","cat":334380},{"id":154397,"n":"Policier voiturette voleur Playmobil City Action-Dès 4 ans","p":24.9,"img":"https://fd9-photos.leclercdrive.fr/image.ashx?id=2088159&use=l&cat=p&typeid=i","cat":334380},{"id":154481,"n":"Ma totomobile des formes Vtech Dès 12 mois","p":22.9,"u":"Dont 0,13 € d'éco-part.","img":"https://fd9-photos.leclercdrive.fr/image.ashx?id=2609815&use=l&cat=p&typeid=i","cat":334379},{"id":154631,"n":"Boisson multifruits Jafun Format poche - 10x20Cl","p":3.2,"u":"1,60 €/L","img":"https://fd9-photos.leclercdrive.fr/image.ashx?id=2992561&use=l&cat=p&typeid=i","cat":284524},{"id":155123,"n":"Biscuits fourrés  BN Fraises - 285g","p":1.36,"u":"4,77 €/KG","img":"https://fd9-photos.leclercdrive.fr/image.ashx?id=2878804&use=l&cat=p&typeid=i","cat":284489},{"id":155134,"n":"Knacki original Herta x4 - 140g","p":1.37,"u":"9,79 €/KG","img":"https://fd9-photos.leclercdrive.fr/image.ashx?id=2289840&use=l&cat=p&typeid=i","cat":316012},{"id":155244,"n":"Mini cônes Extrême  Vanille  - 8x39g","p":4.49,"u":"14,39 €/KG","img":"https://fd9-photos.leclercdrive.fr/image.ashx?id=2737741&use=l&cat=p&typeid=i","cat":284264},{"id":155267,"n":"Pizza barchetta Grando's Vegetariana - 190g","p":2.5,"u":"13,16 €/KG","img":"https://fd9-photos.leclercdrive.fr/image.ashx?id=2760154&use=l&cat=p&typeid=i","cat":284257},{"id":155293,"n":"Prépa Gâteau alsa Cœur Coulants Chocolat - 275g","p":2.98,"u":"10,84 €/KG","img":"https://fd9-photos.leclercdrive.fr/image.ashx?id=2996443&use=l&cat=p&typeid=i","cat":284505},{"id":155300,"n":"Capsules Starbucks by Nespresso  Italian Style Int 11 - x10","p":3.69,"u":"65,89 €/KG","img":"https://fd9-photos.leclercdrive.fr/image.ashx?id=2654068&use=l&cat=p&typeid=i","cat":284749},{"id":155301,"n":"Biscuit BN chocolat 285g","p":1.36,"u":"4,77 €/KG","img":"https://fd9-photos.leclercdrive.fr/image.ashx?id=2810705&use=l&cat=p&typeid=i","cat":284488},{"id":155302,"n":"Biscuits BN casse croute 400g","p":1.42,"u":"3,55 €/KG","img":"https://fd9-photos.leclercdrive.fr/image.ashx?id=2503900&use=l&cat=p&typeid=i","cat":284491},{"id":155334,"n":"Gel répulsif Junior Autan Anti-moustique - 100 ml","p":6.88,"u":"68,80 €/L","img":"https://fd9-photos.leclercdrive.fr/image.ashx?id=2791584&use=l&cat=p&typeid=i","cat":299654},{"id":155337,"n":"Répulsif insectes Autan Botanicals - 100ml","p":8.61,"u":"86,10 €/L","img":"https://fd9-photos.leclercdrive.fr/image.ashx?id=2791569&use=l&cat=p&typeid=i","cat":299654},{"id":155340,"n":"Spray répulsif moustiques Autan Tropical - 100 ml","p":8.1,"u":"81,00 €/L","img":"https://fd9-photos.leclercdrive.fr/image.ashx?id=2791566&use=l&cat=p&typeid=i","cat":299654},{"id":155383,"n":"Piles Duracell LR54","p":3.25,"img":"https://fd9-photos.leclercdrive.fr/image.ashx?id=2422571&use=l&cat=p&typeid=i","cat":300572},{"id":155451,"n":"Vin mousseux de France Café de Paris Brut blanc - 75cl","p":5.1,"u":"6,80 €/L","img":"https://fd9-photos.leclercdrive.fr/image.ashx?id=2097842&use=l&cat=p&typeid=i","cat":284544},{"id":155453,"n":"Vin mousseux de France Café  de Paris blanc Demi sec - 75cl","p":4.64,"u":"6,19 €/L","img":"https://fd9-photos.leclercdrive.fr/image.ashx?id=2097848&use=l&cat=p&typeid=i","cat":284544},{"id":155455,"n":"Vin mousseux de France rosé brut Café de Paris -75cl","p":4.85,"u":"6,47 €/L","img":"https://fd9-photos.leclercdrive.fr/image.ashx?id=2097845&use=l&cat=p&typeid=i","cat":289558},{"id":155536,"n":"Vernis à ongles Rimmel Gel 043 Venus 12ml - x1","p":7.35,"u":"612,50 €/L","img":"https://fd9-photos.leclercdrive.fr/image.ashx?id=2103040&use=l&cat=p&typeid=i","cat":325347},{"id":155546,"n":"Assiettes dessert 17cm Blanc sans film PE - x50","p":2.69,"u":"0,05 €/P","img":"https://fd9-photos.leclercdrive.fr/image.ashx?id=2096688&use=l&cat=p&typeid=i","cat":334134},{"id":155549,"n":"Glace Bâtonnet MAGNUM Double Gold Caramel 4x85ml","p":3.03,"u":"10,67 €/KG","img":"https://fd9-photos.leclercdrive.fr/image.ashx?id=2770620&use=l&cat=p&typeid=i","cat":284265},{"id":155717,"n":"Sauce apéritif  Doritos Goût salsa douce -280g","p":2.16,"u":"7,71 €/KG","img":"https://fd9-photos.leclercdrive.fr/image.ashx?id=3014476&use=l&cat=p&typeid=i","cat":284451},{"id":155793,"n":"Compote bébé Blédina 4-6 mois Pomme pruneau - 4x130g","p":2.55,"u":"4,90 €/KG","img":"https://fd9-photos.leclercdrive.fr/image.ashx?id=2911202&use=l&cat=p&typeid=i","cat":312387},{"id":155795,"n":"Soda Coca-Cola - SANS SUCRES Canette - 6x33cl","p":3.35,"u":"1,69 €/L","img":"https://fd9-photos.leclercdrive.fr/image.ashx?id=2736805&use=l&cat=p&typeid=i","cat":284530},{"id":155900,"n":"Boisson aux Fruits Jafun Tropical - 10x20cl","p":3.2,"u":"1,60 €/L","img":"https://fd9-photos.leclercdrive.fr/image.ashx?id=2992567&use=l&cat=p&typeid=i","cat":295018},{"id":156022,"n":"Soda Coca Cola Cherry Canette 6x33cl","p":4.27,"u":"2,16 €/L","img":"https://fd9-photos.leclercdrive.fr/image.ashx?id=2997226&use=l&cat=p&typeid=i","cat":284530},{"id":156067,"n":"Soda Coca-Cola Canette - 6x33cl","p":4.17,"u":"2,11 €/L","img":"https://fd9-photos.leclercdrive.fr/image.ashx?id=2997229&use=l&cat=p&typeid=i","cat":284530},{"id":156133,"n":"Mouchoirs Kleenex Balsam x36 étuis","p":4.8,"u":"0,13 €/P","img":"https://fd9-photos.leclercdrive.fr/image.ashx?id=2662493&use=l&cat=p&typeid=i","cat":284638},{"id":156135,"n":"Soda Coca-Cola canettes 12x33cl","p":8.31,"u":"2,10 €/L","img":"https://fd9-photos.leclercdrive.fr/image.ashx?id=2192940&use=l&cat=p&typeid=i","cat":284530},{"id":156139,"n":"Soda Coca-Cola - SANS SUCRES Canettes - 20x33cl","p":11.1,"u":"1,68 €/L","img":"https://fd9-photos.leclercdrive.fr/image.ashx?id=2174513&use=l&cat=p&typeid=i","cat":284530},{"id":156145,"n":"Thé glacé Fuze tea Saveur pêche - 1,75L","p":1.93,"u":"1,10 €/L","img":"https://fd9-photos.leclercdrive.fr/image.ashx?id=2944395&use=l&cat=p&typeid=i","cat":295019},{"id":156156,"n":"Fromage enfant Kiri crème 8 portions à tartiner - 144g","p":2.07,"u":"0,26 €/P","img":"https://fd9-photos.leclercdrive.fr/image.ashx?id=2973562&use=l&cat=p&typeid=i","cat":314030},{"id":156186,"n":"Mini marbrés Bio Village Bio - 140g","p":2.87,"u":"20,50 €/KG","img":"https://fd9-photos.leclercdrive.fr/image.ashx?id=2893600&use=l&cat=p&typeid=i","cat":284495},{"id":156187,"n":"Mini gâteau fourré Bio Village Fraise Bio - 140g","p":2.28,"u":"16,29 €/KG","img":"https://fd9-photos.leclercdrive.fr/image.ashx?id=2816160&use=l&cat=p&typeid=i","cat":284495},{"id":156188,"n":"Préparation Flan Pâtissier alsa Vanille - 740g","p":2.62,"u":"3,54 €/KG","img":"https://fd9-photos.leclercdrive.fr/image.ashx?id=2790591&use=l&cat=p&typeid=i","cat":284505},{"id":156198,"n":"Bière blonde Tripel Karmeliet 8,4% - 6x33cl","p":12.84,"u":"6,48 €/L","img":"https://fd9-photos.leclercdrive.fr/image.ashx?id=2675586&use=l&cat=p&typeid=i","cat":334872},{"id":156223,"n":"Croquette Truite One Sterilcat Indoor formula","p":13.92,"u":"4,64 €/KG","img":"https://fd9-photos.leclercdrive.fr/image.ashx?id=2488076&use=l&cat=p&typeid=i","cat":284680},{"id":156347,"n":"Pointe de Melun AOP L'Atelier Fromagerie - 185g","p":4.25,"u":"22,97 €/KG","img":"https://fd9-photos.leclercdrive.fr/image.ashx?id=2124128&use=l&cat=p&typeid=i","cat":314036},{"id":156351,"n":"Coulommiers 3/4 affiné L'Atelier Fromagerie - 250g","p":3.95,"u":"15,80 €/KG","img":"https://fd9-photos.leclercdrive.fr/image.ashx?id=2546156&use=l&cat=p&typeid=i","cat":314036},{"id":156355,"n":"Grana padano 20 mois AOP L'Atelier Fromagerie - 180g","p":3.99,"u":"22,17 €/KG","img":"https://fd9-photos.leclercdrive.fr/image.ashx?id=2817178&use=l&cat=p&typeid=i","cat":314036},{"id":156397,"n":"Glaces Ferrero Rocher x4 chocolat lait noisettes - 200g","p":3.46,"img":"https://fd9-photos.leclercdrive.fr/image.ashx?id=2759065&use=l&cat=p&typeid=i","cat":284265},{"id":156412,"n":"Glaces Nui Caramel White chocolate & Texan pecan x4 264g","p":4.33,"u":"16,40 €/KG","img":"https://fd9-photos.leclercdrive.fr/image.ashx?id=2519900&use=l&cat=p&typeid=i","cat":284265},{"id":156415,"n":"Bâtonnet Raffaello  Noix de coco amandes x4 - 188g","p":3.46,"u":"18,40 €/KG","img":"https://fd9-photos.leclercdrive.fr/image.ashx?id=2863890&use=l&cat=p&typeid=i","cat":284265},{"id":156423,"n":"Filets de poulet Auvergne NRT x2 Label Rouge - 265g","p":6.15,"u":"23,21 €/KG","img":"https://fd9-photos.leclercdrive.fr/image.ashx?id=2699834&use=l&cat=p&typeid=i","cat":284336},{"id":156424,"n":"Camembert Les Croisés   A chauffer - 250g","p":2.99,"u":"11,96 €/KG","img":"https://fd9-photos.leclercdrive.fr/image.ashx?id=2793299&use=l&cat=p&typeid=i","cat":314037},{"id":156465,"n":"AOC Muscadet blanc Plessis Duval - 3L","p":16.35,"u":"5,45 €/L","img":"https://fd9-photos.leclercdrive.fr/image.ashx?id=2941023&use=l&cat=p&typeid=i","cat":289557},{"id":156476,"n":"Fromage Feta Grecque Islos AOP - 150g","p":2.74,"u":"18,27 €/KG","img":"https://fd9-photos.leclercdrive.fr/image.ashx?id=2892625&use=l&cat=p&typeid=i","cat":314026},{"id":156495,"n":"Petit pot bébé Blédina 6 mois Légumes lieu - 2x200g","p":1.78,"u":"4,45 €/KG","img":"https://fd9-photos.leclercdrive.fr/image.ashx?id=2935771&use=l&cat=p&typeid=i","cat":312236},{"id":156496,"n":"Petit pot bébé Blédina 6 mois Potimarron jambon - 2x200g","p":2.19,"u":"5,48 €/KG","img":"https://fd9-photos.leclercdrive.fr/image.ashx?id=2935768&use=l&cat=p&typeid=i","cat":312236},{"id":156497,"n":"Petit pot bébé Blédina 8 mois Riz ratatouille poisson -2x200g","p":2.15,"u":"5,38 €/KG","img":"https://fd9-photos.leclercdrive.fr/image.ashx?id=2911208&use=l&cat=p&typeid=i","cat":312236},{"id":156499,"n":"Petit pot bébé Blédina 8 mois Légumes poulet - 2x200g","p":2.05,"u":"5,13 €/KG","img":"https://fd9-photos.leclercdrive.fr/image.ashx?id=2935765&use=l&cat=p&typeid=i","cat":312236},{"id":156501,"n":"Petit pot bébé Blédina 6 mois Légumes jambon - 2x200g","p":2.07,"u":"5,18 €/KG","img":"https://fd9-photos.leclercdrive.fr/image.ashx?id=2948767&use=l&cat=p&typeid=i","cat":312236},{"id":156503,"n":"Petit pot bébé Blédina 6 mois  Légumes verts poulet - 2x200g","p":2.21,"u":"5,53 €/KG","img":"https://fd9-photos.leclercdrive.fr/image.ashx?id=2983063&use=l&cat=p&typeid=i","cat":312236},{"id":156527,"n":"Capsules Starbucks by Nespresso  Blonde Espresso Int 6 - x18","p":6.05,"u":"64,36 €/KG","img":"https://fd9-photos.leclercdrive.fr/image.ashx?id=2668177&use=l&cat=p&typeid=i","cat":284749},{"id":156528,"n":"Petit pot bébé Blédina 4-6 mois Carotte - 2x130g","p":1.2,"u":"4,62 €/KG","img":"https://fd9-photos.leclercdrive.fr/image.ashx?id=2911870&use=l&cat=p&typeid=i","cat":312234},{"id":156538,"n":"Compote bébé Blédina 6 mois  Aux fruits - 4x130g","p":2.55,"u":"4,90 €/KG","img":"https://fd9-photos.leclercdrive.fr/image.ashx?id=2911196&use=l&cat=p&typeid=i","cat":312388},{"id":156540,"n":"Petit pot bébé Blédina 6 mois Patate douce carotte-2x200g","p":1.92,"u":"4,80 €/KG","img":"https://fd9-photos.leclercdrive.fr/image.ashx?id=2951617&use=l&cat=p&typeid=i","cat":312235},{"id":156598,"n":"Biscuits fourrés bio Jardin Bio Chocolat - 300g","p":2.22,"u":"7,40 €/KG","img":"https://fd9-photos.leclercdrive.fr/image.ashx?id=2903353&use=l&cat=p&typeid=i","cat":284488},{"id":156633,"n":"Yaourt fruit rouges NRT Cassis Fraise Myrtille - 6x125g","p":2.93,"u":"3,91 €/KG","img":"https://fd9-photos.leclercdrive.fr/image.ashx?id=2920812&use=l&cat=p&typeid=i","cat":286006},{"id":156647,"n":"Compote Pom'Potes Pomme  brugnon banane - 64x90g","p":28.39,"pp":19.87,"u":"3,45 €/KG","img":"https://fd9-photos.leclercdrive.fr/image.ashx?id=2254574&use=l&cat=p&typeid=i","cat":284508},{"id":156722,"n":"Sac à dos Kaporal Girl 2 compartiments","p":42.9,"img":"https://fd9-photos.leclercdrive.fr/image.ashx?id=2122274&use=l&cat=p&typeid=i","cat":334133},{"id":156724,"n":"Cartable Little Marcel Dos 38cm","p":34.99,"img":"https://fd9-photos.leclercdrive.fr/image.ashx?id=2122280&use=l&cat=p&typeid=i","cat":334133},{"id":156726,"n":"Trousse double Little Marcel","p":6.95,"img":"https://fd9-photos.leclercdrive.fr/image.ashx?id=2122286&use=l&cat=p&typeid=i","cat":334133},{"id":156738,"n":"Sac à dos ordi Freegun Couleurs","p":25.5,"img":"https://fd9-photos.leclercdrive.fr/image.ashx?id=2129266&use=l&cat=p&typeid=i","cat":334133},{"id":156739,"n":"Sac à dos ordi Freegun Noir et blanc","p":25.5,"img":"https://fd9-photos.leclercdrive.fr/image.ashx?id=2149258&use=l&cat=p&typeid=i","cat":334133},{"id":156746,"n":"Pot à crayon basket Blanc","p":3.75,"img":"https://fd9-photos.leclercdrive.fr/image.ashx?id=2129275&use=l&cat=p&typeid=i","cat":334133},{"id":156764,"n":"Cahier openflex 96pages Bleu Petits carreaux 17x22cm","p":1.25,"img":"https://fd9-photos.leclercdrive.fr/image.ashx?id=2134578&use=l&cat=p&typeid=i","cat":284697},{"id":156765,"n":"Cahier openflex 96pages Bleu ciel Petit carreau 17x22cm","p":1.25,"img":"https://fd9-photos.leclercdrive.fr/image.ashx?id=2134581&use=l&cat=p&typeid=i","cat":284697},{"id":156766,"n":"Cahier openflex 96pages Vert Petits carreaux 17x22cm","p":1.25,"img":"https://fd9-photos.leclercdrive.fr/image.ashx?id=2134584&use=l&cat=p&typeid=i","cat":284697},{"id":156767,"n":"Cahier openflex 96pages Jaune - Petits carreaux 17x22cm","p":1.25,"img":"https://fd9-photos.leclercdrive.fr/image.ashx?id=2134587&use=l&cat=p&typeid=i","cat":284697},{"id":156768,"n":"Cahier openflex 96pages Corail Petits carreaux 17x22cm","p":1.25,"img":"https://fd9-photos.leclercdrive.fr/image.ashx?id=2134590&use=l&cat=p&typeid=i","cat":284697},{"id":156769,"n":"Cahier openflex 96pages Rouge Petits carreaux 17x22cm","p":1.25,"img":"https://fd9-photos.leclercdrive.fr/image.ashx?id=2134593&use=l&cat=p&typeid=i","cat":284697},{"id":156770,"n":"Cahier openflex 96pages Fuchsia Petits carreaux 17x22cm","p":1.25,"img":"https://fd9-photos.leclercdrive.fr/image.ashx?id=2134596&use=l&cat=p&typeid=i","cat":284697},{"id":156771,"n":"Cahier openflex 96pages Violet Petits carreaux 17x22cm","p":1.25,"img":"https://fd9-photos.leclercdrive.fr/image.ashx?id=2134599&use=l&cat=p&typeid=i","cat":284697},{"id":156772,"n":"Cahier Easybook 96pages Bleu - grands carreaux- 17x22cm","p":1.95,"img":"https://fd9-photos.leclercdrive.fr/image.ashx?id=2749056&use=l&cat=p&typeid=i","cat":284697},{"id":156773,"n":"Cahier Easybook 96pages Rouge - grands carreaux-17x22cm","p":1.95,"img":"https://fd9-photos.leclercdrive.fr/image.ashx?id=2749059&use=l&cat=p&typeid=i","cat":284697},{"id":156774,"n":"Cahier Easybook 96pages  Jaune - grands carreaux-17x22cm","p":1.95,"img":"https://fd9-photos.leclercdrive.fr/image.ashx?id=2749062&use=l&cat=p&typeid=i","cat":284697},{"id":156775,"n":"Cahier Easybook 96pages Vert - grands carreaux- 17x22cm","p":1.95,"img":"https://fd9-photos.leclercdrive.fr/image.ashx?id=2749065&use=l&cat=p&typeid=i","cat":284697},{"id":156776,"n":"Cahier Easybook 96pages  Rose - grands carreaux- 17x22cm","p":1.95,"img":"https://fd9-photos.leclercdrive.fr/image.ashx?id=2749068&use=l&cat=p&typeid=i","cat":284697},{"id":156777,"n":"Cahier Easybook 96pages Violet- grands carreaux-17x22cm","p":1.95,"img":"https://fd9-photos.leclercdrive.fr/image.ashx?id=2749071&use=l&cat=p&typeid=i","cat":284697},{"id":156778,"n":"Cahier Easybook 96pages Orange -grands carreaux-17x22cm","p":1.95,"img":"https://fd9-photos.leclercdrive.fr/image.ashx?id=2749074&use=l&cat=p&typeid=i","cat":284697},{"id":156779,"n":"Cahier Easybook 96pages Incolore -grand carreau-17x22cm","p":2.1,"img":"https://fd9-photos.leclercdrive.fr/image.ashx?id=2749077&use=l&cat=p&typeid=i","cat":284697},{"id":156805,"n":"Cahier Easybook 96pages Rouge -grands carreaux -24x32cm","p":3.2,"img":"https://fd9-photos.leclercdrive.fr/image.ashx?id=2749107&use=l&cat=p&typeid=i","cat":284697},{"id":156981,"n":"12 feutres Maped + 15 crayons Maped","p":4.99,"img":"https://fd9-photos.leclercdrive.fr/image.ashx?id=2381904&use=l&cat=p&typeid=i","cat":284696},{"id":157067,"n":"Cahier 96pages Mimesys Grands carreaux - 17x22cm","p":3.5,"img":"https://fd9-photos.leclercdrive.fr/image.ashx?id=2280014&use=l&cat=p&typeid=i","cat":284697},{"id":157069,"n":"Cahier 96pages Mimesys Bleu marine-Grand carreau-17x22","p":1.3,"img":"https://fd9-photos.leclercdrive.fr/image.ashx?id=2135169&use=l&cat=p&typeid=i","cat":284697},{"id":157070,"n":"Cahier 96pages Mimesys Bleu turquoise - seyes -17x22cm","p":1.3,"img":"https://fd9-photos.leclercdrive.fr/image.ashx?id=2135172&use=l&cat=p&typeid=i","cat":284697},{"id":157071,"n":"Cahier 96pages Mimesys Noir - Grands carreaux -17x22cm","p":1.3,"img":"https://fd9-photos.leclercdrive.fr/image.ashx?id=2135175&use=l&cat=p&typeid=i","cat":284697},{"id":157072,"n":"Cahier 96pages Mimesys Rouge - Grands carreaux-17x22cm","p":1.3,"img":"https://fd9-photos.leclercdrive.fr/image.ashx?id=2135178&use=l&cat=p&typeid=i","cat":284697},{"id":157073,"n":"Cahier 96pages Mimesys Jaune - Grands carreaux-17x22cm","p":1.3,"img":"https://fd9-photos.leclercdrive.fr/image.ashx?id=2135181&use=l&cat=p&typeid=i","cat":284697},{"id":157074,"n":"Cahier 96pages Mimesys Vert - Grands carreaux-17x22cm","p":1.3,"img":"https://fd9-photos.leclercdrive.fr/image.ashx?id=2135184&use=l&cat=p&typeid=i","cat":284697},{"id":157077,"n":"Cahier 96pages Mimesys Bleu turquoise- 5x5- 17x22cm","p":1.53,"img":"https://fd9-photos.leclercdrive.fr/image.ashx?id=2135190&use=l&cat=p&typeid=i","cat":284697},{"id":157079,"n":"Cahier 96pages Mimesys Rouge - Petits carreaux-17X22cm","p":1.53,"img":"https://fd9-photos.leclercdrive.fr/image.ashx?id=2135196&use=l&cat=p&typeid=i","cat":284697},{"id":157080,"n":"Cahier 96pages Mimesys Jaune - Petits carreaux-17X22cm","p":1.53,"img":"https://fd9-photos.leclercdrive.fr/image.ashx?id=2135199&use=l&cat=p&typeid=i","cat":284697},{"id":157081,"n":"Cahier 96pages Mimesys Vert - Petits carreaux -17X22cm","p":1.53,"img":"https://fd9-photos.leclercdrive.fr/image.ashx?id=2135202&use=l&cat=p&typeid=i","cat":284697},{"id":157082,"n":"Cahier piqure 96pages Mimesys Petis carreaux - 17X22cm - X3","p":3.5,"img":"https://fd9-photos.leclercdrive.fr/image.ashx?id=2121908&use=l&cat=p&typeid=i","cat":284697},{"id":157083,"n":"Cahier piqure 96pages Mimesys Grands carreaux - 21x29,7cm- X3","p":6.4,"img":"https://fd9-photos.leclercdrive.fr/image.ashx?id=2121911&use=l&cat=p&typeid=i","cat":284697},{"id":157085,"n":"Cahier 96pages Mimesys Bleu marine - Seyes - 21X29,7cm","p":2.55,"img":"https://fd9-photos.leclercdrive.fr/image.ashx?id=2135205&use=l&cat=p&typeid=i","cat":284697},{"id":157086,"n":"Cahier 96pages Mimesys Bleu turquoise -Seyes-21x29,7cm","p":2.55,"img":"https://fd9-photos.leclercdrive.fr/image.ashx?id=2135208&use=l&cat=p&typeid=i","cat":284697},{"id":157087,"n":"Cahier 96pages Mimesys Noir -Grands carreaux-21X29,7cm","p":2.55,"img":"https://fd9-photos.leclercdrive.fr/image.ashx?id=2135211&use=l&cat=p&typeid=i","cat":284697},{"id":157088,"n":"Cahier 96pages Mimesys Rouge-Grands carreaux-21X29,7cm","p":2.55,"img":"https://fd9-photos.leclercdrive.fr/image.ashx?id=2135214&use=l&cat=p&typeid=i","cat":284697},{"id":157089,"n":"Cahier 96pages Mimesys Jaune-Grands carreaux-21X29,7cm","p":2.55,"img":"https://fd9-photos.leclercdrive.fr/image.ashx?id=2135217&use=l&cat=p&typeid=i","cat":284697},{"id":157090,"n":"Cahier 96pages Mimesys Vert-Grands carreaux-21X29,7cm","p":2.55,"img":"https://fd9-photos.leclercdrive.fr/image.ashx?id=2135220&use=l&cat=p&typeid=i","cat":284697},{"id":157093,"n":"Cahier 96pages Mimesys Bleu turquoise - 5x5 -21X29,7cm","p":2.65,"img":"https://fd9-photos.leclercdrive.fr/image.ashx?id=2135226&use=l&cat=p&typeid=i","cat":284697},{"id":157095,"n":"Cahier 96pages Mimesys Rouge-Petits carreaux-21X29,7cm","p":2.65,"img":"https://fd9-photos.leclercdrive.fr/image.ashx?id=2135232&use=l&cat=p&typeid=i","cat":284697},{"id":157096,"n":"Cahier 96pages Mimesys Jaune-Petits carreaux-21X29,7cm","p":2.65,"img":"https://fd9-photos.leclercdrive.fr/image.ashx?id=2135235&use=l&cat=p&typeid=i","cat":284697},{"id":157097,"n":"Cahier 96pages Mimesys Vert-Petits carreaux-21X29,7cm","p":2.65,"img":"https://fd9-photos.leclercdrive.fr/image.ashx?id=2135238&use=l&cat=p&typeid=i","cat":284697},{"id":157098,"n":"Cahier piqure 96pages Mimesys Petits carreaux - 21X29,7cm- x3","p":6.35,"img":"https://fd9-photos.leclercdrive.fr/image.ashx?id=2121914&use=l&cat=p&typeid=i","cat":284697},{"id":157104,"n":"Cahier 96pages Mimesys Rouge -Petits carreaux -24X32cm","p":2.5,"img":"https://fd9-photos.leclercdrive.fr/image.ashx?id=2135250&use=l&cat=p&typeid=i","cat":284697},{"id":157105,"n":"Cahier 96pages Mimesys Jaune - Petits carreaux-24X32cm","p":2.5,"img":"https://fd9-photos.leclercdrive.fr/image.ashx?id=2135253&use=l&cat=p&typeid=i","cat":284697},{"id":157106,"n":"Cahier 96pages Mimesys Vert - Petits carreaux -24X32cm","p":2.5,"img":"https://fd9-photos.leclercdrive.fr/image.ashx?id=2135256&use=l&cat=p&typeid=i","cat":284697},{"id":157128,"n":"Feutres Frixion fineliner Pilot x4","p":5.25,"img":"https://fd9-photos.leclercdrive.fr/image.ashx?id=2574991&use=l&cat=p&typeid=i","cat":284696},{"id":157141,"n":"Roller Frixion ball clicker Noir","p":6.4,"img":"https://fd9-photos.leclercdrive.fr/image.ashx?id=2578022&use=l&cat=p&typeid=i","cat":284696},{"id":157143,"n":"Roller Frixion ball Noir + 1 etui","p":6.9,"img":"https://fd9-photos.leclercdrive.fr/image.ashx?id=2573495&use=l&cat=p&typeid=i","cat":284696},{"id":157144,"n":"Roller Pilot Frixion Ball  x4 + surligneur - Rose","p":9.1,"img":"https://fd9-photos.leclercdrive.fr/image.ashx?id=2578037&use=l&cat=p&typeid=i","cat":284696},{"id":157147,"n":"Roller B2p Pilot Bleu/bleu/vert - x3","p":5.15,"img":"https://fd9-photos.leclercdrive.fr/image.ashx?id=2128710&use=l&cat=p&typeid=i","cat":284696},{"id":157154,"n":"Rapporteur 180° Bic 10 cm","p":1.1,"img":"https://fd9-photos.leclercdrive.fr/image.ashx?id=2244977&use=l&cat=p&typeid=i","cat":334133},{"id":157161,"n":"Roller effaçable Bic Vert - +6 recharges","p":5.99,"img":"https://fd9-photos.leclercdrive.fr/image.ashx?id=2146465&use=l&cat=p&typeid=i","cat":284696},{"id":157162,"n":"Roller effaçable Bic Noir - +6 recharges","p":5.99,"img":"https://fd9-photos.leclercdrive.fr/image.ashx?id=2147864&use=l&cat=p&typeid=i","cat":284696},{"id":157164,"n":"Roller effaçable Bic Mario Bleu - +6 recharges","p":6.45,"img":"https://fd9-photos.leclercdrive.fr/image.ashx?id=2381775&use=l&cat=p&typeid=i","cat":284696},{"id":157174,"n":"Stylo-feutre Stabilo point 88 pointe fine - ARTY -x18","p":12.5,"img":"https://fd9-photos.leclercdrive.fr/image.ashx?id=2306294&use=l&cat=p&typeid=i","cat":284696},{"id":157176,"n":"Stylo-feutre Stabilo point 88 pointe fine - x16","p":10.9,"img":"https://fd9-photos.leclercdrive.fr/image.ashx?id=2836625&use=l&cat=p&typeid=i","cat":284696},{"id":157182,"n":"Feutres Stabilo Pen 68 brush Feutres pinceau ARTY - x18","p":22.5,"img":"https://fd9-photos.leclercdrive.fr/image.ashx?id=2122400&use=l&cat=p&typeid=i","cat":284696},{"id":157190,"n":"Bâton de colle Uhu stic Renature - 5x8,2g","p":3.99,"u":"97,32 €/KG","img":"https://fd9-photos.leclercdrive.fr/image.ashx?id=2903689&use=l&cat=p&typeid=i","cat":334133},{"id":157258,"n":"Cahier Openflex Oxford 96pages Orange -grands carreaux-17x22cm","p":1.25,"img":"https://fd9-photos.leclercdrive.fr/image.ashx?id=2135448&use=l&cat=p&typeid=i","cat":284697},{"id":157507,"n":"Tube de peinture Esquisse  Noir - 20ml","p":0.99,"img":"https://fd9-photos.leclercdrive.fr/image.ashx?id=2124134&use=l&cat=p&typeid=i","cat":334133},{"id":157508,"n":"Feutres de coloriage Esquisse Mini- Pointe moyenne - x12","p":1.19,"img":"https://fd9-photos.leclercdrive.fr/image.ashx?id=2124137&use=l&cat=p&typeid=i","cat":284696},{"id":157543,"n":"Cahier Esquisse 48 pages Rouge - petits carreaux-17x22cm","p":0.99,"img":"https://fd9-photos.leclercdrive.fr/image.ashx?id=2131446&use=l&cat=p&typeid=i","cat":284697},{"id":157544,"n":"Cahier Esquisse 48 pages Vert - petits carreaux- 17x22cm","p":0.99,"img":"https://fd9-photos.leclercdrive.fr/image.ashx?id=2131449&use=l&cat=p&typeid=i","cat":284697},{"id":157545,"n":"Cahier Esquisse 48 pages Jaune - petits carreaux-17x22cm","p":0.99,"img":"https://fd9-photos.leclercdrive.fr/image.ashx?id=2131452&use=l&cat=p&typeid=i","cat":284697},{"id":157628,"n":"Crème corps Mixa  Peaux Sèches, Sensibles - 400ml","p":4.56,"u":"11,40 €/L","img":"https://fd9-photos.leclercdrive.fr/image.ashx?id=2338432&use=l&cat=p&typeid=i","cat":325350},{"id":157655,"n":"Crème main Le Petit Marseillais Réparation - Karité - 75ml","p":1.93,"u":"25,73 €/L","img":"https://fd9-photos.leclercdrive.fr/image.ashx?id=2901893&use=l&cat=p&typeid=i","cat":325354},{"id":157656,"n":"Brosse à dents électrique Oral B Cross Action - x1","p":42.5,"img":"https://fd9-photos.leclercdrive.fr/image.ashx?id=2538049&use=l&cat=p&typeid=i","cat":297133},{"id":157921,"n":"AOC Bourgogne Rully Rouge Antonin Rodet 75cl","p":21.95,"u":"29,27 €/L","img":"https://fd9-photos.leclercdrive.fr/image.ashx?id=3011233&use=l&cat=p&typeid=i","cat":289556},{"id":157960,"n":"Infusion minceur Bio Village Bio - x20 - 30g","p":1.55,"u":"51,67 €/KG","img":"https://fd9-photos.leclercdrive.fr/image.ashx?id=2553935&use=l&cat=p&typeid=i","cat":293234},{"id":157968,"n":"Capsules café Plantation Espresso Caramel n°7- x10 - 52g","p":2.4,"u":"46,15 €/KG","img":"https://fd9-photos.leclercdrive.fr/image.ashx?id=2929882&use=l&cat=p&typeid=i","cat":284749},{"id":157973,"n":"Capsules café Plantation Lungo Forte n°8 - x10 - 52g","p":2.24,"u":"43,08 €/KG","img":"https://fd9-photos.leclercdrive.fr/image.ashx?id=2867266&use=l&cat=p&typeid=i","cat":284749},{"id":158121,"n":"Sac a dos Pinnacle Easpak double compartiment - Black","p":72.9,"img":"https://fd9-photos.leclercdrive.fr/image.ashx?id=2125593&use=l&cat=p&typeid=i","cat":334133},{"id":158136,"n":"Jus multifruits nectar Jafaden Sans sucres ajoutés - 1L","p":1.79,"u":"1,79 €/L","img":"https://fd9-photos.leclercdrive.fr/image.ashx?id=2956780&use=l&cat=p&typeid=i","cat":284917},{"id":158181,"n":"Gel Douche Le Petit Marseillais  Bio peche & nectarine-250ml","p":2.41,"u":"9,64 €/L","img":"https://fd9-photos.leclercdrive.fr/image.ashx?id=2685141&use=l&cat=p&typeid=i","cat":284594},{"id":158195,"n":"Assouplissant Biovie Concentré à l'aloe vera bio -1L","p":4.71,"u":"4,71 €/L","img":"https://fd9-photos.leclercdrive.fr/image.ashx?id=2849977&use=l&cat=p&typeid=i","cat":284650},{"id":158255,"n":"Serum visage La Provençale Bio Anti-âge - 30ml","p":10.22,"u":"340,67 €/L","img":"https://fd9-photos.leclercdrive.fr/image.ashx?id=2971155&use=l&cat=p&typeid=i","cat":325345},{"id":158316,"n":"Stick lèvres Dermophil Réparateur Protecteur- 2 pièces","p":6.9,"u":"431,25 €/KG","img":"https://fd9-photos.leclercdrive.fr/image.ashx?id=2939772&use=l&cat=p&typeid=i","cat":285485},{"id":158430,"n":"Calculatrice Graphique Casio Graph 35+ E II","p":65.08,"u":"Dont 0,07 € d'éco-part.","img":"https://fd9-photos.leclercdrive.fr/image.ashx?id=2572329&use=l&cat=p&typeid=i","cat":334133},{"id":158525,"n":"Crème dessert Délisse Edition limitée - 4x125g","p":1.29,"u":"2,58 €/KG","img":"https://fd9-photos.leclercdrive.fr/image.ashx?id=2970619&use=l&cat=p&typeid=i","cat":285041},{"id":158536,"n":"Nuggets de poisson Cité Marine Pané MSC - 200g","p":2.5,"u":"12,50 €/KG","img":"https://fd9-photos.leclercdrive.fr/image.ashx?id=2873387&use=l&cat=p&typeid=i","cat":284344},{"id":158569,"n":"Blanc de poulet Tradilège Sans nitrite - 4 Tranches 120g","p":1.45,"u":"12,08 €/KG","img":"https://fd9-photos.leclercdrive.fr/image.ashx?id=2970480&use=l&cat=p&typeid=i","cat":316010},{"id":158571,"n":"Plat bébé Blédina 8 mois  Pâtes tomate boeuf - 2x200g","p":2.91,"u":"7,28 €/KG","img":"https://fd9-photos.leclercdrive.fr/image.ashx?id=2975092&use=l&cat=p&typeid=i","cat":312236},{"id":158575,"n":"Single malt Scotch Glenfiddich Tripple Oak 40%vol - 70cl 12ans","p":32.39,"u":"46,27 €/L","img":"https://fd9-photos.leclercdrive.fr/image.ashx?id=2131596&use=l&cat=p&typeid=i","cat":284547},{"id":158588,"n":"Vin de France rouge Merlot Cabernet Sauvign.Cambras BIB 5L","p":13.43,"u":"2,69 €/L","img":"https://fd9-photos.leclercdrive.fr/image.ashx?id=2694587&use=l&cat=p&typeid=i","cat":289556},{"id":158649,"n":"Lait céréales Blédidej 12 mois Biscuité vanille - 500ml","p":1.78,"u":"3,56 €/KG","img":"https://fd9-photos.leclercdrive.fr/image.ashx?id=2503728&use=l&cat=p&typeid=i","cat":312226},{"id":158730,"n":"Boulette au boeuf Férial 300g","p":4.19,"u":"13,97 €/KG","img":"https://fd9-photos.leclercdrive.fr/image.ashx?id=2955285&use=l&cat=p&typeid=i","cat":284328},{"id":158779,"n":"Céréales Fitness  Chocolat au lait - 450g","p":3.08,"u":"6,84 €/KG","img":"https://fd9-photos.leclercdrive.fr/image.ashx?id=2922167&use=l&cat=p&typeid=i","cat":309512},{"id":158781,"n":"Céréales Fitness  Chocolat noir - 450g","p":3.08,"u":"6,84 €/KG","img":"https://fd9-photos.leclercdrive.fr/image.ashx?id=2922170&use=l&cat=p&typeid=i","cat":309512},{"id":158784,"n":"Petit pot bébé Blédina 8 mois Légumes viande poisson - 8x200g","p":8.13,"u":"5,08 €/KG","img":"https://fd9-photos.leclercdrive.fr/image.ashx?id=2935777&use=l&cat=p&typeid=i","cat":312236},{"id":158791,"n":"Poivre noir grain Ducros 200g - n°6","p":8.05,"u":"40,25 €/KG","img":"https://fd9-photos.leclercdrive.fr/image.ashx?id=2486599&use=l&cat=p&typeid=i","cat":284457},{"id":158803,"n":"Rotella Haribo Sachet bonbons réglisse - 300g","p":1.37,"u":"4,57 €/KG","img":"https://fd9-photos.leclercdrive.fr/image.ashx?id=2982402&use=l&cat=p&typeid=i","cat":304250},{"id":158817,"n":"Capsules café L'Or Espresso Bio N°7 x10","p":3.82,"u":"73,46 €/KG","img":"https://fd9-photos.leclercdrive.fr/image.ashx?id=2133545&use=l&cat=p&typeid=i","cat":284749},{"id":158884,"n":"AOC Fronsac Vin rouge Château de la rivière - 1.5L","p":29.5,"u":"19,67 €/L","img":"https://fd9-photos.leclercdrive.fr/image.ashx?id=2144815&use=l&cat=p&typeid=i","cat":289556},{"id":158891,"n":"Boisson aux fruits Jafun Tropical - 1L","p":1.19,"u":"1,19 €/L","img":"https://fd9-photos.leclercdrive.fr/image.ashx?id=2913763&use=l&cat=p&typeid=i","cat":295018},{"id":158937,"n":"Sauce Tikka Masala Patak's 450g","p":2.71,"u":"6,02 €/KG","img":"https://fd9-photos.leclercdrive.fr/image.ashx?id=2593698&use=l&cat=p&typeid=i","cat":289012},{"id":158955,"n":"Gambas royales rouges Gimbert - 400g","p":9.9,"u":"24,75 €/KG","img":"https://fd9-photos.leclercdrive.fr/image.ashx?id=2879080&use=l&cat=p&typeid=i","cat":319787},{"id":159112,"n":"Matière grasse St Hubert Doux - 500g","p":4.28,"u":"8,56 €/KG","img":"https://fd9-photos.leclercdrive.fr/image.ashx?id=2734084&use=l&cat=p&typeid=i","cat":315229},{"id":159113,"n":"Matière grasse St Hubert Demi-sel - 500g","p":4.65,"u":"9,30 €/KG","img":"https://fd9-photos.leclercdrive.fr/image.ashx?id=2734087&use=l&cat=p&typeid=i","cat":316068},{"id":159209,"n":"Lasagne Lustucru Selection  250g","p":2.27,"u":"9,08 €/KG","img":"https://fd9-photos.leclercdrive.fr/image.ashx?id=2792396&use=l&cat=p&typeid=i","cat":333682},{"id":159212,"n":"Bloc WC Bref Deluxe Magnolia  Toilettes propres - 50g x1","p":1.97,"u":"39,40 €/KG","img":"https://fd9-photos.leclercdrive.fr/image.ashx?id=2907581&use=l&cat=p&typeid=i","cat":284662},{"id":159364,"n":"Houmous Tables du Monde 175g","p":2.25,"u":"12,86 €/KG","img":"https://fd9-photos.leclercdrive.fr/image.ashx?id=2860079&use=l&cat=p&typeid=i","cat":315999},{"id":159381,"n":"Rhum epice Lagoa 35% 70cl","p":9.99,"u":"14,27 €/L","img":"https://fd9-photos.leclercdrive.fr/image.ashx?id=2966499&use=l&cat=p&typeid=i","cat":284550},{"id":159394,"n":"Amandes émondées Vahiné 125g","p":3.76,"u":"30,08 €/KG","img":"https://fd9-photos.leclercdrive.fr/image.ashx?id=2606250&use=l&cat=p&typeid=i","cat":284357},{"id":159396,"n":"Houmous Tables du Monde Olives noires - 175g","p":2.25,"u":"12,86 €/KG","img":"https://fd9-photos.leclercdrive.fr/image.ashx?id=2138154&use=l&cat=p&typeid=i","cat":315999},{"id":159409,"n":"Amande éffilée grillée Vahiné 100g","p":3.87,"u":"38,70 €/KG","img":"https://fd9-photos.leclercdrive.fr/image.ashx?id=2387597&use=l&cat=p&typeid=i","cat":284357},{"id":159448,"n":"Boisson aux fruits Jafun Pomme Cassis Framboise - 2L","p":1.49,"u":"0,75 €/L","img":"https://fd9-photos.leclercdrive.fr/image.ashx?id=2956924&use=l&cat=p&typeid=i","cat":295018},{"id":159505,"n":"Saké Miyako Nihonshu 72cl","p":16.3,"u":"22,64 €/L","img":"https://fd9-photos.leclercdrive.fr/image.ashx?id=2148675&use=l&cat=p&typeid=i","cat":284913},{"id":159512,"n":"Taboulé basilic Menu Fraicheur 300g","p":1.49,"u":"4,97 €/KG","img":"https://fd9-photos.leclercdrive.fr/image.ashx?id=2816600&use=l&cat=p&typeid=i","cat":333657},{"id":159513,"n":"Bière aromatisée Desquiles Ginger - 50cl","p":1.39,"u":"2,78 €/L","img":"https://fd9-photos.leclercdrive.fr/image.ashx?id=2726494&use=l&cat=p&typeid=i","cat":334853},{"id":159519,"n":"Pates fusili Côté Snack Raclette - 300g","p":1.99,"u":"6,63 €/KG","img":"https://fd9-photos.leclercdrive.fr/image.ashx?id=2613291&use=l&cat=p&typeid=i","cat":334983},{"id":159627,"n":"Fromage Fol Epi  Originale 8 Tranches - 150g","p":2.2,"u":"14,67 €/KG","img":"https://fd9-photos.leclercdrive.fr/image.ashx?id=2456801&use=l&cat=p&typeid=i","cat":314028},{"id":159630,"n":"Pomme de terre Eco+ Epluchées - 1kg","p":1.95,"u":"1,95 €/KG","img":"https://fd9-photos.leclercdrive.fr/image.ashx?id=2712422&use=l&cat=p&typeid=i","cat":284352},{"id":159631,"n":"Betterave Eco+ 2x500g","p":1.44,"u":"1,44 €/KG","img":"https://fd9-photos.leclercdrive.fr/image.ashx?id=2669663&use=l&cat=p&typeid=i","cat":284352},{"id":159685,"n":"Piles alcalines Duracell Plus AA 1,5V LR6 MN 1500 - x8","p":9.49,"u":"1,19 €/P","img":"https://fd9-photos.leclercdrive.fr/image.ashx?id=2314524&use=l&cat=p&typeid=i","cat":300572},{"id":159688,"n":"Piles alcalines Duracell Plus AAA 1,5V LR03 MN2400 - x4","p":5.49,"u":"1,37 €/P","img":"https://fd9-photos.leclercdrive.fr/image.ashx?id=2314536&use=l&cat=p&typeid=i","cat":300572},{"id":159693,"n":"Piles alcalines Duracell Plus C 1,5V LR14 MN1400 - x2","p":5.02,"u":"2,51 €/P","img":"https://fd9-photos.leclercdrive.fr/image.ashx?id=2929101&use=l&cat=p&typeid=i","cat":300572},{"id":159698,"n":"Piles alcalines Duracell Plus D 1,5V LR20 MN1300 - x2","p":5.07,"img":"https://fd9-photos.leclercdrive.fr/image.ashx?id=2929107&use=l&cat=p&typeid=i","cat":300572},{"id":159702,"n":"Piles alcalines Duracell Plus 9V 6LR61 MN1604 - x1","p":4.97,"img":"https://fd9-photos.leclercdrive.fr/image.ashx?id=2929113&use=l&cat=p&typeid=i","cat":300572},{"id":159708,"n":"Piles alcalines Duracell Plus 4,5V 3LR12 - x1","p":5.29,"img":"https://fd9-photos.leclercdrive.fr/image.ashx?id=2749850&use=l&cat=p&typeid=i","cat":300572},{"id":159734,"n":"Pomme Figue Bio Good Goût Gourde - 120g","p":1.59,"u":"13,25 €/KG","img":"https://fd9-photos.leclercdrive.fr/image.ashx?id=2736082&use=l&cat=p&typeid=i","cat":312387},{"id":159735,"n":"Pomme Framboise Bio Good Goût - Gourde - 120g","p":1.82,"u":"15,17 €/KG","img":"https://fd9-photos.leclercdrive.fr/image.ashx?id=2736103&use=l&cat=p&typeid=i","cat":312387},{"id":159785,"n":"Ampoule Led standard Osram B22 verre dépoli 7W=60 chaud-x1","p":6.75,"u":"Dont 0,29 € d'éco-part.","img":"https://fd9-photos.leclercdrive.fr/image.ashx?id=2653966&use=l&cat=p&typeid=i","cat":300573},{"id":159787,"n":"Ampoule Led standard Osram E27 11W=100 verre dépoli - x1","p":12.85,"u":"Dont 0,29 € d'éco-part.","img":"https://fd9-photos.leclercdrive.fr/image.ashx?id=2593689&use=l&cat=p&typeid=i","cat":300573},{"id":159788,"n":"Ampoule Led standard Osram B22 11W=100 verre dépoli - x1","p":15.96,"u":"Dont 0,29 € d'éco-part.","img":"https://fd9-photos.leclercdrive.fr/image.ashx?id=2592879&use=l&cat=p&typeid=i","cat":300573},{"id":159792,"n":"Ampoule LED Standard Osram E27 7W=60 verre dépoli - x2","p":10.9,"u":"Dont 0,58 € d'éco-part.","img":"https://fd9-photos.leclercdrive.fr/image.ashx?id=2655502&use=l&cat=p&typeid=i","cat":300573},{"id":159832,"n":"Ampoule Led Standard Osram E27 10W=100 verre dépoli - x1","p":15.81,"u":"Dont 0,29 € d'éco-part.","img":"https://fd9-photos.leclercdrive.fr/image.ashx?id=2653981&use=l&cat=p&typeid=i","cat":300573},{"id":159844,"n":"Ampoule Led Standard Osram E27 7W=60 verre dépoli - x2","p":10.9,"u":"Dont 0,58 € d'éco-part.","img":"https://fd9-photos.leclercdrive.fr/image.ashx?id=2655505&use=l&cat=p&typeid=i","cat":300573},{"id":159846,"n":"Ampoule Led Standard Osram B22 6,5W=60 verre dépoli - x2","p":10.9,"u":"Dont 0,58 € d'éco-part.","img":"https://fd9-photos.leclercdrive.fr/image.ashx?id=2655508&use=l&cat=p&typeid=i","cat":300573},{"id":159858,"n":"Ampoule Led Standard Osram 7W=60 E27 froid","p":5.5,"u":"Dont 0,29 € d'éco-part.","img":"https://fd9-photos.leclercdrive.fr/image.ashx?id=2653969&use=l&cat=p&typeid=i","cat":300573},{"id":159862,"n":"Ampoule Led Standard Osram E27 8W=75 verre dépoli chaud","p":8.97,"u":"Dont 0,29 € d'éco-part.","img":"https://fd9-photos.leclercdrive.fr/image.ashx?id=2653972&use=l&cat=p&typeid=i","cat":300573},{"id":159897,"n":"Fromage Enfant Kiri Crème 12 portions à tartiner - 216g","p":2.85,"u":"13,19 €/KG","img":"https://fd9-photos.leclercdrive.fr/image.ashx?id=2973565&use=l&cat=p&typeid=i","cat":314030},{"id":159899,"n":"Biscuit caramel P'tit Déli Beurre salé - 120g","p":2.06,"u":"17,17 €/KG","img":"https://fd9-photos.leclercdrive.fr/image.ashx?id=2141738&use=l&cat=p&typeid=i","cat":284487},{"id":159903,"n":"Boisson aux fruits Jafun Tropical - 2L","p":1.75,"u":"0,88 €/L","img":"https://fd9-photos.leclercdrive.fr/image.ashx?id=2897835&use=l&cat=p&typeid=i","cat":295018},{"id":159938,"n":"Desserts Lactés P'TIT BRASSE   Fraise BIO 6M+ - 4x90g","p":2.36,"u":"26,22 €/KG","img":"https://fd9-photos.leclercdrive.fr/image.ashx?id=2510202&use=l&cat=p&typeid=i","cat":312392},{"id":159942,"n":"Huile motoculture Beaux Jours 2t 100% synthèse - 2L","p":11.49,"u":"5,75 €/L","img":"https://fd9-photos.leclercdrive.fr/image.ashx?id=2297789&use=l&cat=p&typeid=i","cat":298253},{"id":159943,"n":"Huile motoculture Beaux Jours 2t semi-synthèse - 2L","p":10.19,"u":"5,10 €/L","img":"https://fd9-photos.leclercdrive.fr/image.ashx?id=2297792&use=l&cat=p&typeid=i","cat":298253},{"id":159945,"n":"Huile motoculture Beaux Jours 2t - 2L","p":9.49,"u":"4,75 €/L","img":"https://fd9-photos.leclercdrive.fr/image.ashx?id=2297795&use=l&cat=p&typeid=i","cat":298253},{"id":159947,"n":"Huile motoculture Beaux Jours 4t - 2L","p":7.49,"u":"3,75 €/L","img":"https://fd9-photos.leclercdrive.fr/image.ashx?id=2297798&use=l&cat=p&typeid=i","cat":298253},{"id":159949,"n":"Huile tronçonneuse Beaux Jours Biodégradable - 2L","p":12.99,"u":"6,50 €/L","img":"https://fd9-photos.leclercdrive.fr/image.ashx?id=2297801&use=l&cat=p&typeid=i","cat":298253},{"id":159951,"n":"Huile tronçonneuse Beaux Jours 5L","p":16.49,"u":"3,30 €/L","img":"https://fd9-photos.leclercdrive.fr/image.ashx?id=2297804&use=l&cat=p&typeid=i","cat":298253},{"id":159956,"n":"Huile moteur Tech 9 5W30 C3 504/507 - 5L","p":34.9,"u":"6,98 €/L","img":"https://fd9-photos.leclercdrive.fr/image.ashx?id=2148776&use=l&cat=p&typeid=i","cat":298253},{"id":159958,"n":"Huile moteur Tech 9 5W40 Diesel - 5L","p":23.5,"u":"4,70 €/L","img":"https://fd9-photos.leclercdrive.fr/image.ashx?id=2148782&use=l&cat=p&typeid=i","cat":298253},{"id":159965,"n":"Capsules Starbucks by Nespresso  Colombia Int 7 - x18","p":6.05,"u":"59,90 €/KG","img":"https://fd9-photos.leclercdrive.fr/image.ashx?id=2668174&use=l&cat=p&typeid=i","cat":284749},{"id":159969,"n":"Huile moteur Tech 9 0W30 mixte - 5L","p":46.49,"u":"9,30 €/L","img":"https://fd9-photos.leclercdrive.fr/image.ashx?id=2162696&use=l&cat=p&typeid=i","cat":298253},{"id":159975,"n":"Huile tronçonneuse Eco + 5L","p":14.88,"u":"2,98 €/L","img":"https://fd9-photos.leclercdrive.fr/image.ashx?id=2235872&use=l&cat=p&typeid=i","cat":298253},{"id":159980,"n":"Huile moteur Tech 9 10W40 Diesel - 5L","p":18.4,"u":"3,68 €/L","img":"https://fd9-photos.leclercdrive.fr/image.ashx?id=2148767&use=l&cat=p&typeid=i","cat":298253},{"id":160055,"n":"Boxer coton stretch Dim Noir/Gris/Blanc T6/XXL - x3","p":24.95,"u":"8,32 €/P","img":"https://fd9-photos.leclercdrive.fr/image.ashx?id=2143226&use=l&cat=p&typeid=i","cat":291524},{"id":160062,"n":"Boxer coton stretch Dim T6/XXL Gris plomb/Rouge chili/Noir- x3","p":24.95,"u":"8,32 €/P","img":"https://fd9-photos.leclercdrive.fr/image.ashx?id=2195029&use=l&cat=p&typeid=i","cat":291524},{"id":160106,"n":"Jus innocent  tutti frutti 1.5L","p":3.98,"u":"2,65 €/L","img":"https://fd9-photos.leclercdrive.fr/image.ashx?id=2907449&use=l&cat=p&typeid=i","cat":284354},{"id":160134,"n":"Tartare Végétal Lait d'Amande  Ail et Fines Herbes - 140g","p":2.25,"u":"16,07 €/KG","img":"https://fd9-photos.leclercdrive.fr/image.ashx?id=2928618&use=l&cat=p&typeid=i","cat":316070},{"id":160238,"n":"Nappage Fruits rouges Vahiné 155g","p":1.95,"u":"12,58 €/KG","img":"https://fd9-photos.leclercdrive.fr/image.ashx?id=2805270&use=l&cat=p&typeid=i","cat":284504},{"id":160271,"n":"AOP Santenay 1er Cru  Les Frères Muzard - 75cl","p":21.6,"u":"28,80 €/L","img":"https://fd9-photos.leclercdrive.fr/image.ashx?id=2173394&use=l&cat=p&typeid=i","cat":289556},{"id":160361,"n":"AOP Château L'hospitalet Languedoc La Clape - 75cl","p":11.2,"u":"14,93 €/L","img":"https://fd9-photos.leclercdrive.fr/image.ashx?id=2407604&use=l&cat=p&typeid=i","cat":289557},{"id":160380,"n":"AOP Cairanne Bio Vignobles André Farjon - 75 cl","p":7.85,"u":"10,47 €/L","img":"https://fd9-photos.leclercdrive.fr/image.ashx?id=2735956&use=l&cat=p&typeid=i","cat":289556},{"id":160429,"n":"Lessive liquide printemps Epsil 40 Lavages - 2L","p":4.6,"u":"2,30 €/L","img":"https://fd9-photos.leclercdrive.fr/image.ashx?id=2958347&use=l&cat=p&typeid=i","cat":284640},{"id":160430,"n":"Lessive liquide sensitive Epsil 40 lavages - 2L","p":5.99,"u":"3,00 €/L","img":"https://fd9-photos.leclercdrive.fr/image.ashx?id=2838951&use=l&cat=p&typeid=i","cat":284640},{"id":160629,"n":"AOP Crémant de Bordeaux rosé Brut Malesan - 75cl","p":6.9,"pp":4.55,"u":"6,07 €/L","img":"https://fd9-photos.leclercdrive.fr/image.ashx?id=2464705&use=l&cat=p&typeid=i","cat":289558},{"id":160725,"n":"Asperges blanches Géant Vert grosses - 205g","p":3.67,"u":"17,90 €/KG","img":"https://fd9-photos.leclercdrive.fr/image.ashx?id=2840551&use=l&cat=p&typeid=i","cat":312611},{"id":160726,"n":"Cerise bigarreau St Mamet 240g","p":3.06,"u":"12,75 €/KG","img":"https://fd9-photos.leclercdrive.fr/image.ashx?id=2628425&use=l&cat=p&typeid=i","cat":284507},{"id":160765,"n":"AOP Côtes de Provence vin rosé Bernard Cordelier - 75 cl","p":3.99,"u":"5,32 €/L","img":"https://fd9-photos.leclercdrive.fr/image.ashx?id=2884204&use=l&cat=p&typeid=i","cat":289558},{"id":161047,"n":"AOP Sirène de Giscours Margaux - 75cl","p":24.1,"u":"32,13 €/L","img":"https://fd9-photos.leclercdrive.fr/image.ashx?id=2279822&use=l&cat=p&typeid=i","cat":289556},{"id":161049,"n":"AOP Esprit de Gd Puy Ducasse Pauillac - 75cl","p":22.1,"u":"29,47 €/L","img":"https://fd9-photos.leclercdrive.fr/image.ashx?id=2154542&use=l&cat=p&typeid=i","cat":289556},{"id":161058,"n":"AOC Fitou Vin rouge Château de Cascastel - 150cl","p":16.0,"u":"10,67 €/L","img":"https://fd9-photos.leclercdrive.fr/image.ashx?id=2668464&use=l&cat=p&typeid=i","cat":289556},{"id":161082,"n":"Café capsules DOLCE GUSTO Starbucks vanilla macchiato 2x6","p":4.39,"u":"33,26 €/KG","img":"https://fd9-photos.leclercdrive.fr/image.ashx?id=2986912&use=l&cat=p&typeid=i","cat":293239},{"id":161121,"n":"Boisson aromatisée Vin rosé Pamplemousse 7.5% vol - BIB 3L","p":7.9,"u":"2,63 €/L","img":"https://fd9-photos.leclercdrive.fr/image.ashx?id=2958528&use=l&cat=p&typeid=i","cat":304569},{"id":161123,"n":"Boisson aux fruits Jafun Fraise Framboise - 2L","p":2.12,"u":"1,06 €/L","img":"https://fd9-photos.leclercdrive.fr/image.ashx?id=2865287&use=l&cat=p&typeid=i","cat":295018},{"id":161126,"n":"Boisson aux fruits Jafun Multifruits - 2L","p":1.99,"u":"1,00 €/L","img":"https://fd9-photos.leclercdrive.fr/image.ashx?id=2897832&use=l&cat=p&typeid=i","cat":295018},{"id":161130,"n":"Boissons à base de fruit Jafun Pêche Abricot - 2L","p":1.99,"u":"1,00 €/L","img":"https://fd9-photos.leclercdrive.fr/image.ashx?id=2865293&use=l&cat=p&typeid=i","cat":295018},{"id":161131,"n":"Boisson à base de fruits Jafun Pomme Kiwi - 2L","p":2.6,"u":"1,30 €/L","img":"https://fd9-photos.leclercdrive.fr/image.ashx?id=2865299&use=l&cat=p&typeid=i","cat":295018},{"id":161135,"n":"DOC Prosecco extra-dry rosé Marque Repère - 7% vol 75 cl","p":5.49,"u":"7,32 €/L","img":"https://fd9-photos.leclercdrive.fr/image.ashx?id=2977180&use=l&cat=p&typeid=i","cat":289461},{"id":161144,"n":"Boisson à base de fruits Jafun Pomme poire - 2L","p":2.23,"u":"1,12 €/L","img":"https://fd9-photos.leclercdrive.fr/image.ashx?id=2865302&use=l&cat=p&typeid=i","cat":295018},{"id":161167,"n":"Beef-Stick Vitakraft Gibier - 48g","p":1.91,"u":"39,79 €/KG","img":"https://fd9-photos.leclercdrive.fr/image.ashx?id=2859755&use=l&cat=p&typeid=i","cat":294527},{"id":161168,"n":"Beef-Stick Vitakraft Dinde - 48g","p":2.1,"u":"43,75 €/KG","img":"https://fd9-photos.leclercdrive.fr/image.ashx?id=2184323&use=l&cat=p&typeid=i","cat":294527},{"id":161185,"n":"AOP Saint-Estèphe Le Marquis De Calon Ségur 75cl","p":28.95,"u":"38,60 €/L","img":"https://fd9-photos.leclercdrive.fr/image.ashx?id=2155738&use=l&cat=p&typeid=i","cat":289556},{"id":161198,"n":"AOP Saint-Julien Le Petit Ducru Beaucaillou 75cl","p":28.09,"u":"37,45 €/L","img":"https://fd9-photos.leclercdrive.fr/image.ashx?id=2155753&use=l&cat=p&typeid=i","cat":289556},{"id":161433,"n":"Dragibus Doypack Haribo Sachet bonbons - 220g","p":1.71,"u":"7,77 €/KG","img":"https://fd9-photos.leclercdrive.fr/image.ashx?id=2984940&use=l&cat=p&typeid=i","cat":304250},{"id":161454,"n":"Wedges Pom Bistro à la Graisse de Canard - 500g","p":3.53,"u":"7,06 €/KG","img":"https://fd9-photos.leclercdrive.fr/image.ashx?id=2866436&use=l&cat=p&typeid=i","cat":319791},{"id":161529,"n":"Côte de Nuits Villages Duvergey Taboureau 75cl","p":21.6,"u":"28,80 €/L","img":"https://fd9-photos.leclercdrive.fr/image.ashx?id=2850958&use=l&cat=p&typeid=i","cat":289556},{"id":161575,"n":"DOC Prosecco Bio 7% vol - 75cl","p":6.49,"u":"8,65 €/L","img":"https://fd9-photos.leclercdrive.fr/image.ashx?id=2977204&use=l&cat=p&typeid=i","cat":289461},{"id":161659,"n":"Gomme bulle Bic Rose- x1","p":1.5,"img":"https://fd9-photos.leclercdrive.fr/image.ashx?id=2160472&use=l&cat=p&typeid=i","cat":334133},{"id":161660,"n":"Gomme bulle Bic Vert foncé - x1","p":1.5,"img":"https://fd9-photos.leclercdrive.fr/image.ashx?id=2160475&use=l&cat=p&typeid=i","cat":334133},{"id":161846,"n":"Sucre roux Tablier blanc En morceaux - 1kg","p":1.81,"u":"1,81 €/KG","img":"https://fd9-photos.leclercdrive.fr/image.ashx?id=3010437&use=l&cat=p&typeid=i","cat":284502},{"id":161914,"n":"Boisson aux fruits Jafun Tropical light - 2L","p":1.39,"u":"0,70 €/L","img":"https://fd9-photos.leclercdrive.fr/image.ashx?id=2982682&use=l&cat=p&typeid=i","cat":295018},{"id":161915,"n":"Boisson tropical brick Jafun 6x20cl","p":2.19,"u":"1,83 €/L","img":"https://fd9-photos.leclercdrive.fr/image.ashx?id=2529617&use=l&cat=p&typeid=i","cat":295018},{"id":162177,"n":"Gel Salle de bain & WC Glade Cerise & Pivoine 180g","p":2.11,"img":"https://fd9-photos.leclercdrive.fr/image.ashx?id=2454421&use=l&cat=p&typeid=i","cat":311628},{"id":162250,"n":"AOP Alsace Gewurztraminer Vendanges tardives - 50cl","p":15.95,"u":"31,90 €/L","img":"https://fd9-photos.leclercdrive.fr/image.ashx?id=2167386&use=l&cat=p&typeid=i","cat":289557},{"id":162271,"n":"Tablette de chocolat noir Lindt Intense 70% - 2x200g","p":6.46,"pp":4.26,"u":"10,65 €/KG","img":"https://fd9-photos.leclercdrive.fr/image.ashx?id=2208936&use=l&cat=p&typeid=i","cat":285562},{"id":162274,"n":"Sauce Crudités Benedicta  Nature légère - 295g","p":1.85,"u":"6,27 €/KG","img":"https://fd9-photos.leclercdrive.fr/image.ashx?id=2755206&use=l&cat=p&typeid=i","cat":284456},{"id":162304,"n":"AOP Minervois Bio Château de Fauzan - 75 cl","p":6.2,"u":"8,27 €/L","img":"https://fd9-photos.leclercdrive.fr/image.ashx?id=2672368&use=l&cat=p&typeid=i","cat":289556},{"id":162327,"n":"AOC Saint Julien Moulin Riche 75cl","p":34.3,"u":"45,73 €/L","img":"https://fd9-photos.leclercdrive.fr/image.ashx?id=2172481&use=l&cat=p&typeid=i","cat":289556},{"id":162349,"n":"Beignets de crevette L'Atelier Traiteur x6 - 140g","p":3.39,"u":"24,21 €/KG","img":"https://fd9-photos.leclercdrive.fr/image.ashx?id=2917323&use=l&cat=p&typeid=i","cat":333673},{"id":162353,"n":"Acras morue L'Atelier Traiteur 200g","p":2.45,"u":"12,25 €/KG","img":"https://fd9-photos.leclercdrive.fr/image.ashx?id=2635706&use=l&cat=p&typeid=i","cat":333673},{"id":162357,"n":"Samoussas L'Atelier Traiteur Boeuf curry - 220g","p":2.99,"u":"13,59 €/KG","img":"https://fd9-photos.leclercdrive.fr/image.ashx?id=2635709&use=l&cat=p&typeid=i","cat":333673},{"id":162358,"n":"Saucisson Mini Justin Bridou Bâton de Berger Noisette - 80g","p":2.35,"u":"29,38 €/KG","img":"https://fd9-photos.leclercdrive.fr/image.ashx?id=2165251&use=l&cat=p&typeid=i","cat":316006},{"id":162403,"n":"Nems au porc L'Atelier Traiteur 280g","p":2.85,"u":"10,18 €/KG","img":"https://fd9-photos.leclercdrive.fr/image.ashx?id=2987646&use=l&cat=p&typeid=i","cat":333673},{"id":162407,"n":"Lasagnes à la bolognaise L'Atelier Traiteur - 900g","p":7.29,"u":"8,10 €/KG","img":"https://fd9-photos.leclercdrive.fr/image.ashx?id=2972367&use=l&cat=p&typeid=i","cat":333666},{"id":162495,"n":"Changes Pampers Hybrid Normal - x25 inserts","p":9.12,"u":"0,36 €/P","img":"https://fd9-photos.leclercdrive.fr/image.ashx?id=2474908&use=l&cat=p&typeid=i","cat":284737},{"id":162497,"n":"Changes Pampers Hybrid Starter Kit - x1 couche + 15 inserts","p":22.15,"u":"1,11 €/P","img":"https://fd9-photos.leclercdrive.fr/image.ashx?id=2355995&use=l&cat=p&typeid=i","cat":284737},{"id":162498,"n":"Changes Pampers Hybrid Starter Kit -  x3 couches + 25 inserts","p":61.99,"u":"2,21 €/P","img":"https://fd9-photos.leclercdrive.fr/image.ashx?id=2217828&use=l&cat=p&typeid=i","cat":284737},{"id":162571,"n":"Sauce apéritif Doritos Goût fromage -280g","p":2.36,"u":"8,43 €/KG","img":"https://fd9-photos.leclercdrive.fr/image.ashx?id=2170208&use=l&cat=p&typeid=i","cat":284451},{"id":162572,"n":"Sauce apéritif Doritos Goût sour cream -280g","p":2.27,"u":"8,11 €/KG","img":"https://fd9-photos.leclercdrive.fr/image.ashx?id=2167528&use=l&cat=p&typeid=i","cat":284451},{"id":162582,"n":"Cassoulet Saucisse de Toulouse Stephan - 3x420g","p":7.95,"u":"6,31 €/KG","img":"https://fd9-photos.leclercdrive.fr/image.ashx?id=2830165&use=l&cat=p&typeid=i","cat":284440},{"id":162588,"n":"Thon entier MSC Saupiquet Nature - 2x93g","p":4.14,"u":"22,26 €/KG","img":"https://fd9-photos.leclercdrive.fr/image.ashx?id=2860886&use=l&cat=p&typeid=i","cat":303867},{"id":162600,"n":"Ampoule LED Standard Philips 60W - E27  Blanc froid X1","p":12.95,"u":"Dont 0,24 € d'éco-part.","img":"https://fd9-photos.leclercdrive.fr/image.ashx?id=2817009&use=l&cat=p&typeid=i","cat":300573},{"id":162613,"n":"Paëlla royale L'Atelier Traiteur - 900g","p":6.98,"u":"7,76 €/KG","img":"https://fd9-photos.leclercdrive.fr/image.ashx?id=2812611&use=l&cat=p&typeid=i","cat":333666},{"id":162757,"n":"Lames Wilkinson Hydro 5 Regulier - 2x4","p":22.32,"u":"2,79 €/P","img":"https://fd9-photos.leclercdrive.fr/image.ashx?id=2192913&use=l&cat=p&typeid=i","cat":284616},{"id":162759,"n":"Lames Wilkinson Hydro 5 Sensitive - 2x4","p":24.42,"u":"3,05 €/P","img":"https://fd9-photos.leclercdrive.fr/image.ashx?id=2192919&use=l&cat=p&typeid=i","cat":284616},{"id":162760,"n":"Crème Dermo Age Perfect Jour Nuit Gamme blanche - 50ml","p":16.59,"u":"331,80 €/L","img":"https://fd9-photos.leclercdrive.fr/image.ashx?id=2422755&use=l&cat=p&typeid=i","cat":325345},{"id":162784,"n":"Filet de thon Pêche Océan Huile d'olive MSC - 185g","p":5.5,"u":"29,73 €/KG","img":"https://fd9-photos.leclercdrive.fr/image.ashx?id=2523374&use=l&cat=p&typeid=i","cat":303867},{"id":163021,"n":"Biscuits Knoppers Lait / Noisettes - 6x25g","p":2.01,"u":"13,40 €/KG","img":"https://fd9-photos.leclercdrive.fr/image.ashx?id=2659151&use=l&cat=p&typeid=i","cat":284488},{"id":163088,"n":"Canapés de Noël x36 - 250g","p":16.9,"u":"67,60 €/KG","img":"https://fd9-photos.leclercdrive.fr/image.ashx?id=2391446&use=l&cat=p&typeid=i","cat":316003},{"id":163105,"n":"Chlore choc Beaux Jours granules - 2,5 kg","p":17.99,"u":"7,20 €/KG","img":"https://fd9-photos.leclercdrive.fr/image.ashx?id=2331348&use=l&cat=p&typeid=i","cat":335918},{"id":163115,"n":"Piles alcalines Duracell MX1500 Optimum Type AA/LR06 1,5V - x4","p":7.05,"u":"1,76 €/P","img":"https://fd9-photos.leclercdrive.fr/image.ashx?id=2941823&use=l&cat=p&typeid=i","cat":300572},{"id":163127,"n":"Thon entier nature MSC Saupiquet - 2x140g","p":4.92,"u":"17,57 €/KG","img":"https://fd9-photos.leclercdrive.fr/image.ashx?id=2860871&use=l&cat=p&typeid=i","cat":303867},{"id":163129,"n":"Petits pains grillés Krisprolls Complet - 425g","p":3.05,"u":"7,18 €/KG","img":"https://fd9-photos.leclercdrive.fr/image.ashx?id=2793716&use=l&cat=p&typeid=i","cat":284479},{"id":163132,"n":"Boisson orange Jafun Brique - 6x20cl","p":2.5,"u":"2,08 €/L","img":"https://fd9-photos.leclercdrive.fr/image.ashx?id=2992582&use=l&cat=p&typeid=i","cat":284524},{"id":163133,"n":"Bière ambrée Kwak 8.4% - 75cl","p":4.6,"u":"6,13 €/L","img":"https://fd9-photos.leclercdrive.fr/image.ashx?id=2948423&use=l&cat=p&typeid=i","cat":334872},{"id":163143,"n":"Dragibus Soft Haribo Sachet bonbons - 300g","p":1.35,"u":"4,50 €/KG","img":"https://fd9-photos.leclercdrive.fr/image.ashx?id=2806123&use=l&cat=p&typeid=i","cat":304250},{"id":163144,"n":"Piles alcalines Duracell MN2400 Optimum AAA/LR03 1,5V - x4","p":7.05,"u":"1,76 €/P","img":"https://fd9-photos.leclercdrive.fr/image.ashx?id=2929095&use=l&cat=p&typeid=i","cat":300572},{"id":163145,"n":"Dragibus Original Haribo Multipack bonbons - 250g","p":1.7,"u":"6,80 €/KG","img":"https://fd9-photos.leclercdrive.fr/image.ashx?id=2984943&use=l&cat=p&typeid=i","cat":304250},{"id":163146,"n":"Piles alcalines Duracell MX1500 Optimum AA/LR06 1,5V - x6","p":9.27,"u":"1,55 €/P","img":"https://fd9-photos.leclercdrive.fr/image.ashx?id=2855367&use=l&cat=p&typeid=i","cat":300572},{"id":163147,"n":"Bonbons Haribo Dragolo - 750g","p":4.6,"u":"6,13 €/KG","img":"https://fd9-photos.leclercdrive.fr/image.ashx?id=2803586&use=l&cat=p&typeid=i","cat":304250},{"id":163148,"n":"Piles alcalines Duracell MN2400 Optimum AAA/LR03 1,5V - x6","p":9.27,"u":"1,55 €/P","img":"https://fd9-photos.leclercdrive.fr/image.ashx?id=2855370&use=l&cat=p&typeid=i","cat":300572},{"id":163150,"n":"Piles alcalines Duracell MN2400 Optimum AAA/LR03 1,5V - x8","p":11.9,"u":"1,49 €/P","img":"https://fd9-photos.leclercdrive.fr/image.ashx?id=2583452&use=l&cat=p&typeid=i","cat":300572},{"id":163179,"n":"Piles alcalines Duracell Plus C/LR14 1.5V MN1400 - x4","p":8.9,"u":"2,23 €/P","img":"https://fd9-photos.leclercdrive.fr/image.ashx?id=2929104&use=l&cat=p&typeid=i","cat":300572},{"id":163180,"n":"Piles alcalines Duracell Plus D/LR20 1.5V MN1300 - x4","p":8.9,"u":"2,23 €/P","img":"https://fd9-photos.leclercdrive.fr/image.ashx?id=2929110&use=l&cat=p&typeid=i","cat":300572},{"id":163185,"n":"Assiettes plates Homeside 23cm blanc sans film PE - x100","p":3.99,"u":"0,04 €/P","img":"https://fd9-photos.leclercdrive.fr/image.ashx?id=2177418&use=l&cat=p&typeid=i","cat":334134},{"id":163236,"n":"Rasoir Gillette Proglide 5 lames - 1 pièce","p":17.84,"img":"https://fd9-photos.leclercdrive.fr/image.ashx?id=2463137&use=l&cat=p&typeid=i","cat":284616},{"id":163317,"n":"Assiettes plates Homeside 23cm blanc sans film PE - x50","p":2.69,"u":"0,05 €/P","img":"https://fd9-photos.leclercdrive.fr/image.ashx?id=2177415&use=l&cat=p&typeid=i","cat":334134},{"id":163323,"n":"Assiettes plates Homeside 23cm turquoise sans film PE-x20","p":1.96,"u":"0,10 €/P","img":"https://fd9-photos.leclercdrive.fr/image.ashx?id=2177409&use=l&cat=p&typeid=i","cat":334134},{"id":163328,"n":"Aassiettes plates Homeside 23 cm anis sans film PE - x20","p":1.96,"u":"0,10 €/P","img":"https://fd9-photos.leclercdrive.fr/image.ashx?id=2177385&use=l&cat=p&typeid=i","cat":334134},{"id":163342,"n":"Gobelets 25cl Homeside Gris - x12","p":1.5,"u":"0,13 €/P","img":"https://fd9-photos.leclercdrive.fr/image.ashx?id=2708961&use=l&cat=p&typeid=i","cat":334134},{"id":163346,"n":"Gobelets 25cl Homeside Aqua - x12","p":1.5,"u":"0,13 €/P","img":"https://fd9-photos.leclercdrive.fr/image.ashx?id=2708970&use=l&cat=p&typeid=i","cat":334134},{"id":163350,"n":"Gobelets 25cl Homeside Chaud/froid - 25","p":1.9,"u":"0,08 €/P","img":"https://fd9-photos.leclercdrive.fr/image.ashx?id=2177355&use=l&cat=p&typeid=i","cat":334134},{"id":163353,"n":"Verres à biere 35cl Homeside x12","p":1.9,"u":"0,16 €/P","img":"https://fd9-photos.leclercdrive.fr/image.ashx?id=2177358&use=l&cat=p&typeid=i","cat":334134},{"id":163355,"n":"Gobelets 10cl Homeside Décor café - x20","p":1.1,"u":"0,06 €/P","img":"https://fd9-photos.leclercdrive.fr/image.ashx?id=2177361&use=l&cat=p&typeid=i","cat":334134},{"id":163356,"n":"Gobelets 25cl Homeside Olive - x12","p":1.5,"u":"0,13 €/P","img":"https://fd9-photos.leclercdrive.fr/image.ashx?id=2708973&use=l&cat=p&typeid=i","cat":334134},{"id":163434,"n":"Ampoule H1 + 50% de luminosité - x1","p":2.5,"img":"https://fd9-photos.leclercdrive.fr/image.ashx?id=2283570&use=l&cat=p&typeid=i","cat":300573},{"id":163435,"n":"Ampoules H7 + 50% de luminosité - x2","p":11.99,"u":"6,00 €/P","img":"https://fd9-photos.leclercdrive.fr/image.ashx?id=2283573&use=l&cat=p&typeid=i","cat":300573},{"id":163436,"n":"Ampoule H4 +50% de luminosité - x1","p":4.3,"img":"https://fd9-photos.leclercdrive.fr/image.ashx?id=2665883&use=l&cat=p&typeid=i","cat":300573},{"id":163437,"n":"Ampoule H7 + 50% de luminosité - x1","p":6.49,"img":"https://fd9-photos.leclercdrive.fr/image.ashx?id=2283610&use=l&cat=p&typeid=i","cat":300573},{"id":163438,"n":"Ampoules H4 + 50% de luminosité - x2","p":5.99,"u":"3,00 €/P","img":"https://fd9-photos.leclercdrive.fr/image.ashx?id=2283613&use=l&cat=p&typeid=i","cat":300573},{"id":163500,"n":"Kilchoman Loch Gruinart  46% - 70cl","p":47.97,"u":"68,53 €/L","img":"https://fd9-photos.leclercdrive.fr/image.ashx?id=2177487&use=l&cat=p&typeid=i","cat":284547},{"id":163525,"n":"Petit pot bébé Blédina 6 mois Haricot carotte veau - 2x200g","p":2.15,"u":"5,38 €/KG","img":"https://fd9-photos.leclercdrive.fr/image.ashx?id=2935756&use=l&cat=p&typeid=i","cat":312236},{"id":163526,"n":"Petit pot bébé bledina 6 mois  Purée légumes agneau - 2x200g","p":2.38,"u":"5,95 €/KG","img":"https://fd9-photos.leclercdrive.fr/image.ashx?id=2976770&use=l&cat=p&typeid=i","cat":312236},{"id":163612,"n":"Rasoirs Bic Hybrid 5 Flex Rechargeables - x2","p":6.26,"u":"3,13 €/P","img":"https://fd9-photos.leclercdrive.fr/image.ashx?id=2771744&use=l&cat=p&typeid=i","cat":284616},{"id":163613,"n":"Mozzarella fromage râpé  Les Croisés - 150g","p":1.39,"u":"9,27 €/KG","img":"https://fd9-photos.leclercdrive.fr/image.ashx?id=2178848&use=l&cat=p&typeid=i","cat":314035},{"id":163640,"n":"Poireaux émincés Bio Bio Village - 600g","p":1.99,"u":"3,32 €/KG","img":"https://fd9-photos.leclercdrive.fr/image.ashx?id=2898098&use=l&cat=p&typeid=i","cat":319805},{"id":163654,"n":"Rougail de saucisses  Les Cuisines d'Armor - 1.8kg","p":14.95,"u":"8,31 €/KG","img":"https://fd9-photos.leclercdrive.fr/image.ashx?id=2178977&use=l&cat=p&typeid=i","cat":null},{"id":163659,"n":"Assiette bio Bio Village 12mois Ratatouille saumon - 230g","p":1.69,"u":"7,35 €/KG","img":"https://fd9-photos.leclercdrive.fr/image.ashx?id=2900250&use=l&cat=p&typeid=i","cat":312237},{"id":163749,"n":"Mousseline Purina Gourmet Boeuf nappé de sauce - 4x57g","p":2.72,"u":"11,93 €/KG","img":"https://fd9-photos.leclercdrive.fr/image.ashx?id=2861773&use=l&cat=p&typeid=i","cat":285286},{"id":163750,"n":"Mousseline Purina Gourmet Poulet nappé de sauce - 4x57g","p":3.07,"u":"13,46 €/KG","img":"https://fd9-photos.leclercdrive.fr/image.ashx?id=2864197&use=l&cat=p&typeid=i","cat":285286},{"id":163910,"n":"Daddy pure canne bio 750g","p":2.97,"u":"3,96 €/KG","img":"https://fd9-photos.leclercdrive.fr/image.ashx?id=2936077&use=l&cat=p&typeid=i","cat":284502},{"id":164271,"n":"Café grains Méo  Excellence - 1kg","p":18.61,"u":"18,61 €/KG","img":"https://fd9-photos.leclercdrive.fr/image.ashx?id=2601521&use=l&cat=p&typeid=i","cat":293237},{"id":164326,"n":"AOP Margaux rouge Alter Ego de Palmer - 75cl","p":76.8,"u":"102,40 €/L","img":"https://fd9-photos.leclercdrive.fr/image.ashx?id=2186227&use=l&cat=p&typeid=i","cat":289556},{"id":164333,"n":"AOC Saint Estèphe rouge Les Pagodes de Cos - 75cl","p":44.5,"u":"59,33 €/L","img":"https://fd9-photos.leclercdrive.fr/image.ashx?id=2862440&use=l&cat=p&typeid=i","cat":289556},{"id":164343,"n":"AOP Haut Médoc rouge Chateau la Lagune - 75 cl","p":35.0,"u":"46,67 €/L","img":"https://fd9-photos.leclercdrive.fr/image.ashx?id=2186116&use=l&cat=p&typeid=i","cat":289556},{"id":164354,"n":"AOC Château-Chalon blanc Fruitière Vin. de Voiteur 62cl","p":27.95,"u":"45,08 €/L","img":"https://fd9-photos.leclercdrive.fr/image.ashx?id=2465550&use=l&cat=p&typeid=i","cat":289557},{"id":164362,"n":"AOC Cornas rouge Vincent Paris Granit 30 -75cl","p":23.85,"u":"31,80 €/L","img":"https://fd9-photos.leclercdrive.fr/image.ashx?id=2186308&use=l&cat=p&typeid=i","cat":289556},{"id":164367,"n":"Pizza Turini 4 fromages - 200g","p":1.31,"u":"6,55 €/KG","img":"https://fd9-photos.leclercdrive.fr/image.ashx?id=2839941&use=l&cat=p&typeid=i","cat":333679},{"id":164378,"n":"AOP Pessac Leognan rouge Chateau Latour Martillac 75cl","p":29.95,"u":"39,93 €/L","img":"https://fd9-photos.leclercdrive.fr/image.ashx?id=2186919&use=l&cat=p&typeid=i","cat":289556},{"id":164387,"n":"AOP Saumur Champigny Domaine des Champs Fleuris - 75cl","p":7.75,"u":"10,33 €/L","img":"https://fd9-photos.leclercdrive.fr/image.ashx?id=2690204&use=l&cat=p&typeid=i","cat":289556},{"id":164403,"n":"AOP Saint Emilion Grand Cru rouge Chateau LaGaffelière 75cl","p":62.3,"u":"83,07 €/L","img":"https://fd9-photos.leclercdrive.fr/image.ashx?id=2186967&use=l&cat=p&typeid=i","cat":289556},{"id":164415,"n":"Taboulé au poulet Menu Fraîcheur - 1kg","p":4.22,"u":"4,22 €/KG","img":"https://fd9-photos.leclercdrive.fr/image.ashx?id=2965533&use=l&cat=p&typeid=i","cat":333657},{"id":164416,"n":"Concombre fromage blanc Menu Fraîcheur - 500g","p":2.49,"u":"4,98 €/KG","img":"https://fd9-photos.leclercdrive.fr/image.ashx?id=2901479&use=l&cat=p&typeid=i","cat":333657},{"id":164417,"n":"Macédoine de légumes Menu Fraîcheur - 500g","p":2.49,"u":"4,98 €/KG","img":"https://fd9-photos.leclercdrive.fr/image.ashx?id=2901482&use=l&cat=p&typeid=i","cat":333657},{"id":164436,"n":"AOP Pauillac rouge Chateau grand puy Ducasse -75cl","p":32.3,"u":"43,07 €/L","img":"https://fd9-photos.leclercdrive.fr/image.ashx?id=2187157&use=l&cat=p&typeid=i","cat":289556},{"id":164448,"n":"Yaourt à la Grecque Yaos Coco - 4x125g + 2 offert","p":2.06,"u":"4,12 €/KG","img":"https://fd9-photos.leclercdrive.fr/image.ashx?id=2817314&use=l&cat=p&typeid=i","cat":314999},{"id":164449,"n":"Yaourt à la Grecque Yaos Citron - 4x125g + 2 offerts","p":2.15,"u":"2,87 €/KG","img":"https://fd9-photos.leclercdrive.fr/image.ashx?id=2561631&use=l&cat=p&typeid=i","cat":314999},{"id":164537,"n":"Duo poivre sel Sainte Lucie 63g","p":1.85,"u":"29,37 €/KG","img":"https://fd9-photos.leclercdrive.fr/image.ashx?id=2775065&use=l&cat=p&typeid=i","cat":284457},{"id":164541,"n":"Maïs Bonduelle Sans Résidu De Pesticides 285g","p":1.37,"u":"4,81 €/KG","img":"https://fd9-photos.leclercdrive.fr/image.ashx?id=2972892&use=l&cat=p&typeid=i","cat":312611},{"id":164542,"n":"Cumin entier Sainte Lucie 38g","p":2.47,"u":"65,00 €/KG","img":"https://fd9-photos.leclercdrive.fr/image.ashx?id=2774412&use=l&cat=p&typeid=i","cat":298297},{"id":164544,"n":"Colorants alimentaires Sainte L 30g","p":2.81,"u":"93,67 €/KG","img":"https://fd9-photos.leclercdrive.fr/image.ashx?id=2774319&use=l&cat=p&typeid=i","cat":284504},{"id":164546,"n":"Arôme naturel Sainte Lucie Citron - 20ml","p":2.55,"u":"127,50 €/L","img":"https://fd9-photos.leclercdrive.fr/image.ashx?id=2187745&use=l&cat=p&typeid=i","cat":284504},{"id":164547,"n":"Mélange pour paella Sainte Luci 55g","p":1.9,"u":"34,55 €/KG","img":"https://fd9-photos.leclercdrive.fr/image.ashx?id=2187763&use=l&cat=p&typeid=i","cat":298297},{"id":164548,"n":"Levure boulangère Sainte Lucie Traditionnelle - 40g","p":1.31,"u":"32,75 €/KG","img":"https://fd9-photos.leclercdrive.fr/image.ashx?id=2829949&use=l&cat=p&typeid=i","cat":284504},{"id":164550,"n":"Nappage caramel Sainte Lucie 200g","p":1.93,"u":"9,65 €/KG","img":"https://fd9-photos.leclercdrive.fr/image.ashx?id=2775709&use=l&cat=p&typeid=i","cat":284504},{"id":164552,"n":"Coriandre Sainte Lucie 25g","p":2.08,"u":"83,20 €/KG","img":"https://fd9-photos.leclercdrive.fr/image.ashx?id=2974333&use=l&cat=p&typeid=i","cat":298297},{"id":164553,"n":"Ail semoule Sainte Lucie 100g","p":2.62,"u":"26,20 €/KG","img":"https://fd9-photos.leclercdrive.fr/image.ashx?id=2968160&use=l&cat=p&typeid=i","cat":298297},{"id":164554,"n":"Origan sèche Sainte Lucie 13g","p":1.5,"u":"115,38 €/KG","img":"https://fd9-photos.leclercdrive.fr/image.ashx?id=2975182&use=l&cat=p&typeid=i","cat":298297},{"id":164555,"n":"Ail Sainte Lucie Saveurs du potager - 2","p":2.94,"u":"122,50 €/KG","img":"https://fd9-photos.leclercdrive.fr/image.ashx?id=2968166&use=l&cat=p&typeid=i","cat":298297},{"id":164556,"n":"Chili poudre Sainte Lucie 45g","p":1.8,"u":"40,00 €/KG","img":"https://fd9-photos.leclercdrive.fr/image.ashx?id=2187739&use=l&cat=p&typeid=i","cat":298297},{"id":164567,"n":"Eau nettoyante Cadum Bébé  Douceur - 750ml","p":3.29,"u":"4,39 €/L","img":"https://fd9-photos.leclercdrive.fr/image.ashx?id=2278451&use=l&cat=p&typeid=i","cat":284741},{"id":164569,"n":"Gel nettoyant Cadum Bébé  Corps et Cheveux - 750ml","p":3.32,"u":"4,43 €/L","img":"https://fd9-photos.leclercdrive.fr/image.ashx?id=2377799&use=l&cat=p&typeid=i","cat":284740},{"id":164598,"n":"40 sacs congélation Alfapac avec lien Moyen modèle","p":1.9,"u":"0,05 €/P","img":"https://fd9-photos.leclercdrive.fr/image.ashx?id=2918700&use=l&cat=p&typeid=i","cat":334134},{"id":164599,"n":"Rivesaltes ambré AOC  16% - 1L","p":3.88,"u":"3,88 €/L","img":"https://fd9-photos.leclercdrive.fr/image.ashx?id=2188763&use=l&cat=p&typeid=i","cat":284913},{"id":164601,"n":"Muscat de Rivesaltes AOC 15,5%","p":4.67,"u":"6,23 €/L","img":"https://fd9-photos.leclercdrive.fr/image.ashx?id=2974717&use=l&cat=p&typeid=i","cat":284913},{"id":164602,"n":"Lessive liquide fraîcheur ECO+ 40 lavages - 2L","p":2.16,"u":"1,08 €/L","img":"https://fd9-photos.leclercdrive.fr/image.ashx?id=2597988&use=l&cat=p&typeid=i","cat":284640},{"id":164603,"n":"Lessive liquide fleurie Epsil 25 lavages - 1,25L","p":3.91,"u":"3,13 €/L","img":"https://fd9-photos.leclercdrive.fr/image.ashx?id=2603000&use=l&cat=p&typeid=i","cat":284640},{"id":164604,"n":"Lessive liquide fraîcheur Epsil 25 lavages - 1,25L","p":3.33,"u":"2,66 €/L","img":"https://fd9-photos.leclercdrive.fr/image.ashx?id=2602994&use=l&cat=p&typeid=i","cat":284640},{"id":164605,"n":"Blended whisky ECO+ 40% - 1L","p":15.44,"u":"15,44 €/L","img":"https://fd9-photos.leclercdrive.fr/image.ashx?id=2907147&use=l&cat=p&typeid=i","cat":284547},{"id":164606,"n":"Rhum blanc DOM 40° - 70cl","p":9.11,"u":"13,01 €/L","img":"https://fd9-photos.leclercdrive.fr/image.ashx?id=2188772&use=l&cat=p&typeid=i","cat":284550},{"id":164607,"n":"Blended whisky Eco+ 40% - 70cl","p":10.92,"u":"15,60 €/L","img":"https://fd9-photos.leclercdrive.fr/image.ashx?id=2907150&use=l&cat=p&typeid=i","cat":284547},{"id":164611,"n":"Glacière isotherme Jute 26 L","p":6.0,"img":"https://fd9-photos.leclercdrive.fr/image.ashx?id=2188378&use=l&cat=p&typeid=i","cat":334139},{"id":164656,"n":"Jus de Citron Jardin Bio Etic bio -1L","p":5.66,"u":"5,66 €/L","img":"https://fd9-photos.leclercdrive.fr/image.ashx?id=3002102&use=l&cat=p&typeid=i","cat":288383},{"id":164657,"n":"Pur Beurre de Cacahuète Crunchy bio Jardin Bio Etic - 350g","p":5.22,"u":"14,91 €/KG","img":"https://fd9-photos.leclercdrive.fr/image.ashx?id=2298667&use=l&cat=p&typeid=i","cat":284481},{"id":164815,"n":"12 vitamines + 9 minéraux  Juvamine - 30 comprimés","p":4.9,"u":"0,16 €/P","img":"https://fd9-photos.leclercdrive.fr/image.ashx?id=2675951&use=l&cat=p&typeid=i","cat":313217},{"id":164869,"n":"Raclette nature pasteurisée L'Atelier Fromagerie - 250g","p":3.39,"u":"13,56 €/KG","img":"https://fd9-photos.leclercdrive.fr/image.ashx?id=2856362&use=l&cat=p&typeid=i","cat":314036},{"id":164870,"n":"Raclette au poivre pasteurisée L'Atelier Fromagerie - 250g","p":3.75,"u":"15,00 €/KG","img":"https://fd9-photos.leclercdrive.fr/image.ashx?id=2856365&use=l&cat=p&typeid=i","cat":314036},{"id":164871,"n":"Raclette fumée pasteurisée L'Atelier Fromagerie - 250g","p":3.75,"u":"15,00 €/KG","img":"https://fd9-photos.leclercdrive.fr/image.ashx?id=2856368&use=l&cat=p&typeid=i","cat":314036},{"id":164873,"n":"Raclette à l'oignon pasteurisée L'Atelier Fromagerie - 250g","p":3.75,"u":"15,00 €/KG","img":"https://fd9-photos.leclercdrive.fr/image.ashx?id=2856371&use=l&cat=p&typeid=i","cat":314036},{"id":165031,"n":"yaourt bifidus activia céréales granola amarante - 4x120g","p":1.85,"u":"3,85 €/KG","img":"https://fd9-photos.leclercdrive.fr/image.ashx?id=2792120&use=l&cat=p&typeid=i","cat":315000},{"id":165037,"n":"Recharge pour diffuseur Glade Lavandin & Santal - 17.5ml","p":6.06,"u":"336,67 €/L","img":"https://fd9-photos.leclercdrive.fr/image.ashx?id=2661448&use=l&cat=p&typeid=i","cat":311629},{"id":165038,"n":"Recharge pour diffuseur Glade Orange & Néroli - 17.5ml","p":5.88,"u":"326,67 €/L","img":"https://fd9-photos.leclercdrive.fr/image.ashx?id=2673869&use=l&cat=p&typeid=i","cat":311629},{"id":165039,"n":"Recharge pour diffuseur Glade Bergamote Citronnelle - 17.5ml","p":5.75,"u":"338,24 €/L","img":"https://fd9-photos.leclercdrive.fr/image.ashx?id=2673872&use=l&cat=p&typeid=i","cat":311629},{"id":165040,"n":"Diffuseur Glade avec bâtonnets Orange & Néroli - 80ml","p":8.22,"u":"102,75 €/L","img":"https://fd9-photos.leclercdrive.fr/image.ashx?id=2867710&use=l&cat=p&typeid=i","cat":311627},{"id":165062,"n":"Gel Lubrifiant Intime Cherry Arome Cerise Durex 100ml","p":9.41,"u":"94,10 €/L","img":"https://fd9-photos.leclercdrive.fr/image.ashx?id=2960696&use=l&cat=p&typeid=i","cat":285160},{"id":165064,"n":"Lessive poudre Eco + 60 lavages - 3kg","p":4.81,"u":"1,60 €/KG","img":"https://fd9-photos.leclercdrive.fr/image.ashx?id=2638524&use=l&cat=p&typeid=i","cat":284642},{"id":165065,"n":"Huile moteur Tech 9 2T 100 Synhèse - 2L","p":12.89,"u":"6,45 €/L","img":"https://fd9-photos.leclercdrive.fr/image.ashx?id=2193821&use=l&cat=p&typeid=i","cat":298253},{"id":165103,"n":"Cristaux de soude concentrés Sachet refermable - 1kg","p":7.65,"u":"7,65 €/KG","img":"https://fd9-photos.leclercdrive.fr/image.ashx?id=2193590&use=l&cat=p&typeid=i","cat":325365},{"id":165129,"n":"Joker Bonne Mine Orange Carotte Citron - 0,9L","p":2.59,"u":"2,88 €/L","img":"https://fd9-photos.leclercdrive.fr/image.ashx?id=2944690&use=l&cat=p&typeid=i","cat":284917},{"id":165131,"n":"Crème de cassis d'Anjou  Giffard 16% - 50cl","p":5.5,"pp":4.95,"u":"9,90 €/L","img":"https://fd9-photos.leclercdrive.fr/image.ashx?id=2219150&use=l&cat=p&typeid=i","cat":286032},{"id":165138,"n":"Crème de fleur de sureau  Giffard 16% - 50cl","p":5.5,"pp":4.95,"u":"9,90 €/L","img":"https://fd9-photos.leclercdrive.fr/image.ashx?id=2219165&use=l&cat=p&typeid=i","cat":286032},{"id":165199,"n":"Pate à tartiner Bonne Maman Noisette et cacao - 360g","p":3.95,"u":"10,97 €/KG","img":"https://fd9-photos.leclercdrive.fr/image.ashx?id=2891106&use=l&cat=p&typeid=i","cat":284481},{"id":165200,"n":"Pate à tartiner Bonne Maman Noisette et cacao - 580g","p":6.07,"u":"10,47 €/KG","img":"https://fd9-photos.leclercdrive.fr/image.ashx?id=2891109&use=l&cat=p&typeid=i","cat":284481},{"id":165237,"n":"AOP Beaujolais nouveau rouge Animaux - 75 cl","p":5.85,"u":"7,80 €/L","img":"https://fd9-photos.leclercdrive.fr/image.ashx?id=2959985&use=l&cat=p&typeid=i","cat":289556},{"id":165310,"n":"Shell Helix HX7 10W40 Diesel - 5L","p":22.9,"u":"4,58 €/L","img":"https://fd9-photos.leclercdrive.fr/image.ashx?id=2197496&use=l&cat=p&typeid=i","cat":298253},{"id":165605,"n":"Tenders de poulet Coté Croc  - 600g","p":6.23,"u":"10,38 €/KG","img":"https://fd9-photos.leclercdrive.fr/image.ashx?id=2198315&use=l&cat=p&typeid=i","cat":319780},{"id":165638,"n":"Moutarde Alélor A L'ancienne - 350g","p":2.36,"u":"6,74 €/KG","img":"https://fd9-photos.leclercdrive.fr/image.ashx?id=2792495&use=l&cat=p&typeid=i","cat":288850},{"id":165655,"n":"Diffuseur Glade Aromatherapy Lavandin & Santal - 17.5ml","p":18.87,"img":"https://fd9-photos.leclercdrive.fr/image.ashx?id=2498446&use=l&cat=p&typeid=i","cat":311629},{"id":165656,"n":"Diffuseur Glade avec bâtonnets Lavandin & Santal - 80ml","p":7.09,"u":"88,63 €/L","img":"https://fd9-photos.leclercdrive.fr/image.ashx?id=2266083&use=l&cat=p&typeid=i","cat":311627},{"id":165661,"n":"Brosse à dent Dentamyl Tête rechargeable souple - x1","p":1.17,"img":"https://fd9-photos.leclercdrive.fr/image.ashx?id=2198432&use=l&cat=p&typeid=i","cat":284614},{"id":165667,"n":"Brosse à dent Dentamyl Tête rechargeable médium - x1","p":1.17,"img":"https://fd9-photos.leclercdrive.fr/image.ashx?id=2198532&use=l&cat=p&typeid=i","cat":284614},{"id":165669,"n":"Tête de recharge Dentamyl Brosse à dent souple - x3","p":1.0,"u":"0,33 €/P","img":"https://fd9-photos.leclercdrive.fr/image.ashx?id=2791015&use=l&cat=p&typeid=i","cat":284614},{"id":165670,"n":"Tête de recharge Dentamyl Brosse à dent médium - x3","p":1.0,"u":"0,33 €/P","img":"https://fd9-photos.leclercdrive.fr/image.ashx?id=2791018&use=l&cat=p&typeid=i","cat":284614},{"id":165671,"n":"Tête de recharge Dentamyl Brosse à dent dure - x3","p":1.0,"u":"0,33 €/P","img":"https://fd9-photos.leclercdrive.fr/image.ashx?id=2791021&use=l&cat=p&typeid=i","cat":284614},{"id":165674,"n":"Filets de merlu MSC Pêche Océan - 800g","p":9.85,"u":"12,31 €/KG","img":"https://fd9-photos.leclercdrive.fr/image.ashx?id=2202461&use=l&cat=p&typeid=i","cat":319786},{"id":165677,"n":"Tanqueray Flor de Sevilla 41.3%vol - 70cl","p":28.74,"u":"41,06 €/L","img":"https://fd9-photos.leclercdrive.fr/image.ashx?id=2206031&use=l&cat=p&typeid=i","cat":284550},{"id":165678,"n":"Crème Whisky Baileys Caramel salé 17% vol - 70cl","p":11.56,"u":"16,51 €/L","img":"https://fd9-photos.leclercdrive.fr/image.ashx?id=2351475&use=l&cat=p&typeid=i","cat":286032},{"id":165679,"n":"Whisky X by Glenmorangie 40%vol - 70cl","p":28.6,"u":"40,86 €/L","img":"https://fd9-photos.leclercdrive.fr/image.ashx?id=2206040&use=l&cat=p&typeid=i","cat":284547},{"id":165699,"n":"Chocolats à la liqueur Abtey Extra fins x17 - 240g","p":5.9,"u":"24,58 €/KG","img":"https://fd9-photos.leclercdrive.fr/image.ashx?id=2870263&use=l&cat=p&typeid=i","cat":327601},{"id":165769,"n":"After Eight Chocolat Noël Saveur fraise - 400g","p":6.58,"u":"16,45 €/KG","img":"https://fd9-photos.leclercdrive.fr/image.ashx?id=2451489&use=l&cat=p&typeid=i","cat":327595},{"id":165807,"n":"M. et Mme 20 jeux classiques Abysmile - Dès 4 ans","p":19.5,"img":"https://fd9-photos.leclercdrive.fr/image.ashx?id=2386839&use=l&cat=p&typeid=i","cat":334378},{"id":165855,"n":"Grand égouttoir garni Ecoiffier Dès 18 mois","p":15.29,"img":"https://fd9-photos.leclercdrive.fr/image.ashx?id=2204264&use=l&cat=p&typeid=i","cat":334380},{"id":165863,"n":"Hairdorables-Cheveux Longs Dès 3 ans","p":39.9,"img":"https://fd9-photos.leclercdrive.fr/image.ashx?id=2609091&use=l&cat=p&typeid=i","cat":334379},{"id":165910,"n":"Môts Mêlés Junior-Goliath Dès 5 ans","p":19.8,"img":"https://fd9-photos.leclercdrive.fr/image.ashx?id=2512066&use=l&cat=p&typeid=i","cat":334378},{"id":165981,"n":"Puzzle 8 pièces ferme Kidway Dès 2 ans","p":6.9,"img":"https://fd9-photos.leclercdrive.fr/image.ashx?id=2222467&use=l&cat=p&typeid=i","cat":334378},{"id":166007,"n":"Pick-up et moto avec tente Playmobil FamilyFun - Dès 4 ans","p":30.58,"img":"https://fd9-photos.leclercdrive.fr/image.ashx?id=2205839&use=l&cat=p&typeid=i","cat":334380},{"id":166008,"n":"Carrousel aquatique Playmobil 1.2.3 - Dès 18 mois","p":26.9,"img":"https://fd9-photos.leclercdrive.fr/image.ashx?id=2205842&use=l&cat=p&typeid=i","cat":334380},{"id":166016,"n":"Police Camion de bandits  Playmobil City Action-Dès 4 ans","p":67.9,"img":"https://fd9-photos.leclercdrive.fr/image.ashx?id=2205866&use=l&cat=p&typeid=i","cat":334380},{"id":166017,"n":"Tyrannosaure et  robot géant Playmobil - Dès 5 ans","p":65.9,"img":"https://fd9-photos.leclercdrive.fr/image.ashx?id=2205869&use=l&cat=p&typeid=i","cat":334380},{"id":166023,"n":"Explorateur et van Playmobil - Dès 5 ans","p":34.99,"img":"https://fd9-photos.leclercdrive.fr/image.ashx?id=2205887&use=l&cat=p&typeid=i","cat":334380},{"id":166024,"n":"Festival de Miradero  Playmobil - Dès 4 ans","p":32.77,"img":"https://fd9-photos.leclercdrive.fr/image.ashx?id=2205890&use=l&cat=p&typeid=i","cat":334380},{"id":166065,"n":"Arene combat matrix S3 bakugan Bakugan - Dès 6 ans","p":33.4,"img":"https://fd9-photos.leclercdrive.fr/image.ashx?id=2203025&use=l&cat=p&typeid=i","cat":334380},{"id":166088,"n":"Tut tut animo - Vtech P'tite cabane - Dès 12 mois","p":25.5,"img":"https://fd9-photos.leclercdrive.fr/image.ashx?id=2385446&use=l&cat=p&typeid=i","cat":334379},{"id":166092,"n":"Pat pat film smartphone -Vtech Bleu - Dès 3 ans","p":19.9,"u":"Dont 0,13 € d'éco-part.","img":"https://fd9-photos.leclercdrive.fr/image.ashx?id=2204601&use=l&cat=p&typeid=i","cat":334378},{"id":166099,"n":"Kdz print cam papier Vtech Dès 5 ans","p":11.9,"img":"https://fd9-photos.leclercdrive.fr/image.ashx?id=2637168&use=l&cat=p&typeid=i","cat":334378},{"id":166139,"n":"Coffret quai 9 3/4 Harry Potter Dès 6 ans","p":35.9,"img":"https://fd9-photos.leclercdrive.fr/image.ashx?id=2203208&use=l&cat=p&typeid=i","cat":334379},{"id":166165,"n":"Déguisement squelette garçon 4/6 ans","p":10.06,"img":"https://fd9-photos.leclercdrive.fr/image.ashx?id=2222479&use=l&cat=p&typeid=i","cat":334379},{"id":166167,"n":"Déguisement sorcière 4/6 ans","p":9.27,"img":"https://fd9-photos.leclercdrive.fr/image.ashx?id=2222464&use=l&cat=p&typeid=i","cat":334379},{"id":166172,"n":"Piano touches magiques Dès 6 mois","p":19.5,"u":"Dont 0,22 € d'éco-part.","img":"https://fd9-photos.leclercdrive.fr/image.ashx?id=2222377&use=l&cat=p&typeid=i","cat":334379},{"id":166221,"n":"Acide citrique Biovie 350g","p":5.29,"u":"15,11 €/KG","img":"https://fd9-photos.leclercdrive.fr/image.ashx?id=2997007&use=l&cat=p&typeid=i","cat":325365},{"id":166223,"n":"Sauce la condiment Alélor 350g","p":1.7,"u":"4,86 €/KG","img":"https://fd9-photos.leclercdrive.fr/image.ashx?id=2857255&use=l&cat=p&typeid=i","cat":288850},{"id":166304,"n":"Croquettes poisson pané Findus MSC Ail Fines Herbes x6 - 300g","p":2.9,"u":"9,67 €/KG","img":"https://fd9-photos.leclercdrive.fr/image.ashx?id=3008752&use=l&cat=p&typeid=i","cat":319788},{"id":166377,"n":"Lessive eco-recharge Uni Vert Fleur x30 lavages - 1,05L","p":4.12,"u":"3,92 €/L","img":"https://fd9-photos.leclercdrive.fr/image.ashx?id=2838942&use=l&cat=p&typeid=i","cat":284640},{"id":166399,"n":"AOC Jurançon blanc Matayac Petit et Gros Manseng - 75cl","p":7.9,"pp":5.53,"u":"7,37 €/L","img":"https://fd9-photos.leclercdrive.fr/image.ashx?id=2792324&use=l&cat=p&typeid=i","cat":289557},{"id":166403,"n":"Lessive eco-recharge Uni Vert Aloe x30 lavages - 1.05L","p":4.12,"u":"3,92 €/L","img":"https://fd9-photos.leclercdrive.fr/image.ashx?id=2450110&use=l&cat=p&typeid=i","cat":284640},{"id":166404,"n":"Lessive eco-recharge Uni Vert  Aloe Vera x42 lavages - 1.5L","p":5.91,"u":"3,94 €/L","img":"https://fd9-photos.leclercdrive.fr/image.ashx?id=2838954&use=l&cat=p&typeid=i","cat":284640},{"id":166478,"n":"Démaquillant Maybelline  Waterproof biphase 2en1 - 150ml","p":2.54,"u":"16,93 €/L","img":"https://fd9-photos.leclercdrive.fr/image.ashx?id=2278169&use=l&cat=p&typeid=i","cat":284603},{"id":166486,"n":"Nectar Fruits du Verger Jafaden Sans sucre ajouté - 1L","p":1.59,"u":"1,59 €/L","img":"https://fd9-photos.leclercdrive.fr/image.ashx?id=2919658&use=l&cat=p&typeid=i","cat":284521},{"id":166488,"n":"Huile de coco désodorisée Bio Jardin Bio - 430ml","p":6.13,"u":"14,26 €/L","img":"https://fd9-photos.leclercdrive.fr/image.ashx?id=2811152&use=l&cat=p&typeid=i","cat":284453},{"id":166598,"n":"Sauce spaghetti bio Jardin Bio 510g","p":3.38,"u":"6,63 €/KG","img":"https://fd9-photos.leclercdrive.fr/image.ashx?id=2811164&use=l&cat=p&typeid=i","cat":288384},{"id":166601,"n":"Compote bio Jardin Bio Pomme banane - 680g","p":3.71,"u":"5,46 €/KG","img":"https://fd9-photos.leclercdrive.fr/image.ashx?id=2918307&use=l&cat=p&typeid=i","cat":284508},{"id":166602,"n":"Compote bio Jardin Bio Pomme fraise - 680g","p":3.38,"u":"4,97 €/KG","img":"https://fd9-photos.leclercdrive.fr/image.ashx?id=2918835&use=l&cat=p&typeid=i","cat":284508},{"id":166658,"n":"Sérum anti-rides La Roche Posay au Rétinol B3 - 30ml","p":31.98,"img":"https://fd9-photos.leclercdrive.fr/image.ashx?id=2209423&use=l&cat=p&typeid=i","cat":291168},{"id":166674,"n":"Confiture Douceur du Verger Fraise - 750g","p":2.15,"u":"2,87 €/KG","img":"https://fd9-photos.leclercdrive.fr/image.ashx?id=2965545&use=l&cat=p&typeid=i","cat":284480},{"id":166675,"n":"Confiture Douceur du Verger Abricot - 370g","p":1.27,"u":"3,43 €/KG","img":"https://fd9-photos.leclercdrive.fr/image.ashx?id=2965569&use=l&cat=p&typeid=i","cat":284480},{"id":166750,"n":"Lessive concentrée Epsil Printemps x28 - 980ml","p":3.29,"u":"3,36 €/L","img":"https://fd9-photos.leclercdrive.fr/image.ashx?id=2450155&use=l&cat=p&typeid=i","cat":284640},{"id":166751,"n":"Lessive en poudre Epsil 10 lavages - 500g","p":2.69,"u":"5,38 €/KG","img":"https://fd9-photos.leclercdrive.fr/image.ashx?id=2450158&use=l&cat=p&typeid=i","cat":284642},{"id":166753,"n":"Apéritif Apérol Spritz 12.5% vol - 1L","p":14.89,"u":"14,89 €/L","img":"https://fd9-photos.leclercdrive.fr/image.ashx?id=2957287&use=l&cat=p&typeid=i","cat":286032},{"id":166754,"n":"Spéculoos pocket P'tit Déli 168g","p":0.85,"u":"5,06 €/KG","img":"https://fd9-photos.leclercdrive.fr/image.ashx?id=2245598&use=l&cat=p&typeid=i","cat":284487},{"id":166757,"n":"Filet de poulet rôti Fleury Michon sans nitrite x6 - 160g","p":2.84,"u":"17,75 €/KG","img":"https://fd9-photos.leclercdrive.fr/image.ashx?id=2954830&use=l&cat=p&typeid=i","cat":316010},{"id":166761,"n":"Sac cabas en toile de jute Bordeaux - x1","p":1.9,"img":"https://fd9-photos.leclercdrive.fr/image.ashx?id=2222724&use=l&cat=p&typeid=i","cat":313597},{"id":166819,"n":"Sucre en poudre Tablier Blanc 1kg","p":1.53,"u":"1,53 €/KG","img":"https://fd9-photos.leclercdrive.fr/image.ashx?id=3010434&use=l&cat=p&typeid=i","cat":284502},{"id":166831,"n":"Mini batonnet surimi Pêche MSC Océan Avec mayonnaise - 210g","p":1.9,"u":"9,05 €/KG","img":"https://fd9-photos.leclercdrive.fr/image.ashx?id=2212039&use=l&cat=p&typeid=i","cat":285189},{"id":166876,"n":"Lessive bi-doses Xeor Fraîcheur x30","p":5.24,"u":"7,13 €/L","img":"https://fd9-photos.leclercdrive.fr/image.ashx?id=2838945&use=l&cat=p&typeid=i","cat":284641},{"id":166878,"n":"Lessive bi-doses Xeor Savon de Marseille x30","p":5.24,"u":"7,13 €/L","img":"https://fd9-photos.leclercdrive.fr/image.ashx?id=2838948&use=l&cat=p&typeid=i","cat":284641},{"id":167011,"n":"Pur jus de clémentine Jafaden 90cl","p":2.15,"u":"2,39 €/L","img":"https://fd9-photos.leclercdrive.fr/image.ashx?id=2723162&use=l&cat=p&typeid=i","cat":285435},{"id":167095,"n":"Rhum vieux agricole Martinique AOC 43%vol - 70cl","p":32.24,"u":"46,06 €/L","img":"https://fd9-photos.leclercdrive.fr/image.ashx?id=2215023&use=l&cat=p&typeid=i","cat":284550},{"id":167166,"n":"Mug de Noël Fizzy Mme Princesse +100g de chocolat","p":6.8,"u":"68,00 €/KG","img":"https://fd9-photos.leclercdrive.fr/image.ashx?id=2983673&use=l&cat=p&typeid=i","cat":327789},{"id":167171,"n":"Sucette guimauve Xmas Fizzy  Père Noel - 35g","p":1.57,"u":"44,86 €/KG","img":"https://fd9-photos.leclercdrive.fr/image.ashx?id=2305166&use=l&cat=p&typeid=i","cat":327592},{"id":167202,"n":"Nougat noir  Chabert & Guillot  - 100g","p":4.9,"u":"49,00 €/KG","img":"https://fd9-photos.leclercdrive.fr/image.ashx?id=2491310&use=l&cat=p&typeid=i","cat":327605},{"id":167238,"n":"Escargots noir et lait Revillon Papillotes Noir Lait - 370g","p":11.13,"u":"30,08 €/KG","img":"https://fd9-photos.leclercdrive.fr/image.ashx?id=2661205&use=l&cat=p&typeid=i","cat":327597},{"id":167239,"n":"Festif Truffes Revillon Noir 70% - 370g","p":11.5,"u":"31,08 €/KG","img":"https://fd9-photos.leclercdrive.fr/image.ashx?id=2661199&use=l&cat=p&typeid=i","cat":327597},{"id":167240,"n":"Festif rochers Revillon Noir 70% & lait - 370g","p":11.83,"u":"31,97 €/KG","img":"https://fd9-photos.leclercdrive.fr/image.ashx?id=2661661&use=l&cat=p&typeid=i","cat":327597},{"id":167241,"n":"Festif Malakoffs Revillon Noir 70% & lait - 370g","p":13.63,"u":"36,84 €/KG","img":"https://fd9-photos.leclercdrive.fr/image.ashx?id=2661202&use=l&cat=p&typeid=i","cat":327597},{"id":167242,"n":"Nougats noir et lait  Revillon Noir 70% & lait - 300g","p":13.63,"u":"45,43 €/KG","img":"https://fd9-photos.leclercdrive.fr/image.ashx?id=2661658&use=l&cat=p&typeid=i","cat":327597},{"id":167243,"n":"Papillotes Révillon Noir 70% Féerique- 360g","p":11.5,"u":"31,94 €/KG","img":"https://fd9-photos.leclercdrive.fr/image.ashx?id=2863272&use=l&cat=p&typeid=i","cat":327597},{"id":167244,"n":"Papillotes Revillon Lait   Féerique - 360g","p":10.99,"u":"30,53 €/KG","img":"https://fd9-photos.leclercdrive.fr/image.ashx?id=2863269&use=l&cat=p&typeid=i","cat":327597},{"id":167245,"n":"Papillotes Révillon Blanc Féerique - 360g","p":11.5,"u":"31,94 €/KG","img":"https://fd9-photos.leclercdrive.fr/image.ashx?id=2409124&use=l&cat=p&typeid=i","cat":327597},{"id":167246,"n":"Papillotes Revillon Noir Lait Féerique - 360g","p":11.5,"u":"31,94 €/KG","img":"https://fd9-photos.leclercdrive.fr/image.ashx?id=2863275&use=l&cat=p&typeid=i","cat":327597},{"id":167247,"n":"Papillotes Révillon Lait et Blanc - 360g","p":11.5,"u":"31,94 €/KG","img":"https://fd9-photos.leclercdrive.fr/image.ashx?id=2863278&use=l&cat=p&typeid=i","cat":327597},{"id":167248,"n":"Papillote Révillon Noir Lait et Blanc Féerique - 360g","p":11.5,"u":"31,94 €/KG","img":"https://fd9-photos.leclercdrive.fr/image.ashx?id=2863121&use=l&cat=p&typeid=i","cat":327597},{"id":167272,"n":"Sachet mix Pingouins Rohan 150g","p":4.13,"u":"27,53 €/KG","img":"https://fd9-photos.leclercdrive.fr/image.ashx?id=2484924&use=l&cat=p&typeid=i","cat":327592},{"id":167273,"n":"Sach ourson/bonh de neige Rohan 150g","p":4.5,"u":"30,00 €/KG","img":"https://fd9-photos.leclercdrive.fr/image.ashx?id=2484921&use=l&cat=p&typeid=i","cat":327592},{"id":167274,"n":"Sucette chocolat Rohan Modèle divers - 35g","p":1.65,"u":"47,14 €/KG","img":"https://fd9-photos.leclercdrive.fr/image.ashx?id=2900878&use=l&cat=p&typeid=i","cat":327592},{"id":167306,"n":"Soupe Déshydratée Oignon KNORR 4 portions - 94g","p":1.19,"u":"12,66 €/KG","img":"https://fd9-photos.leclercdrive.fr/image.ashx?id=2780088&use=l&cat=p&typeid=i","cat":284463},{"id":167375,"n":"Pois chiches d'aucy Bien Cultivés - 250g","p":2.02,"u":"8,08 €/KG","img":"https://fd9-photos.leclercdrive.fr/image.ashx?id=2800764&use=l&cat=p&typeid=i","cat":312609},{"id":167381,"n":"Petits pois d'aucy  Bien Cultivés - 250g","p":2.05,"u":"8,20 €/KG","img":"https://fd9-photos.leclercdrive.fr/image.ashx?id=2216353&use=l&cat=p&typeid=i","cat":312607},{"id":167382,"n":"Pois carottes d'aucy  Bien Cultivés - 250g","p":2.07,"u":"8,28 €/KG","img":"https://fd9-photos.leclercdrive.fr/image.ashx?id=2835259&use=l&cat=p&typeid=i","cat":312607},{"id":167389,"n":"Pur jus d'orange Jafaden Sans pulpe - 90cl","p":2.15,"u":"2,39 €/L","img":"https://fd9-photos.leclercdrive.fr/image.ashx?id=2723159&use=l&cat=p&typeid=i","cat":285435},{"id":167390,"n":"Pur jus de pamplemousse Jafaden Avec pulpe - 90cl","p":1.88,"u":"2,09 €/L","img":"https://fd9-photos.leclercdrive.fr/image.ashx?id=2819639&use=l&cat=p&typeid=i","cat":285435},{"id":167391,"n":"Jus de pomme Jafaden 90cl","p":1.91,"u":"2,12 €/L","img":"https://fd9-photos.leclercdrive.fr/image.ashx?id=2723171&use=l&cat=p&typeid=i","cat":285435},{"id":167392,"n":"Jus d'ananas Jafaden 90cl","p":2.21,"u":"2,46 €/L","img":"https://fd9-photos.leclercdrive.fr/image.ashx?id=2819642&use=l&cat=p&typeid=i","cat":285435},{"id":167393,"n":"Boisson au jus de citron Jafaden - 90cl","p":1.87,"u":"2,08 €/L","img":"https://fd9-photos.leclercdrive.fr/image.ashx?id=2723177&use=l&cat=p&typeid=i","cat":285435},{"id":167394,"n":"Pur jus multifruits Jafaden Pomme pêche abricot - 90cl","p":2.09,"u":"2,32 €/L","img":"https://fd9-photos.leclercdrive.fr/image.ashx?id=2723180&use=l&cat=p&typeid=i","cat":285435},{"id":167395,"n":"Pur jus d'orange frais Jafaden Avec pulpe - 1,5L","p":3.66,"u":"2,44 €/L","img":"https://fd9-photos.leclercdrive.fr/image.ashx?id=2916719&use=l&cat=p&typeid=i","cat":285435},{"id":167397,"n":"Pur jus d'orange Jafaden Avec pulpe - 90cl","p":2.21,"u":"2,46 €/L","img":"https://fd9-photos.leclercdrive.fr/image.ashx?id=2723156&use=l&cat=p&typeid=i","cat":285435},{"id":167399,"n":"Mini cheese burgers Côté Croc x10 - 155g","p":6.35,"u":"40,97 €/KG","img":"https://fd9-photos.leclercdrive.fr/image.ashx?id=2898266&use=l&cat=p&typeid=i","cat":319774},{"id":167529,"n":"Lait bébé en poudre Gallia Calisma 1er âge 0-6 mois 830g","p":15.47,"u":"18,64 €/KG","img":"https://fd9-photos.leclercdrive.fr/image.ashx?id=2456201&use=l&cat=p&typeid=i","cat":284726},{"id":167530,"n":"Lait bébé en poudre Gallia Calisma 2e âge 6-12 mois 830g","p":14.95,"u":"18,01 €/KG","img":"https://fd9-photos.leclercdrive.fr/image.ashx?id=2479730&use=l&cat=p&typeid=i","cat":284727},{"id":167534,"n":"Tagliatelle Lustucru Selection  Maxi 600g","p":2.36,"u":"3,93 €/KG","img":"https://fd9-photos.leclercdrive.fr/image.ashx?id=2792399&use=l&cat=p&typeid=i","cat":333682},{"id":167556,"n":"Galette des rois Pasquier Pommes - 400g","p":4.75,"u":"11,88 €/KG","img":"https://fd9-photos.leclercdrive.fr/image.ashx?id=2895831&use=l&cat=p&typeid=i","cat":293600},{"id":167561,"n":"Brique pur jus Jafaden Multifruits - 1,5L","p":2.82,"u":"1,88 €/L","img":"https://fd9-photos.leclercdrive.fr/image.ashx?id=2916722&use=l&cat=p&typeid=i","cat":285435},{"id":167567,"n":"Galette des rois Pasquier Frangipane - 400g","p":4.75,"u":"11,88 €/KG","img":"https://fd9-photos.leclercdrive.fr/image.ashx?id=2895837&use=l&cat=p&typeid=i","cat":293600},{"id":167577,"n":"Maxi Galette des rois Frangipane - 600g","p":6.65,"u":"11,08 €/KG","img":"https://fd9-photos.leclercdrive.fr/image.ashx?id=2895834&use=l&cat=p&typeid=i","cat":293600},{"id":167612,"n":"Lessive Epsil Perfect Tri Doses Pure fraîcheur x20 - 490ml","p":4.99,"u":"10,18 €/L","img":"https://fd9-photos.leclercdrive.fr/image.ashx?id=2450122&use=l&cat=p&typeid=i","cat":284641},{"id":167646,"n":"Rhum Havana Club Cuban Spiced 35% vol - 70cl","p":19.9,"u":"28,43 €/L","img":"https://fd9-photos.leclercdrive.fr/image.ashx?id=2839415&use=l&cat=p&typeid=i","cat":284550},{"id":167659,"n":"Whisky The Classic Ladie Bruichladdich - 50%vol 70cl","p":51.5,"u":"73,57 €/L","img":"https://fd9-photos.leclercdrive.fr/image.ashx?id=2514811&use=l&cat=p&typeid=i","cat":284547},{"id":167660,"n":"Whisky Kilbeggan 43%vol. - 70cl","p":31.9,"u":"45,57 €/L","img":"https://fd9-photos.leclercdrive.fr/image.ashx?id=2219901&use=l&cat=p&typeid=i","cat":284547},{"id":167799,"n":"Cidre Brut Généreux Ecusson - Bio - 3x33cl","p":4.3,"u":"4,34 €/L","img":"https://fd9-photos.leclercdrive.fr/image.ashx?id=2620215&use=l&cat=p&typeid=i","cat":334880},{"id":167922,"n":"Sodiafizz Lutti 300g","p":1.85,"u":"6,17 €/KG","img":"https://fd9-photos.leclercdrive.fr/image.ashx?id=2857033&use=l&cat=p&typeid=i","cat":304250},{"id":167959,"n":"Tzatziki dégustation Tables du Monde - 175g","p":2.25,"u":"12,86 €/KG","img":"https://fd9-photos.leclercdrive.fr/image.ashx?id=2860082&use=l&cat=p&typeid=i","cat":315999},{"id":167964,"n":"Arrangé Isautier Coco Banane 17%vol - 50cl","p":14.99,"u":"29,98 €/L","img":"https://fd9-photos.leclercdrive.fr/image.ashx?id=2628869&use=l&cat=p&typeid=i","cat":284551},{"id":168168,"n":"Huile d'olive Cauvin Vierge Extra - 75cl","p":9.48,"u":"12,64 €/L","img":"https://fd9-photos.leclercdrive.fr/image.ashx?id=2498353&use=l&cat=p&typeid=i","cat":284453},{"id":168169,"n":"Ferments Lactiques Tablier Blanc - 8g","p":2.42,"u":"302,50 €/KG","img":"https://fd9-photos.leclercdrive.fr/image.ashx?id=2900355&use=l&cat=p&typeid=i","cat":284504},{"id":168301,"n":"Skyr Yoplait  Nature 0%Mg - 850g","p":3.19,"u":"3,75 €/KG","img":"https://fd9-photos.leclercdrive.fr/image.ashx?id=2884444&use=l&cat=p&typeid=i","cat":315000},{"id":168426,"n":"Galette suédoise Bio Village Chocolat Bio - 131g","p":2.59,"u":"19,77 €/KG","img":"https://fd9-photos.leclercdrive.fr/image.ashx?id=2555083&use=l&cat=p&typeid=i","cat":284490},{"id":168484,"n":"Culotte menstruelle DIM Flux abondant noir - T36/38","p":19.95,"img":"https://fd9-photos.leclercdrive.fr/image.ashx?id=2251730&use=l&cat=p&typeid=i","cat":291524},{"id":168487,"n":"Culotte menstruelle DIM Flux abondant T32/34","p":19.95,"img":"https://fd9-photos.leclercdrive.fr/image.ashx?id=2251727&use=l&cat=p&typeid=i","cat":291524},{"id":168540,"n":"Culotte menstruelle DIM Noir - T48/50","p":19.95,"img":"https://fd9-photos.leclercdrive.fr/image.ashx?id=2251724&use=l&cat=p&typeid=i","cat":291524},{"id":168542,"n":"Culotte menstruelle DIM Flux abondant noir - T44/46","p":19.95,"img":"https://fd9-photos.leclercdrive.fr/image.ashx?id=2251721&use=l&cat=p&typeid=i","cat":291524},{"id":168544,"n":"Culotte menstruelle DIM Flux moyen noir - T48/50","p":19.95,"img":"https://fd9-photos.leclercdrive.fr/image.ashx?id=2251748&use=l&cat=p&typeid=i","cat":291524},{"id":168547,"n":"Culotte menstruelle DIM Flux moyen - Noir T44/46","p":19.95,"img":"https://fd9-photos.leclercdrive.fr/image.ashx?id=2251745&use=l&cat=p&typeid=i","cat":291524},{"id":168560,"n":"Culotte menstruelle DIM Flux moyen noir - T40/42","p":19.95,"img":"https://fd9-photos.leclercdrive.fr/image.ashx?id=2251742&use=l&cat=p&typeid=i","cat":291524},{"id":168561,"n":"Culotte menstruelle DIM Flux moyen noir - T36/38","p":19.95,"img":"https://fd9-photos.leclercdrive.fr/image.ashx?id=2251739&use=l&cat=p&typeid=i","cat":291524},{"id":168562,"n":"Culotte menstruelle DIM Flux moyen noir - T32/34","p":19.95,"img":"https://fd9-photos.leclercdrive.fr/image.ashx?id=2251736&use=l&cat=p&typeid=i","cat":291524},{"id":168569,"n":"Boulettes au bœuf Charal x30 - 900g","p":8.49,"u":"9,43 €/KG","img":"https://fd9-photos.leclercdrive.fr/image.ashx?id=2901845&use=l&cat=p&typeid=i","cat":319779},{"id":168868,"n":"Essuie-tout Uni Vert 2 = 4 rouleaux","p":2.72,"u":"1,36 €/P","img":"https://fd9-photos.leclercdrive.fr/image.ashx?id=2333715&use=l&cat=p&typeid=i","cat":284635},{"id":168869,"n":"Papier toilette Uni Vert 2 plis 4=12 - x4","p":3.38,"u":"0,85 €/P","img":"https://fd9-photos.leclercdrive.fr/image.ashx?id=2333718&use=l&cat=p&typeid=i","cat":284634},{"id":168990,"n":"Burgers Eco+ x10 - 1kg","p":6.53,"u":"6,53 €/KG","img":"https://fd9-photos.leclercdrive.fr/image.ashx?id=2966523&use=l&cat=p&typeid=i","cat":319778},{"id":168994,"n":"Yaourt Enfant Petits Filous Tubs Aromatisés - x15","p":3.15,"u":"5,68 €/KG","img":"https://fd9-photos.leclercdrive.fr/image.ashx?id=2811038&use=l&cat=p&typeid=i","cat":284415},{"id":168995,"n":"Yaourt brassé Perle de Lait Vanille - 4x125g","p":1.9,"u":"3,80 €/KG","img":"https://fd9-photos.leclercdrive.fr/image.ashx?id=2939715&use=l&cat=p&typeid=i","cat":314999},{"id":169006,"n":"Cocktail de fruits de mer Eco+ Précuit - 500g","p":3.77,"u":"7,54 €/KG","img":"https://fd9-photos.leclercdrive.fr/image.ashx?id=2529525&use=l&cat=p&typeid=i","cat":319787},{"id":169026,"n":"Pané de colin d'Alaska Eco+ x5 - 800g","p":4.49,"u":"5,61 €/KG","img":"https://fd9-photos.leclercdrive.fr/image.ashx?id=2804323&use=l&cat=p&typeid=i","cat":319788},{"id":169057,"n":"Pizza Margherita Eco+ x3 - 900g","p":2.62,"u":"2,91 €/KG","img":"https://fd9-photos.leclercdrive.fr/image.ashx?id=2781176&use=l&cat=p&typeid=i","cat":284256},{"id":169070,"n":"Pâte de Pralin 225g","p":6.44,"u":"28,62 €/KG","img":"https://fd9-photos.leclercdrive.fr/image.ashx?id=2235302&use=l&cat=p&typeid=i","cat":284504},{"id":169139,"n":"Cornichons Aigre-Doux Alélor 370g","p":4.07,"u":"11,00 €/KG","img":"https://fd9-photos.leclercdrive.fr/image.ashx?id=2857267&use=l&cat=p&typeid=i","cat":284458},{"id":169189,"n":"Dessert Materne Gourdes  Végétal Vanille - 4x85g","p":2.12,"u":"6,24 €/KG","img":"https://fd9-photos.leclercdrive.fr/image.ashx?id=2563235&use=l&cat=p&typeid=i","cat":284506},{"id":169216,"n":"Yaourt brassé Perle de Lait Coco - 4x125g","p":2.02,"u":"4,04 €/KG","img":"https://fd9-photos.leclercdrive.fr/image.ashx?id=2939709&use=l&cat=p&typeid=i","cat":286006},{"id":169282,"n":"Coca Cola 33cl","p":0.7,"u":"2,12 €/L","img":"https://fd9-photos.leclercdrive.fr/image.ashx?id=2787737&use=l&cat=p&typeid=i","cat":284530},{"id":169342,"n":"Lardons fumés Herta 200g","p":2.16,"u":"10,80 €/KG","img":"https://fd9-photos.leclercdrive.fr/image.ashx?id=2939307&use=l&cat=p&typeid=i","cat":316011},{"id":169347,"n":"Allumettes nature Herta Sans nitrite - 2x75g","p":1.96,"u":"13,07 €/KG","img":"https://fd9-photos.leclercdrive.fr/image.ashx?id=2868906&use=l&cat=p&typeid=i","cat":316011},{"id":169353,"n":"Pâte feuilletée Herta Tarte en Or - 230g","p":0.94,"u":"4,09 €/KG","img":"https://fd9-photos.leclercdrive.fr/image.ashx?id=2918658&use=l&cat=p&typeid=i","cat":333681},{"id":169354,"n":"Pâte brisée Herta Tarte en Or - 230g","p":1.04,"u":"4,52 €/KG","img":"https://fd9-photos.leclercdrive.fr/image.ashx?id=2739189&use=l&cat=p&typeid=i","cat":333681},{"id":169429,"n":"Tendres Effilés en Gelée Felix Selection poissons 12x85g","p":4.93,"u":"4,83 €/KG","img":"https://fd9-photos.leclercdrive.fr/image.ashx?id=2995439&use=l&cat=p&typeid=i","cat":285286},{"id":169430,"n":"Tendres Effilés en Gelée Felix Selection campagne 12x85g","p":4.97,"u":"4,87 €/KG","img":"https://fd9-photos.leclercdrive.fr/image.ashx?id=2957668&use=l&cat=p&typeid=i","cat":285286},{"id":169432,"n":"Tendres Effilés en Gelée Felix Selection mixte - 24x85g","p":8.87,"u":"4,35 €/KG","img":"https://fd9-photos.leclercdrive.fr/image.ashx?id=2869651&use=l&cat=p&typeid=i","cat":285286},{"id":169440,"n":"Shampooing bio N.A.E. Eclat couleur - 500ml","p":8.1,"u":"16,20 €/L","img":"https://fd9-photos.leclercdrive.fr/image.ashx?id=2239486&use=l&cat=p&typeid=i","cat":284606},{"id":169443,"n":"Tendres Effilés Gelée 44x85g","p":16.99,"u":"4,54 €/KG","img":"https://fd9-photos.leclercdrive.fr/image.ashx?id=2957674&use=l&cat=p&typeid=i","cat":285286},{"id":169447,"n":"Emincés En Gelée Felix Selection mixte - 12x85g","p":4.13,"u":"4,05 €/KG","img":"https://fd9-photos.leclercdrive.fr/image.ashx?id=2869657&use=l&cat=p&typeid=i","cat":285286},{"id":169749,"n":"Assortiment de 40 mini paniers Bistro Emile - 560g","p":9.19,"u":"16,41 €/KG","img":"https://fd9-photos.leclercdrive.fr/image.ashx?id=2243302&use=l&cat=p&typeid=i","cat":319774},{"id":169750,"n":"L'assortiment fromager  Bistro Emile x40 - 465g","p":8.95,"u":"19,25 €/KG","img":"https://fd9-photos.leclercdrive.fr/image.ashx?id=2243305&use=l&cat=p&typeid=i","cat":319774},{"id":169791,"n":"Bière Paix Dieu blonde 10% vol. + 1 verre - 75cl","p":20.56,"pp":19.06,"u":"25,41 €/L","img":"https://fd9-photos.leclercdrive.fr/image.ashx?id=2244094&use=l&cat=p&typeid=i","cat":334872},{"id":169956,"n":"Eau gazeuse Perrier 1L","p":0.65,"u":"0,65 €/L","img":"https://fd9-photos.leclercdrive.fr/image.ashx?id=2672563&use=l&cat=p&typeid=i","cat":284536},{"id":170071,"n":"Pain complet sarrasin Gerblé - 240g","p":3.45,"u":"14,38 €/KG","img":"https://fd9-photos.leclercdrive.fr/image.ashx?id=2662883&use=l&cat=p&typeid=i","cat":284477},{"id":170111,"n":"Tartine craquante Jardin Bio Sarrasin bio - 150g","p":2.37,"u":"15,80 €/KG","img":"https://fd9-photos.leclercdrive.fr/image.ashx?id=2653672&use=l&cat=p&typeid=i","cat":285543},{"id":170561,"n":"Friandises chien Tous mes Amis Sticks au Boeuf - 3x11g","p":0.5,"u":"15,15 €/KG","img":"https://fd9-photos.leclercdrive.fr/image.ashx?id=2302265&use=l&cat=p&typeid=i","cat":294527},{"id":170567,"n":"Eau de vie Vieille Prune Bouteille Tour Eiffel 40° 50cl","p":16.99,"u":"33,98 €/L","img":"https://fd9-photos.leclercdrive.fr/image.ashx?id=2732830&use=l&cat=p&typeid=i","cat":286032},{"id":170957,"n":"Confiture Douceur du Verger Abricot - 750g","p":2.31,"u":"3,08 €/KG","img":"https://fd9-photos.leclercdrive.fr/image.ashx?id=2965581&use=l&cat=p&typeid=i","cat":284480},{"id":171068,"n":"Gel douche So Bio Etic Fleur d'oranger bio - 450ml","p":6.3,"u":"14,00 €/L","img":"https://fd9-photos.leclercdrive.fr/image.ashx?id=2794487&use=l&cat=p&typeid=i","cat":284594},{"id":171070,"n":"Gel douche So Bio Etic Abricot bio - 450ml","p":5.04,"u":"11,20 €/L","img":"https://fd9-photos.leclercdrive.fr/image.ashx?id=2793629&use=l&cat=p&typeid=i","cat":284594},{"id":171072,"n":"Gel douche So Bio Etic Verveine Citron bio - 450ml","p":6.3,"u":"14,00 €/L","img":"https://fd9-photos.leclercdrive.fr/image.ashx?id=2813468&use=l&cat=p&typeid=i","cat":284594},{"id":171131,"n":"Pétillant D'artigny Sans Alcool - 75cl","p":5.85,"u":"7,80 €/L","img":"https://fd9-photos.leclercdrive.fr/image.ashx?id=2854312&use=l&cat=p&typeid=i","cat":289460},{"id":171187,"n":"Barres glacées Snickers  Caramel & Cacahuètes x12 - 547g","p":5.0,"u":"9,14 €/KG","img":"https://fd9-photos.leclercdrive.fr/image.ashx?id=2295505&use=l&cat=p&typeid=i","cat":284264},{"id":171188,"n":"Glace Barre Glacée Snickers  Caramel & Cacahuètes x6 - 274g","p":3.55,"u":"12,96 €/KG","img":"https://fd9-photos.leclercdrive.fr/image.ashx?id=2295508&use=l&cat=p&typeid=i","cat":284264},{"id":171191,"n":"Barre glacée Mars  Caramel x6 - 240g","p":3.16,"img":"https://fd9-photos.leclercdrive.fr/image.ashx?id=2295924&use=l&cat=p&typeid=i","cat":284264},{"id":171409,"n":"Sac poubelle Elembal 50L - x40","p":5.99,"u":"0,15 €/P","img":"https://fd9-photos.leclercdrive.fr/image.ashx?id=2793311&use=l&cat=p&typeid=i","cat":285168},{"id":171680,"n":"Crème Densitium SVR 50ml","p":37.58,"u":"751,60 €/L","img":"https://fd9-photos.leclercdrive.fr/image.ashx?id=2971661&use=l&cat=p&typeid=i","cat":291171},{"id":171719,"n":"Lessive Epsil Perfect Tri-Doses Fleurie x20 - 490ml","p":4.49,"u":"9,16 €/L","img":"https://fd9-photos.leclercdrive.fr/image.ashx?id=2450119&use=l&cat=p&typeid=i","cat":284641},{"id":171767,"n":"Coffret Eau de Vie Esprit 40° Poire Williams - 35cl","p":25.5,"u":"72,86 €/L","img":"https://fd9-photos.leclercdrive.fr/image.ashx?id=2256426&use=l&cat=p&typeid=i","cat":286032},{"id":171770,"n":"Coffret Eau de Vie Esprit 40° Vieille Prune - 35cl","p":25.5,"u":"72,86 €/L","img":"https://fd9-photos.leclercdrive.fr/image.ashx?id=2256435&use=l&cat=p&typeid=i","cat":286032},{"id":171836,"n":"Céréales Trésor Kellogg's Chocolat au lait - 620g","p":4.39,"u":"7,08 €/KG","img":"https://fd9-photos.leclercdrive.fr/image.ashx?id=2598334&use=l&cat=p&typeid=i","cat":309513},{"id":172718,"n":"Lessive en poudre Xeor Savon de Marseille x50 - 2.5kg","p":5.99,"u":"2,40 €/KG","img":"https://fd9-photos.leclercdrive.fr/image.ashx?id=2450161&use=l&cat=p&typeid=i","cat":284642},{"id":172731,"n":"Tablette chocolat Milka Chocolat au lait - 3x100g","p":4.11,"u":"13,70 €/KG","img":"https://fd9-photos.leclercdrive.fr/image.ashx?id=3009137&use=l&cat=p&typeid=i","cat":284497},{"id":173142,"n":"AOP Bodeaux blanc Petite Chapelle - 75cl","p":4.9,"pp":3.23,"u":"4,31 €/L","img":"https://fd9-photos.leclercdrive.fr/image.ashx?id=2811320&use=l&cat=p&typeid=i","cat":289557},{"id":173147,"n":"Lingettes Swiffer pour balai Attrape poussière - x14","p":6.94,"u":"0,50 €/P","img":"https://fd9-photos.leclercdrive.fr/image.ashx?id=2964084&use=l&cat=p&typeid=i","cat":325364},{"id":173381,"n":"Cubis vin Rosé Le Tonnelier Origine U.E - 10L","p":15.5,"u":"1,55 €/L","img":"https://fd9-photos.leclercdrive.fr/image.ashx?id=2266002&use=l&cat=p&typeid=i","cat":289558},{"id":173448,"n":"Cacahuètes Curly Sweety Caramélisées - 150g","p":1.65,"u":"11,00 €/KG","img":"https://fd9-photos.leclercdrive.fr/image.ashx?id=2599233&use=l&cat=p&typeid=i","cat":284449},{"id":173587,"n":"Bloc Cuvette WC Multiblocs Flex Lavande x3","p":2.3,"u":"0,77 €/P","img":"https://fd9-photos.leclercdrive.fr/image.ashx?id=2269919&use=l&cat=p&typeid=i","cat":284662},{"id":173745,"n":"Balai d'essui glace Tech9 Perf 53 - 1p","p":10.69,"img":"https://fd9-photos.leclercdrive.fr/image.ashx?id=2650240&use=l&cat=p&typeid=i","cat":298252},{"id":174145,"n":"Confiture Douceur du Verger Cerises - 370 g","p":1.27,"u":"3,43 €/KG","img":"https://fd9-photos.leclercdrive.fr/image.ashx?id=2965599&use=l&cat=p&typeid=i","cat":284480},{"id":174147,"n":"Confiture Douceur du Verger Châtaignes/vanille - 370g","p":1.75,"u":"4,73 €/KG","img":"https://fd9-photos.leclercdrive.fr/image.ashx?id=2965593&use=l&cat=p&typeid=i","cat":284480},{"id":174148,"n":"Confiture Douceur du Verger Pêches - 370 g","p":1.6,"u":"4,32 €/KG","img":"https://fd9-photos.leclercdrive.fr/image.ashx?id=2965602&use=l&cat=p&typeid=i","cat":284480},{"id":174149,"n":"Confiture Douceur du Verger Fraises - 370 g","p":1.12,"u":"3,03 €/KG","img":"https://fd9-photos.leclercdrive.fr/image.ashx?id=2965542&use=l&cat=p&typeid=i","cat":284480},{"id":174150,"n":"Confiture Douceur du Verger Framboises - 370 g","p":1.99,"u":"5,38 €/KG","img":"https://fd9-photos.leclercdrive.fr/image.ashx?id=2965575&use=l&cat=p&typeid=i","cat":284480},{"id":174151,"n":"Confiture Douceur du Verger 4 fruits rouges - 370 g","p":1.18,"u":"3,19 €/KG","img":"https://fd9-photos.leclercdrive.fr/image.ashx?id=2965548&use=l&cat=p&typeid=i","cat":284480},{"id":174155,"n":"Sauce tomate Panzani Provençale - 425g","p":1.39,"u":"3,27 €/KG","img":"https://fd9-photos.leclercdrive.fr/image.ashx?id=2742866&use=l&cat=p&typeid=i","cat":288384},{"id":174156,"n":"Sauce tomates cuisinées Panzani 425g","p":1.92,"u":"4,52 €/KG","img":"https://fd9-photos.leclercdrive.fr/image.ashx?id=2977276&use=l&cat=p&typeid=i","cat":288384},{"id":174157,"n":"Sauce Tomate Basilic Panzani - 400G","p":1.9,"u":"4,75 €/KG","img":"https://fd9-photos.leclercdrive.fr/image.ashx?id=2968088&use=l&cat=p&typeid=i","cat":288384},{"id":174188,"n":"Crevettes décortiquées Eco+ 500g","p":4.93,"u":"9,86 €/KG","img":"https://fd9-photos.leclercdrive.fr/image.ashx?id=2858947&use=l&cat=p&typeid=i","cat":319787},{"id":174189,"n":"Beignets de calamar Eco+ 500g","p":2.46,"u":"4,92 €/KG","img":"https://fd9-photos.leclercdrive.fr/image.ashx?id=2690955&use=l&cat=p&typeid=i","cat":319788},{"id":174196,"n":"Viande hachée 15% MG Férial 1kg","p":14.49,"u":"14,49 €/KG","img":"https://fd9-photos.leclercdrive.fr/image.ashx?id=2630094&use=l&cat=p&typeid=i","cat":284332},{"id":174221,"n":"Pur jus d'orange Eco  Avec pulpe - 1L","p":2.07,"u":"2,07 €/L","img":"https://fd9-photos.leclercdrive.fr/image.ashx?id=2843102&use=l&cat=p&typeid=i","cat":285435},{"id":174222,"n":"Pur jus d'orange Eco  Sans pulpe - 1L","p":2.07,"u":"2,07 €/L","img":"https://fd9-photos.leclercdrive.fr/image.ashx?id=2779874&use=l&cat=p&typeid=i","cat":285435},{"id":174223,"n":"Pur jus de pomme Eco  1L","p":1.47,"u":"1,47 €/L","img":"https://fd9-photos.leclercdrive.fr/image.ashx?id=2779877&use=l&cat=p&typeid=i","cat":285435},{"id":174398,"n":"Eponges grattantes Eco + x6","p":0.96,"u":"0,16 €/P","img":"https://fd9-photos.leclercdrive.fr/image.ashx?id=2761295&use=l&cat=p&typeid=i","cat":284667},{"id":174489,"n":"Mini saucisson sec Saint Azay 160g","p":2.74,"u":"17,13 €/KG","img":"https://fd9-photos.leclercdrive.fr/image.ashx?id=2922709&use=l&cat=p&typeid=i","cat":316006},{"id":174515,"n":"Mothais sur feuille NRT Fromage de chèvre - 150g","p":4.59,"u":"30,60 €/KG","img":"https://fd9-photos.leclercdrive.fr/image.ashx?id=2302491&use=l&cat=p&typeid=i","cat":314031},{"id":174517,"n":"Pur jus multifruits Jafaden 90cl","p":1.7,"u":"1,89 €/L","img":"https://fd9-photos.leclercdrive.fr/image.ashx?id=2723153&use=l&cat=p&typeid=i","cat":285435},{"id":174519,"n":"Délice gelée Vitakraft Assortiment - 6x85g","p":4.99,"u":"9,78 €/KG","img":"https://fd9-photos.leclercdrive.fr/image.ashx?id=2283303&use=l&cat=p&typeid=i","cat":285286},{"id":174523,"n":"Délice sauce Vitakraft  Volaille et Boeuf - 6x85g","p":4.99,"u":"9,78 €/KG","img":"https://fd9-photos.leclercdrive.fr/image.ashx?id=2283291&use=l&cat=p&typeid=i","cat":285286},{"id":174524,"n":"Délice sauce Vitakraft Poisson - 6x85g","p":4.99,"u":"9,78 €/KG","img":"https://fd9-photos.leclercdrive.fr/image.ashx?id=2283294&use=l&cat=p&typeid=i","cat":285286},{"id":174562,"n":"Treaties Bits Pâtés de foie  Vitakraft - 120g","p":2.45,"u":"20,42 €/KG","img":"https://fd9-photos.leclercdrive.fr/image.ashx?id=2272484&use=l&cat=p&typeid=i","cat":294527},{"id":174574,"n":"Crayon de couleur  Bic Intensity x12","p":4.4,"u":"0,37 €/P","img":"https://fd9-photos.leclercdrive.fr/image.ashx?id=2272268&use=l&cat=p&typeid=i","cat":284696},{"id":174577,"n":"Crayon de couleur Mine douce Bic Intensity x24","p":8.45,"u":"0,35 €/P","img":"https://fd9-photos.leclercdrive.fr/image.ashx?id=2470896&use=l&cat=p&typeid=i","cat":284696},{"id":174596,"n":"Dossiers Kraft Lot de 5","p":5.99,"img":"https://fd9-photos.leclercdrive.fr/image.ashx?id=2558286&use=l&cat=p&typeid=i","cat":284745},{"id":174710,"n":"Confiture Douceur du Verger Mirabelles - 370g","p":1.64,"u":"4,43 €/KG","img":"https://fd9-photos.leclercdrive.fr/image.ashx?id=2965560&use=l&cat=p&typeid=i","cat":284480},{"id":174712,"n":"Confiture Douceur du Verger Figues - 370g","p":1.58,"u":"4,27 €/KG","img":"https://fd9-photos.leclercdrive.fr/image.ashx?id=2965587&use=l&cat=p&typeid=i","cat":284480},{"id":174714,"n":"Confiture Douceur du Verger Mûres - 370g","p":1.99,"u":"5,38 €/KG","img":"https://fd9-photos.leclercdrive.fr/image.ashx?id=2970587&use=l&cat=p&typeid=i","cat":284480},{"id":174815,"n":"Confiture Douceur du Verger Myrtilles - 370g","p":1.72,"u":"4,65 €/KG","img":"https://fd9-photos.leclercdrive.fr/image.ashx?id=2965590&use=l&cat=p&typeid=i","cat":284480},{"id":174816,"n":"Confiture Douceur du Verger Rhubarbe - 370g","p":1.69,"u":"4,57 €/KG","img":"https://fd9-photos.leclercdrive.fr/image.ashx?id=2965584&use=l&cat=p&typeid=i","cat":284480},{"id":174817,"n":"Gelée Douceur du Verger Mûres - 370g","p":1.99,"u":"5,38 €/KG","img":"https://fd9-photos.leclercdrive.fr/image.ashx?id=2965578&use=l&cat=p&typeid=i","cat":284480},{"id":174832,"n":"Saucisses de Toulouse x4 Soutenons Nos Agriculteurs 400g","p":3.98,"u":"9,95 €/KG","img":"https://fd9-photos.leclercdrive.fr/image.ashx?id=2835232&use=l&cat=p&typeid=i","cat":284334},{"id":174833,"n":"Chipolatas x6 Soutenons Nos Agriculteurs 330g","p":4.5,"u":"13,64 €/KG","img":"https://fd9-photos.leclercdrive.fr/image.ashx?id=2716018&use=l&cat=p&typeid=i","cat":284334},{"id":174835,"n":"Chipolatas aux herbes x6 Soutenons Nos Agriculteurs 330g","p":4.1,"u":"12,42 €/KG","img":"https://fd9-photos.leclercdrive.fr/image.ashx?id=2835235&use=l&cat=p&typeid=i","cat":284334},{"id":174844,"n":"Amandes en poudre d'Espagne Sainte Lucie - 100g","p":2.75,"u":"27,50 €/KG","img":"https://fd9-photos.leclercdrive.fr/image.ashx?id=2774331&use=l&cat=p&typeid=i","cat":284504},{"id":174875,"n":"Gelée douceur du Verger Groseilles - 370g","p":1.29,"u":"3,49 €/KG","img":"https://fd9-photos.leclercdrive.fr/image.ashx?id=2965563&use=l&cat=p&typeid=i","cat":284480},{"id":174876,"n":"Gelée Douceur du Verger Coing - 370g","p":1.29,"u":"3,49 €/KG","img":"https://fd9-photos.leclercdrive.fr/image.ashx?id=2965566&use=l&cat=p&typeid=i","cat":284480},{"id":174881,"n":"Carottes râpées Bonduelle Au Citron de Sicile - 320g","p":1.41,"u":"4,41 €/KG","img":"https://fd9-photos.leclercdrive.fr/image.ashx?id=2894194&use=l&cat=p&typeid=i","cat":333657},{"id":174887,"n":"Concombre Bonduelle Au Fromage blanc - 320g","p":2.13,"u":"6,66 €/KG","img":"https://fd9-photos.leclercdrive.fr/image.ashx?id=2905309&use=l&cat=p&typeid=i","cat":333657},{"id":174939,"n":"Sacs-poubelle recyclés Alfapac à lien large 160L - x10","p":7.42,"u":"0,74 €/P","img":"https://fd9-photos.leclercdrive.fr/image.ashx?id=2509415&use=l&cat=p&typeid=i","cat":285168},{"id":174941,"n":"Fromage blanc Engagé Soutenons Nos Agriculteurs 1kg","p":2.09,"u":"2,09 €/KG","img":"https://fd9-photos.leclercdrive.fr/image.ashx?id=2297292&use=l&cat=p&typeid=i","cat":284409},{"id":174949,"n":"Crème fluide légère 3x20cl Soutenons Nos Agriculteurs","p":2.45,"u":"4,08 €/L","img":"https://fd9-photos.leclercdrive.fr/image.ashx?id=2291417&use=l&cat=p&typeid=i","cat":284381},{"id":174954,"n":"Crème liquide UHT 3x20cl Soutenons Nos Agriculteurs","p":3.49,"u":"5,82 €/L","img":"https://fd9-photos.leclercdrive.fr/image.ashx?id=2291414&use=l&cat=p&typeid=i","cat":284381},{"id":174984,"n":"Miel Soutenons nos agriculteurs Crémeux - 500 g","p":5.59,"u":"11,18 €/KG","img":"https://fd9-photos.leclercdrive.fr/image.ashx?id=2921411&use=l&cat=p&typeid=i","cat":287643},{"id":174997,"n":"Jambon supérieur 2 tranches Soutenons Nos Agriculteurs 70g","p":1.71,"u":"24,43 €/KG","img":"https://fd9-photos.leclercdrive.fr/image.ashx?id=2970483&use=l&cat=p&typeid=i","cat":316009},{"id":174998,"n":"Jambon supérieur 6 tranches Soutenons Nos Agriculteurs 210g","p":3.89,"u":"18,52 €/KG","img":"https://fd9-photos.leclercdrive.fr/image.ashx?id=2943710&use=l&cat=p&typeid=i","cat":316009},{"id":174999,"n":"Jambon superieur 4 tranches Soutenons Nos Agriculteurs 140g","p":2.66,"u":"19,00 €/KG","img":"https://fd9-photos.leclercdrive.fr/image.ashx?id=2943707&use=l&cat=p&typeid=i","cat":316009},{"id":175001,"n":"Rôti de porc 4 tranches Soutenons Nos Agriculteurs 140g","p":2.35,"u":"16,79 €/KG","img":"https://fd9-photos.leclercdrive.fr/image.ashx?id=2890031&use=l&cat=p&typeid=i","cat":316009},{"id":175067,"n":"Secret de Mousse La Laitière Vanille coulis chocolat - 4x59g","p":1.69,"u":"7,16 €/KG","img":"https://fd9-photos.leclercdrive.fr/image.ashx?id=2847982&use=l&cat=p&typeid=i","cat":284417},{"id":175125,"n":"Sauce Deluxe AMORA 250ml","p":2.03,"u":"8,12 €/L","img":"https://fd9-photos.leclercdrive.fr/image.ashx?id=3009266&use=l&cat=p&typeid=i","cat":318431},{"id":175551,"n":"Confit de canard du Sud-Ouest Nos Régions ont du Talent  420g","p":8.68,"u":"20,67 €/KG","img":"https://fd9-photos.leclercdrive.fr/image.ashx?id=2753544&use=l&cat=p&typeid=i","cat":284339},{"id":175557,"n":"Crème Visage Jour Nivea Matifiante Peaux Mixtes - 50ml","p":3.79,"u":"75,80 €/L","img":"https://fd9-photos.leclercdrive.fr/image.ashx?id=2659139&use=l&cat=p&typeid=i","cat":325345},{"id":175560,"n":"Sérum nutrition Vitanove 100ml","p":3.99,"u":"39,90 €/L","img":"https://fd9-photos.leclercdrive.fr/image.ashx?id=2691441&use=l&cat=p&typeid=i","cat":284608},{"id":175564,"n":"Gel Douche Le Petit Marseillais  Haute tolerance aloevera 400ml","p":2.41,"u":"6,03 €/L","img":"https://fd9-photos.leclercdrive.fr/image.ashx?id=2677429&use=l&cat=p&typeid=i","cat":284594},{"id":175572,"n":"Thé noir Earl Grey Bio Village Bio - x20 - 36g","p":1.09,"u":"30,28 €/KG","img":"https://fd9-photos.leclercdrive.fr/image.ashx?id=2897913&use=l&cat=p&typeid=i","cat":293233},{"id":175579,"n":"Pur jus Bio Village Bio Pomme  - 1L","p":2.14,"u":"2,14 €/L","img":"https://fd9-photos.leclercdrive.fr/image.ashx?id=2285081&use=l&cat=p&typeid=i","cat":284522},{"id":175586,"n":"Lentilles vertes Vivien Paille 1kg","p":3.6,"pp":2.38,"u":"2,38 €/KG","img":"https://fd9-photos.leclercdrive.fr/image.ashx?id=2285093&use=l&cat=p&typeid=i","cat":284430},{"id":175588,"n":"Cannelle entière Sainte Lucie 15g","p":1.95,"u":"130,00 €/KG","img":"https://fd9-photos.leclercdrive.fr/image.ashx?id=2984380&use=l&cat=p&typeid=i","cat":298297},{"id":175603,"n":"Thé vert bio Bio Village Menthe x20 - 36g","p":1.65,"u":"45,83 €/KG","img":"https://fd9-photos.leclercdrive.fr/image.ashx?id=2961722&use=l&cat=p&typeid=i","cat":293233},{"id":175605,"n":"Amandes California Sainte Lucie Décortiquées - 125g","p":3.85,"u":"30,80 €/KG","img":"https://fd9-photos.leclercdrive.fr/image.ashx?id=2285219&use=l&cat=p&typeid=i","cat":284504},{"id":175616,"n":"Bavoir PEVA imperméable Tigex Mickey","p":4.7,"img":"https://fd9-photos.leclercdrive.fr/image.ashx?id=2434759&use=l&cat=p&typeid=i","cat":289435},{"id":175617,"n":"Bavoir PEVA imperméable Tigex Minnie","p":4.9,"img":"https://fd9-photos.leclercdrive.fr/image.ashx?id=2286699&use=l&cat=p&typeid=i","cat":289435},{"id":175677,"n":"Madeleines Bio Village Pepites de chocolats Bio 250g","p":3.44,"u":"13,76 €/KG","img":"https://fd9-photos.leclercdrive.fr/image.ashx?id=2293350&use=l&cat=p&typeid=i","cat":284492},{"id":175685,"n":"Madeleine longue P'tit Déli Fourrés à la fraise - 240g","p":3.01,"u":"12,54 €/KG","img":"https://fd9-photos.leclercdrive.fr/image.ashx?id=2558386&use=l&cat=p&typeid=i","cat":284492},{"id":175686,"n":"Farine de riz Jardin Bio Semi-complète bio - 400g","p":2.27,"u":"5,68 €/KG","img":"https://fd9-photos.leclercdrive.fr/image.ashx?id=2740097&use=l&cat=p&typeid=i","cat":284503},{"id":175713,"n":"Bière \"La Goudale\" Rubis - 6x25cl","p":4.88,"u":"3,25 €/L","img":"https://fd9-photos.leclercdrive.fr/image.ashx?id=2778245&use=l&cat=p&typeid=i","cat":334878},{"id":175730,"n":"AOP Alsace Gewurtzraminer  Vendanges tardives 75 cl","p":19.2,"u":"25,60 €/L","img":"https://fd9-photos.leclercdrive.fr/image.ashx?id=2583939&use=l&cat=p&typeid=i","cat":289557},{"id":175763,"n":"Chocolat noir Novi Aux noisettes - 130g","p":3.19,"u":"24,54 €/KG","img":"https://fd9-photos.leclercdrive.fr/image.ashx?id=2294516&use=l&cat=p&typeid=i","cat":284956},{"id":175764,"n":"Chocolat blanc Novi Aux noisettes - 130g","p":3.19,"u":"24,54 €/KG","img":"https://fd9-photos.leclercdrive.fr/image.ashx?id=2294519&use=l&cat=p&typeid=i","cat":284957},{"id":175982,"n":"Huile de Bronzage SPF30 Garnier Protectrice - 150ml","p":10.66,"u":"71,07 €/L","img":"https://fd9-photos.leclercdrive.fr/image.ashx?id=2601121&use=l&cat=p&typeid=i","cat":325355},{"id":175984,"n":"Auto-bronzant Ambre Solaire  Brume corps - 150ml","p":9.65,"u":"64,33 €/L","img":"https://fd9-photos.leclercdrive.fr/image.ashx?id=2530630&use=l&cat=p&typeid=i","cat":325355},{"id":175986,"n":"Crème change bio Love & Green 100ml","p":6.67,"u":"66,70 €/L","img":"https://fd9-photos.leclercdrive.fr/image.ashx?id=2289267&use=l&cat=p&typeid=i","cat":284741},{"id":175991,"n":"Culottes Pampers Baby Dry Pants Taille 3 : 6/11kg - x96","p":32.5,"u":"0,34 €/P","img":"https://fd9-photos.leclercdrive.fr/image.ashx?id=2622834&use=l&cat=p&typeid=i","cat":290633},{"id":176027,"n":"Frites Classiques McCain Just Au Four - 700g","p":2.49,"u":"3,56 €/KG","img":"https://fd9-photos.leclercdrive.fr/image.ashx?id=2997340&use=l&cat=p&typeid=i","cat":319791},{"id":176030,"n":"Frites Allumettes McCain Just Au Four - 700g","p":2.64,"u":"3,77 €/KG","img":"https://fd9-photos.leclercdrive.fr/image.ashx?id=2772491&use=l&cat=p&typeid=i","cat":319791},{"id":176033,"n":"Frites Steakhouse McCain Just Au Four - 700g","p":2.64,"u":"3,77 €/KG","img":"https://fd9-photos.leclercdrive.fr/image.ashx?id=2737921&use=l&cat=p&typeid=i","cat":319791},{"id":176034,"n":"Frites Express McCain Just Au Four - 600g","p":3.08,"u":"5,13 €/KG","img":"https://fd9-photos.leclercdrive.fr/image.ashx?id=2997337&use=l&cat=p&typeid=i","cat":319791},{"id":176036,"n":"Frites friteuse McCain Tradition - 1,080kg","p":2.76,"u":"2,56 €/KG","img":"https://fd9-photos.leclercdrive.fr/image.ashx?id=2737930&use=l&cat=p&typeid=i","cat":319791},{"id":176040,"n":"Frites friteuse McCain Golden Allumette - 1,080kg","p":3.03,"u":"2,81 €/KG","img":"https://fd9-photos.leclercdrive.fr/image.ashx?id=2737939&use=l&cat=p&typeid=i","cat":319791},{"id":176043,"n":"La Frite Belge McCain 1.080kg","p":3.1,"u":"2,87 €/KG","img":"https://fd9-photos.leclercdrive.fr/image.ashx?id=2737942&use=l&cat=p&typeid=i","cat":319791},{"id":176239,"n":"Gnocchi Lustucru Selection  390g","p":1.72,"u":"4,41 €/KG","img":"https://fd9-photos.leclercdrive.fr/image.ashx?id=2965999&use=l&cat=p&typeid=i","cat":333682},{"id":176391,"n":"Sérum Hydra-Texturisant Elsève Cheveux Déshydratés - 150ml","p":11.52,"u":"76,80 €/L","img":"https://fd9-photos.leclercdrive.fr/image.ashx?id=2870677&use=l&cat=p&typeid=i","cat":284608},{"id":176400,"n":"Gnocchi à poeler Lustucru  Lot de 2 + 1 offert - 900g","p":3.19,"u":"3,54 €/KG","img":"https://fd9-photos.leclercdrive.fr/image.ashx?id=2446671&use=l&cat=p&typeid=i","cat":333682},{"id":176436,"n":"Mini BN Cœur de Lait 175g","p":1.88,"u":"10,74 €/KG","img":"https://fd9-photos.leclercdrive.fr/image.ashx?id=2730484&use=l&cat=p&typeid=i","cat":284489},{"id":176535,"n":"Beurre bio Bio Village  Demi-sel - 80% MG - 250g","p":2.99,"u":"11,96 €/KG","img":"https://fd9-photos.leclercdrive.fr/image.ashx?id=2961719&use=l&cat=p&typeid=i","cat":284379},{"id":176755,"n":"Lessive en poudre Uni Vert 1,25kg","p":3.89,"u":"3,11 €/KG","img":"https://fd9-photos.leclercdrive.fr/image.ashx?id=2450107&use=l&cat=p&typeid=i","cat":284642},{"id":176846,"n":"Knacki Original Herta x6 - 210g","p":1.61,"u":"7,67 €/KG","img":"https://fd9-photos.leclercdrive.fr/image.ashx?id=2299070&use=l&cat=p&typeid=i","cat":316012},{"id":176848,"n":"Knacki Original Herta Sans nitrite x6 - 210g","p":2.39,"u":"11,38 €/KG","img":"https://fd9-photos.leclercdrive.fr/image.ashx?id=2299073&use=l&cat=p&typeid=i","cat":316012},{"id":176931,"n":"Boulettes de Boeuf et Porc Férial x28 - 700g","p":7.99,"u":"11,41 €/KG","img":"https://fd9-photos.leclercdrive.fr/image.ashx?id=2625119&use=l&cat=p&typeid=i","cat":284332},{"id":176932,"n":"Jambon sec Saint-Azay 500g","p":8.99,"u":"17,98 €/KG","img":"https://fd9-photos.leclercdrive.fr/image.ashx?id=2935549&use=l&cat=p&typeid=i","cat":316007},{"id":176988,"n":"Bonbon à sucer Ricola Menthol Stévia - 50g","p":1.54,"u":"30,80 €/KG","img":"https://fd9-photos.leclercdrive.fr/image.ashx?id=2382201&use=l&cat=p&typeid=i","cat":304252},{"id":176990,"n":"Bonbon à sucer Ricola Citron melisse stévia - 50g","p":1.51,"u":"30,20 €/KG","img":"https://fd9-photos.leclercdrive.fr/image.ashx?id=2382207&use=l&cat=p&typeid=i","cat":304252},{"id":176996,"n":"Soin sans rinçage Elsève Color vive Water Acidic - 200ml","p":8.9,"u":"44,50 €/L","img":"https://fd9-photos.leclercdrive.fr/image.ashx?id=2439317&use=l&cat=p&typeid=i","cat":284608},{"id":177003,"n":"Tiramisu au spéculoos Equador 2x100g","p":2.25,"u":"11,25 €/KG","img":"https://fd9-photos.leclercdrive.fr/image.ashx?id=2566691&use=l&cat=p&typeid=i","cat":284419},{"id":177217,"n":"Sorbet Plein Fruit L'Angélys Citron vert - 500g","p":5.1,"u":"10,20 €/KG","img":"https://fd9-photos.leclercdrive.fr/image.ashx?id=2963607&use=l&cat=p&typeid=i","cat":284263},{"id":177218,"n":"Lessive tri-doses couleurs Epsil - x20 capsules","p":4.89,"u":"0,24 €/P","img":"https://fd9-photos.leclercdrive.fr/image.ashx?id=2450113&use=l&cat=p&typeid=i","cat":284641},{"id":177234,"n":"Sorbet Plein Fruit L'Angélys Mangue - 500g","p":5.28,"u":"10,56 €/KG","img":"https://fd9-photos.leclercdrive.fr/image.ashx?id=2963616&use=l&cat=p&typeid=i","cat":284263},{"id":177257,"n":"Yaourt à la Grecque Nat&Vie Mangue Passion - 4x115g","p":2.6,"u":"5,65 €/KG","img":"https://fd9-photos.leclercdrive.fr/image.ashx?id=2901485&use=l&cat=p&typeid=i","cat":316071},{"id":177258,"n":"Bâtonnets Manger Main Bio Yooji Betterave Quinoa rouge - 225g","p":3.8,"u":"16,89 €/KG","img":"https://fd9-photos.leclercdrive.fr/image.ashx?id=2529030&use=l&cat=p&typeid=i","cat":290631},{"id":177260,"n":"Bâtonnets Manger Main Bio Yooji Haricots Pois Semoule 225g","p":3.55,"u":"15,78 €/KG","img":"https://fd9-photos.leclercdrive.fr/image.ashx?id=2529039&use=l&cat=p&typeid=i","cat":290631},{"id":177262,"n":"Bâtonnets Manger Main Bio Yooji Butternut Quinoa blanc - 225g","p":4.19,"u":"18,62 €/KG","img":"https://fd9-photos.leclercdrive.fr/image.ashx?id=2529036&use=l&cat=p&typeid=i","cat":290631},{"id":177381,"n":"Bière blonde Ch'ti 6.8% vol. - 75cl","p":3.25,"u":"4,33 €/L","img":"https://fd9-photos.leclercdrive.fr/image.ashx?id=2840169&use=l&cat=p&typeid=i","cat":334852},{"id":177407,"n":"AOP Corse blanc Terres Ocrees  Corse  - 75cl","p":4.99,"u":"6,65 €/L","img":"https://fd9-photos.leclercdrive.fr/image.ashx?id=2865245&use=l&cat=p&typeid=i","cat":289557},{"id":177433,"n":"Sirop Carambar Grenadine -  75cl","p":3.5,"u":"4,67 €/L","img":"https://fd9-photos.leclercdrive.fr/image.ashx?id=2398910&use=l&cat=p&typeid=i","cat":295020},{"id":177434,"n":"Sirop Carambar Fraise - 75cl","p":3.62,"u":"4,83 €/L","img":"https://fd9-photos.leclercdrive.fr/image.ashx?id=2398913&use=l&cat=p&typeid=i","cat":295020},{"id":177457,"n":"Délice Gelée Chats Poésie Volaille - 12x85g","p":7.1,"u":"6,96 €/KG","img":"https://fd9-photos.leclercdrive.fr/image.ashx?id=2380655&use=l&cat=p&typeid=i","cat":285286},{"id":177480,"n":"Saucisses de Toulouse Férial Label Rouge - X4 - 400g","p":4.09,"u":"10,23 €/KG","img":"https://fd9-photos.leclercdrive.fr/image.ashx?id=2835241&use=l&cat=p&typeid=i","cat":284334},{"id":177482,"n":"Haché Moelleux nature Férial 500g","p":5.39,"u":"10,78 €/KG","img":"https://fd9-photos.leclercdrive.fr/image.ashx?id=2710888&use=l&cat=p&typeid=i","cat":284332},{"id":177652,"n":"Jambon Label Rouge Fleury Michon sans nitrite x4- 160g","p":3.97,"u":"24,81 €/KG","img":"https://fd9-photos.leclercdrive.fr/image.ashx?id=2923957&use=l&cat=p&typeid=i","cat":316009},{"id":177655,"n":"Blanc de poulet Fleury Michon Doré au Four x6 - 190g","p":1.86,"u":"9,79 €/KG","img":"https://fd9-photos.leclercdrive.fr/image.ashx?id=3004972&use=l&cat=p&typeid=i","cat":316010},{"id":177670,"n":"Crème fraîche entière Yoplait 30%MG - 450g","p":1.96,"u":"4,36 €/KG","img":"https://fd9-photos.leclercdrive.fr/image.ashx?id=2811044&use=l&cat=p&typeid=i","cat":284381},{"id":177672,"n":"Crème fraîche entière Yoplait 30%MG - 190g","p":0.93,"u":"4,89 €/KG","img":"https://fd9-photos.leclercdrive.fr/image.ashx?id=2811041&use=l&cat=p&typeid=i","cat":284381},{"id":177698,"n":"Knacki Original Herta Sans nitrite x4 - 140g","p":2.0,"u":"14,29 €/KG","img":"https://fd9-photos.leclercdrive.fr/image.ashx?id=2309423&use=l&cat=p&typeid=i","cat":316012},{"id":177699,"n":"Olives vertes dénoyautées  à l'ail Croc'frais - 200g","p":2.79,"u":"13,95 €/KG","img":"https://fd9-photos.leclercdrive.fr/image.ashx?id=2589395&use=l&cat=p&typeid=i","cat":316002},{"id":177704,"n":"Knacki Original Herta 100% Porc - 210g","p":2.31,"u":"11,00 €/KG","img":"https://fd9-photos.leclercdrive.fr/image.ashx?id=2309417&use=l&cat=p&typeid=i","cat":316012},{"id":177719,"n":"Soin contour des yeux Nivea Cellular Luminous - 15ml","p":16.1,"img":"https://fd9-photos.leclercdrive.fr/image.ashx?id=2839274&use=l&cat=p&typeid=i","cat":325345},{"id":177720,"n":"Crème mains correctrice Nivea Luminous FPS15 - 50ml","p":5.85,"u":"117,00 €/L","img":"https://fd9-photos.leclercdrive.fr/image.ashx?id=2503320&use=l&cat=p&typeid=i","cat":null},{"id":177721,"n":"Crème Visage Nuit Nivea Anti-taches Luminous - 50ml","p":19.47,"u":"389,40 €/L","img":"https://fd9-photos.leclercdrive.fr/image.ashx?id=3000345&use=l&cat=p&typeid=i","cat":325345},{"id":177723,"n":"Fluide teinté anti-tâches Nivea Luminous FPS20 -","p":19.9,"u":"497,50 €/L","img":"https://fd9-photos.leclercdrive.fr/image.ashx?id=2602281&use=l&cat=p&typeid=i","cat":325345},{"id":177837,"n":"Panettone beurre La Fornatera 500g","p":5.84,"u":"11,68 €/KG","img":"https://fd9-photos.leclercdrive.fr/image.ashx?id=2312527&use=l&cat=p&typeid=i","cat":289010},{"id":177849,"n":"Lessive Sanytol désinfectante fraicheur florale - 1,70L","p":9.84,"u":"5,79 €/L","img":"https://fd9-photos.leclercdrive.fr/image.ashx?id=2902978&use=l&cat=p&typeid=i","cat":284640},{"id":178074,"n":"Aubergine Bio Bio Village x2","p":2.99,"u":"1,50 €/P","img":"https://fd9-photos.leclercdrive.fr/image.ashx?id=2928333&use=l&cat=p&typeid=i","cat":284352},{"id":178110,"n":"Pizza Dr.Oetker Ristorante Thon - 355g","p":2.66,"u":"7,49 €/KG","img":"https://fd9-photos.leclercdrive.fr/image.ashx?id=2993056&use=l&cat=p&typeid=i","cat":284256},{"id":178111,"n":"Pizza Dr.Oetker Ristorante 4 fromages - 340g","p":2.47,"u":"7,26 €/KG","img":"https://fd9-photos.leclercdrive.fr/image.ashx?id=2993050&use=l&cat=p&typeid=i","cat":284256},{"id":178112,"n":"Pizza Dr.Oetker Ristorante Mozzarella - 335g","p":2.66,"u":"7,94 €/KG","img":"https://fd9-photos.leclercdrive.fr/image.ashx?id=2993062&use=l&cat=p&typeid=i","cat":284256},{"id":178113,"n":"Pizza Dr.Oetker Ristorante  Vegetale aux légumes - 385g","p":2.79,"u":"7,25 €/KG","img":"https://fd9-photos.leclercdrive.fr/image.ashx?id=2993068&use=l&cat=p&typeid=i","cat":284256},{"id":178114,"n":"Pizza Ristorante Dr Oetker Royale - 350g","p":2.86,"u":"8,17 €/KG","img":"https://fd9-photos.leclercdrive.fr/image.ashx?id=2993044&use=l&cat=p&typeid=i","cat":284256},{"id":178120,"n":"Verrines de Courgettes  Pesto Chèvre Poivrons x4 - 160g","p":3.5,"u":"21,88 €/KG","img":"https://fd9-photos.leclercdrive.fr/image.ashx?id=2560963&use=l&cat=p&typeid=i","cat":316003},{"id":178144,"n":"Thé glacé MayTea Saveur Pêche - 1,2L","p":1.95,"u":"1,63 €/L","img":"https://fd9-photos.leclercdrive.fr/image.ashx?id=2648661&use=l&cat=p&typeid=i","cat":295019},{"id":178147,"n":"Céréales Trésor Kellogg's Chocolat noisettes - 620g","p":4.39,"u":"7,08 €/KG","img":"https://fd9-photos.leclercdrive.fr/image.ashx?id=2598331&use=l&cat=p&typeid=i","cat":309513},{"id":178163,"n":"Thé glacé MayTea Saveur Menthe - 1,2L","p":1.95,"u":"1,63 €/L","img":"https://fd9-photos.leclercdrive.fr/image.ashx?id=2648664&use=l&cat=p&typeid=i","cat":295019},{"id":178251,"n":"Brocoli Eco+ 400g","p":0.99,"u":"2,48 €/KG","img":"https://fd9-photos.leclercdrive.fr/image.ashx?id=2953398&use=l&cat=p&typeid=i","cat":284352},{"id":178253,"n":"Yaourt aux fruits Eco+ Panaché - 12x125g","p":2.47,"u":"1,65 €/KG","img":"https://fd9-photos.leclercdrive.fr/image.ashx?id=2849635&use=l&cat=p&typeid=i","cat":284410},{"id":178260,"n":"Truite fumée Eco+ 100g","p":2.33,"u":"23,30 €/KG","img":"https://fd9-photos.leclercdrive.fr/image.ashx?id=2973505&use=l&cat=p&typeid=i","cat":285188},{"id":178350,"n":"Légumes pour pot-au-feu Notre Jardin - 1kg","p":2.9,"u":"2,90 €/KG","img":"https://fd9-photos.leclercdrive.fr/image.ashx?id=2900190&use=l&cat=p&typeid=i","cat":319823},{"id":178351,"n":"Poêlée à la Mexicaine Notre Jardin - 1kg","p":3.72,"u":"3,72 €/KG","img":"https://fd9-photos.leclercdrive.fr/image.ashx?id=2771375&use=l&cat=p&typeid=i","cat":319823},{"id":178540,"n":"Kleenex étuis allergy x8","p":2.18,"u":"0,27 €/P","img":"https://fd9-photos.leclercdrive.fr/image.ashx?id=2904419&use=l&cat=p&typeid=i","cat":284638},{"id":178553,"n":"Eau Cologne Eco + Lavande 1L","p":2.53,"u":"2,53 €/L","img":"https://fd9-photos.leclercdrive.fr/image.ashx?id=2690859&use=l&cat=p&typeid=i","cat":291525},{"id":178554,"n":"Eau de Cologne Eco + Fraîcheur 500ml","p":1.97,"u":"3,94 €/L","img":"https://fd9-photos.leclercdrive.fr/image.ashx?id=2690919&use=l&cat=p&typeid=i","cat":291525},{"id":178556,"n":"Rasoir Fusion Proglide Gillette 3 x 4 lames","p":46.06,"u":"3,84 €/P","img":"https://fd9-photos.leclercdrive.fr/image.ashx?id=2331423&use=l&cat=p&typeid=i","cat":284616},{"id":178564,"n":"Farine de riz complet Bio Bio Village - 500g","p":3.21,"u":"6,42 €/KG","img":"https://fd9-photos.leclercdrive.fr/image.ashx?id=2801798&use=l&cat=p&typeid=i","cat":288382},{"id":178566,"n":"Eau de Cologne Eco + Ambre 500ml","p":1.9,"u":"3,80 €/L","img":"https://fd9-photos.leclercdrive.fr/image.ashx?id=2999562&use=l&cat=p&typeid=i","cat":291525},{"id":178567,"n":"Shampoing Douche Eco + Marine 300ml","p":0.9,"u":"3,00 €/L","img":"https://fd9-photos.leclercdrive.fr/image.ashx?id=2779181&use=l&cat=p&typeid=i","cat":284594},{"id":178571,"n":"Désodorisant Eco + Marine 300ml","p":0.68,"u":"2,27 €/L","img":"https://fd9-photos.leclercdrive.fr/image.ashx?id=2607897&use=l&cat=p&typeid=i","cat":311626},{"id":178572,"n":"Patchs Chauffants Primoplast X2","p":4.99,"u":"2,50 €/P","img":"https://fd9-photos.leclercdrive.fr/image.ashx?id=2856600&use=l&cat=p&typeid=i","cat":284630},{"id":178588,"n":"Rasoir Gillette Skinguard  Flexball Aloe Vera","p":16.2,"img":"https://fd9-photos.leclercdrive.fr/image.ashx?id=2542624&use=l&cat=p&typeid=i","cat":284616},{"id":178641,"n":"Culotte Feel Natural Menstruelles noires T36/38 x3","p":12.42,"u":"4,14 €/P","img":"https://fd9-photos.leclercdrive.fr/image.ashx?id=2795231&use=l&cat=p&typeid=i","cat":291524},{"id":178642,"n":"Culotte Feel Natural menstruelles noires T38/40","p":12.5,"u":"4,17 €/P","img":"https://fd9-photos.leclercdrive.fr/image.ashx?id=2795234&use=l&cat=p&typeid=i","cat":291524},{"id":178645,"n":"Culotte Feel Natural Menstruelles noires T40/42","p":12.5,"u":"4,17 €/P","img":"https://fd9-photos.leclercdrive.fr/image.ashx?id=2795237&use=l&cat=p&typeid=i","cat":291524},{"id":178785,"n":"Salade Caesar L'Atelier Traiteur - 300g","p":3.19,"u":"10,63 €/KG","img":"https://fd9-photos.leclercdrive.fr/image.ashx?id=2323255&use=l&cat=p&typeid=i","cat":333657},{"id":178791,"n":"Huile d'olive Terra Delyssa Bio - 75cl","p":10.05,"u":"13,40 €/L","img":"https://fd9-photos.leclercdrive.fr/image.ashx?id=2736847&use=l&cat=p&typeid=i","cat":284453},{"id":178811,"n":"Compote Andros Pomme Poire - 8x100g","p":2.51,"u":"3,14 €/KG","img":"https://fd9-photos.leclercdrive.fr/image.ashx?id=2320654&use=l&cat=p&typeid=i","cat":284416},{"id":178812,"n":"Compote Andros Pomme Abricot - 8x100g","p":2.51,"u":"3,14 €/KG","img":"https://fd9-photos.leclercdrive.fr/image.ashx?id=2320657&use=l&cat=p&typeid=i","cat":284416},{"id":178813,"n":"Compote Andros Pomme Fraise - 8x100g","p":2.51,"u":"3,14 €/KG","img":"https://fd9-photos.leclercdrive.fr/image.ashx?id=2320660&use=l&cat=p&typeid=i","cat":284416},{"id":178844,"n":"Tampon Tampax Compak Avec applicateur - Super - x24","p":3.02,"u":"0,13 €/P","img":"https://fd9-photos.leclercdrive.fr/image.ashx?id=2850246&use=l&cat=p&typeid=i","cat":284626},{"id":178845,"n":"Tampons Tampax Compak  Avec applicateur - Super+ - x22","p":3.01,"u":"0,14 €/P","img":"https://fd9-photos.leclercdrive.fr/image.ashx?id=2850405&use=l&cat=p&typeid=i","cat":284626},{"id":178949,"n":"Gâteau Savane Brossard Max Barr' Pocket x7 - 210g","p":2.32,"u":"11,05 €/KG","img":"https://fd9-photos.leclercdrive.fr/image.ashx?id=2870731&use=l&cat=p&typeid=i","cat":294776},{"id":178951,"n":"Sacs poubelle Handy Bag   Ultra résistant 50L - x10","p":2.86,"u":"0,29 €/P","img":"https://fd9-photos.leclercdrive.fr/image.ashx?id=2918970&use=l&cat=p&typeid=i","cat":285168},{"id":178954,"n":"Mouchoirs Family Kleenex® Boîte x128","p":1.8,"u":"0,01 €/P","img":"https://fd9-photos.leclercdrive.fr/image.ashx?id=3009017&use=l&cat=p&typeid=i","cat":284638},{"id":179025,"n":"Sacs poubelle 30L Handy Bag Ultra résistant - x20","p":2.75,"u":"0,14 €/P","img":"https://fd9-photos.leclercdrive.fr/image.ashx?id=2603800&use=l&cat=p&typeid=i","cat":285168},{"id":179030,"n":"Sacs poubelle 30L Handy Bag Ultra résistant - x15","p":3.18,"u":"0,21 €/P","img":"https://fd9-photos.leclercdrive.fr/image.ashx?id=2633145&use=l&cat=p&typeid=i","cat":285168},{"id":179031,"n":"Gel douche Sanex zéro 0% Peaux normales - 475ml","p":3.17,"u":"6,67 €/L","img":"https://fd9-photos.leclercdrive.fr/image.ashx?id=2648851&use=l&cat=p&typeid=i","cat":284594},{"id":179039,"n":"Film fraîcheur Albal 30m","p":1.69,"img":"https://fd9-photos.leclercdrive.fr/image.ashx?id=2929056&use=l&cat=p&typeid=i","cat":334134},{"id":179056,"n":"Dentifrice Signal Integral 8  Fraîcheur et détox -75ml","p":1.79,"u":"23,87 €/L","img":"https://fd9-photos.leclercdrive.fr/image.ashx?id=2960228&use=l&cat=p&typeid=i","cat":284612},{"id":179058,"n":"Complément alimentaire Zohi Cheveux 30 jours - 180g","p":13.38,"u":"74,33 €/KG","img":"https://fd9-photos.leclercdrive.fr/image.ashx?id=2657541&use=l&cat=p&typeid=i","cat":313217},{"id":179084,"n":"Liqueur Isautier  Banane flambée 17° - 50cl","p":16.0,"u":"32,00 €/L","img":"https://fd9-photos.leclercdrive.fr/image.ashx?id=2322679&use=l&cat=p&typeid=i","cat":286032},{"id":179087,"n":"Liquide Vaisselle Paic Citron - 750ml","p":1.7,"u":"2,27 €/L","img":"https://fd9-photos.leclercdrive.fr/image.ashx?id=2322835&use=l&cat=p&typeid=i","cat":284655},{"id":179088,"n":"Liquide Vaisselle Paic Citron Vert - 750ml","p":1.87,"u":"2,49 €/L","img":"https://fd9-photos.leclercdrive.fr/image.ashx?id=2322838&use=l&cat=p&typeid=i","cat":284655},{"id":179256,"n":"Jus Ocean Spray Classic  Cranberry - 1L","p":2.05,"u":"2,05 €/L","img":"https://fd9-photos.leclercdrive.fr/image.ashx?id=2324021&use=l&cat=p&typeid=i","cat":284915},{"id":179261,"n":"Crème de nuit L'Oréal Paris  Dermo Revitalift - 50ml","p":25.09,"u":"501,80 €/L","img":"https://fd9-photos.leclercdrive.fr/image.ashx?id=2351849&use=l&cat=p&typeid=i","cat":325345},{"id":179263,"n":"Sérum de nuit L'Oréal Paris Age Perfect anti-âge - 30ml","p":11.97,"pp":7.9,"u":"263,33 €/L","img":"https://fd9-photos.leclercdrive.fr/image.ashx?id=2867536&use=l&cat=p&typeid=i","cat":325345},{"id":179264,"n":"Sérum repulpant L'Oréal Paris Revitalift anti-rides - 20ml","p":14.96,"u":"748,00 €/L","img":"https://fd9-photos.leclercdrive.fr/image.ashx?id=2867539&use=l&cat=p&typeid=i","cat":325345},{"id":179278,"n":"Crème Yeux L'Oréal Paris Age Perfect Anti-rides - 15ml","p":14.08,"u":"938,67 €/L","img":"https://fd9-photos.leclercdrive.fr/image.ashx?id=2570451&use=l&cat=p&typeid=i","cat":325345},{"id":179299,"n":"Lait bébé Candia Baby  croissance 3ème âge - 6x1L","p":11.47,"u":"1,91 €/L","img":"https://fd9-photos.leclercdrive.fr/image.ashx?id=2963349&use=l&cat=p&typeid=i","cat":284728},{"id":179326,"n":"Gel douche Sanex Zéro 0% Peaux sèches - 475ml","p":3.17,"u":"6,67 €/L","img":"https://fd9-photos.leclercdrive.fr/image.ashx?id=2692857&use=l&cat=p&typeid=i","cat":284594},{"id":179357,"n":"Eco recharge shampooing bio N.A.E. nutrition - 500ML","p":8.2,"u":"16,40 €/L","img":"https://fd9-photos.leclercdrive.fr/image.ashx?id=2464042&use=l&cat=p&typeid=i","cat":284606},{"id":179374,"n":"Champagne Germain Président Rosé - 75cl","p":28.8,"u":"38,40 €/L","img":"https://fd9-photos.leclercdrive.fr/image.ashx?id=2999255&use=l&cat=p&typeid=i","cat":284542},{"id":179379,"n":"Capsules de café Arabica x40 - 280g","p":4.78,"u":"22,98 €/KG","img":"https://fd9-photos.leclercdrive.fr/image.ashx?id=2873652&use=l&cat=p&typeid=i","cat":284749},{"id":179382,"n":"Crème nutritive SO'BiO étic bio Argan Peaux matures - 50ml","p":14.53,"u":"290,60 €/L","img":"https://fd9-photos.leclercdrive.fr/image.ashx?id=2775628&use=l&cat=p&typeid=i","cat":325345},{"id":179383,"n":"Sérum SO'BiO étic rose éclat Argan Peaux matures bio - 30ml","p":15.5,"u":"516,67 €/L","img":"https://fd9-photos.leclercdrive.fr/image.ashx?id=2493526&use=l&cat=p&typeid=i","cat":325345},{"id":179384,"n":"Pâte à tartiner Eco+ 750g - aux noissettes","p":2.47,"u":"3,29 €/KG","img":"https://fd9-photos.leclercdrive.fr/image.ashx?id=2841148&use=l&cat=p&typeid=i","cat":284481},{"id":179389,"n":"Gel à raser SO'BiO Men précision - 150ml","p":5.25,"u":"35,00 €/L","img":"https://fd9-photos.leclercdrive.fr/image.ashx?id=2325251&use=l&cat=p&typeid=i","cat":284617},{"id":179390,"n":"Huile barbe SO'BiO étic Men nourrissante - 50ml","p":8.02,"u":"160,40 €/L","img":"https://fd9-photos.leclercdrive.fr/image.ashx?id=2694842&use=l&cat=p&typeid=i","cat":284622},{"id":179413,"n":"Piles Alcalines Energizer Max 9V - pack de 2","p":8.97,"u":"Dont 0,04 € d'éco-part.","img":"https://fd9-photos.leclercdrive.fr/image.ashx?id=2850713&use=l&cat=p&typeid=i","cat":300572},{"id":179415,"n":"Pile Alcalines Energizer Max Plus AA/LR6 - x4","p":6.75,"img":"https://fd9-photos.leclercdrive.fr/image.ashx?id=2393365&use=l&cat=p&typeid=i","cat":300572},{"id":179416,"n":"Pile Alcalines Energizer Max Plus AAA/LR03 - x4","p":6.75,"img":"https://fd9-photos.leclercdrive.fr/image.ashx?id=2393368&use=l&cat=p&typeid=i","cat":300572},{"id":179417,"n":"Pile Alcalines Energizer  Max AA/LR6 - x6","p":7.15,"img":"https://fd9-photos.leclercdrive.fr/image.ashx?id=2737198&use=l&cat=p&typeid=i","cat":300572},{"id":179418,"n":"Pile Alcalines Energizer Max AAA/LR03 - x6","p":7.17,"img":"https://fd9-photos.leclercdrive.fr/image.ashx?id=2850722&use=l&cat=p&typeid=i","cat":300572},{"id":179422,"n":"Spray désodorisant Airwick Neutralisateur Coton - 237ml","p":3.99,"u":"16,84 €/L","img":"https://fd9-photos.leclercdrive.fr/image.ashx?id=2792822&use=l&cat=p&typeid=i","cat":311626},{"id":179431,"n":"Brioche Pitch Chocolat x8 - 300g","p":1.81,"u":"6,03 €/KG","img":"https://fd9-photos.leclercdrive.fr/image.ashx?id=2452119&use=l&cat=p&typeid=i","cat":293505},{"id":179432,"n":"Brioches Pitch Fraise x8 - 300g","p":1.97,"u":"6,57 €/KG","img":"https://fd9-photos.leclercdrive.fr/image.ashx?id=2452116&use=l&cat=p&typeid=i","cat":293505},{"id":179433,"n":"Brioche Pitch Chocolat au lait x8 - 300g","p":2.15,"u":"7,17 €/KG","img":"https://fd9-photos.leclercdrive.fr/image.ashx?id=2452113&use=l&cat=p&typeid=i","cat":293505},{"id":179437,"n":"Brioches Pitch Pépites chocolat x8 - 300g","p":2.15,"u":"7,17 €/KG","img":"https://fd9-photos.leclercdrive.fr/image.ashx?id=2452107&use=l&cat=p&typeid=i","cat":293505},{"id":179438,"n":"Brioche Pitch Pépites de chocolat x12 - 450g","p":3.18,"u":"7,07 €/KG","img":"https://fd9-photos.leclercdrive.fr/image.ashx?id=2452104&use=l&cat=p&typeid=i","cat":293505},{"id":179440,"n":"Brioches Pitch  Choco barre lait x8 - 300g","p":2.29,"u":"7,63 €/KG","img":"https://fd9-photos.leclercdrive.fr/image.ashx?id=2454115&use=l&cat=p&typeid=i","cat":293505},{"id":179487,"n":"Gel douche Sanex Zéro 0% Peaux sèches - 2x475ml","p":6.3,"u":"6,63 €/L","img":"https://fd9-photos.leclercdrive.fr/image.ashx?id=2676921&use=l&cat=p&typeid=i","cat":284594},{"id":179488,"n":"Gel douche Sanex Zéro 0% Peaux normales - 2x475ml","p":6.3,"u":"6,63 €/L","img":"https://fd9-photos.leclercdrive.fr/image.ashx?id=2676924&use=l&cat=p&typeid=i","cat":284594},{"id":179530,"n":"Vin pétillant Very Zest Blanc citron vert - 6x25cl","p":6.5,"u":"4,33 €/L","img":"https://fd9-photos.leclercdrive.fr/image.ashx?id=2326799&use=l&cat=p&typeid=i","cat":304569},{"id":179533,"n":"Soda Fanta citron  bouteille - 1.25L","p":1.59,"u":"1,27 €/L","img":"https://fd9-photos.leclercdrive.fr/image.ashx?id=2659394&use=l&cat=p&typeid=i","cat":284532},{"id":179645,"n":"Limonade double zest Lorina Bouteille - 1,25L","p":1.28,"u":"1,02 €/L","img":"https://fd9-photos.leclercdrive.fr/image.ashx?id=2723836&use=l&cat=p&typeid=i","cat":284531},{"id":179658,"n":"Capsules Café Carte Noire  Arabica Classique n°7 x10 - 55g","p":3.46,"u":"62,91 €/KG","img":"https://fd9-photos.leclercdrive.fr/image.ashx?id=2878387&use=l&cat=p&typeid=i","cat":284749},{"id":179669,"n":"Liquide vaisselle Paic Citron - 1,5L","p":2.81,"u":"1,87 €/L","img":"https://fd9-photos.leclercdrive.fr/image.ashx?id=2328673&use=l&cat=p&typeid=i","cat":284655},{"id":179673,"n":"Blocs WC Ball Syphon Tropical - x2","p":2.32,"u":"1,16 €/P","img":"https://fd9-photos.leclercdrive.fr/image.ashx?id=2925723&use=l&cat=p&typeid=i","cat":284662},{"id":179759,"n":"Croque Bistrot Fromage Côté Table - 2x150g","p":2.99,"u":"9,97 €/KG","img":"https://fd9-photos.leclercdrive.fr/image.ashx?id=2819950&use=l&cat=p&typeid=i","cat":333671},{"id":179789,"n":"Plaisir Caramel et Beurre salé Recette Lenôtre - 410g","p":7.51,"u":"18,32 €/KG","img":"https://fd9-photos.leclercdrive.fr/image.ashx?id=2807753&use=l&cat=p&typeid=i","cat":284267},{"id":179860,"n":"Glaces Kinder Bueno noisettes chocolat lait x4 248g","p":3.69,"u":"14,88 €/KG","img":"https://fd9-photos.leclercdrive.fr/image.ashx?id=2759068&use=l&cat=p&typeid=i","cat":284264},{"id":179881,"n":"Crème glacée Ben & Jerry's Cookie Vermont-Ster - 324g","p":4.46,"u":"13,77 €/KG","img":"https://fd9-photos.leclercdrive.fr/image.ashx?id=2793044&use=l&cat=p&typeid=i","cat":284725},{"id":179934,"n":"Chips bio Jardin Bio Nature - 125g","p":2.6,"u":"20,80 €/KG","img":"https://fd9-photos.leclercdrive.fr/image.ashx?id=2792642&use=l&cat=p&typeid=i","cat":284447},{"id":179939,"n":"Bâtonnets Trium vanille choco blanc fruits rouges x4 - 274g","p":2.69,"u":"9,82 €/KG","img":"https://fd9-photos.leclercdrive.fr/image.ashx?id=2758312&use=l&cat=p&typeid=i","cat":284265},{"id":179940,"n":"Crousti apéro bio Jardin Bio Cacahuètes - 85g","p":1.45,"u":"17,06 €/KG","img":"https://fd9-photos.leclercdrive.fr/image.ashx?id=2329239&use=l&cat=p&typeid=i","cat":284449},{"id":179946,"n":"Croques bistrot Coté table  jambon emmental - 2x150g","p":2.99,"u":"9,97 €/KG","img":"https://fd9-photos.leclercdrive.fr/image.ashx?id=2819953&use=l&cat=p&typeid=i","cat":333671},{"id":179956,"n":"Crousti apéro bio Jardin Bio Tomates - 85g","p":1.9,"u":"22,35 €/KG","img":"https://fd9-photos.leclercdrive.fr/image.ashx?id=2329301&use=l&cat=p&typeid=i","cat":284449},{"id":179961,"n":"Haricots verts Jardin Bio Etic Bio - sans sel ajouté - 185g","p":2.72,"u":"14,70 €/KG","img":"https://fd9-photos.leclercdrive.fr/image.ashx?id=2835421&use=l&cat=p&typeid=i","cat":312606},{"id":179967,"n":"Beurre de cacahuete Jardin Bio Bio - Creamy - 500g","p":5.93,"u":"11,86 €/KG","img":"https://fd9-photos.leclercdrive.fr/image.ashx?id=2926503&use=l&cat=p&typeid=i","cat":284481},{"id":179973,"n":"Rosso  14,4% - 1L","p":3.47,"u":"3,47 €/L","img":"https://fd9-photos.leclercdrive.fr/image.ashx?id=2800228&use=l&cat=p&typeid=i","cat":284913},{"id":179974,"n":"Bianco 14,4% - 1L","p":3.5,"u":"3,50 €/L","img":"https://fd9-photos.leclercdrive.fr/image.ashx?id=2800231&use=l&cat=p&typeid=i","cat":284913},{"id":179977,"n":"Sucre glace Saint Louis - 500g","p":1.38,"u":"2,76 €/KG","img":"https://fd9-photos.leclercdrive.fr/image.ashx?id=2558963&use=l&cat=p&typeid=i","cat":284502},{"id":179979,"n":"AOC Crémant d'Alsace brut 75cl","p":5.35,"u":"7,13 €/L","img":"https://fd9-photos.leclercdrive.fr/image.ashx?id=2888932&use=l&cat=p&typeid=i","cat":284545},{"id":180012,"n":"Vin rouge sans alcool - 75cl","p":2.99,"u":"3,99 €/L","img":"https://fd9-photos.leclercdrive.fr/image.ashx?id=2825224&use=l&cat=p&typeid=i","cat":289556},{"id":180020,"n":"Vin Nos Régions Ont du Talent 75cl","p":12.99,"u":"17,32 €/L","img":"https://fd9-photos.leclercdrive.fr/image.ashx?id=2791120&use=l&cat=p&typeid=i","cat":289556},{"id":180024,"n":"Tablette de chocolat noir Lindt Noisette caramel - 100g","p":2.31,"u":"23,10 €/KG","img":"https://fd9-photos.leclercdrive.fr/image.ashx?id=2881296&use=l&cat=p&typeid=i","cat":284956},{"id":180029,"n":"Sucre gélifiant Daddy  spécial gelée - 1kg","p":2.95,"u":"2,95 €/KG","img":"https://fd9-photos.leclercdrive.fr/image.ashx?id=2975861&use=l&cat=p&typeid=i","cat":284502},{"id":180030,"n":"Sauce Crudités Bénédicta Nature - 735g","p":3.5,"u":"4,76 €/KG","img":"https://fd9-photos.leclercdrive.fr/image.ashx?id=2549777&use=l&cat=p&typeid=i","cat":284456},{"id":180041,"n":"Chips Tuiles Pringles Paprika - 175g","p":1.76,"u":"10,06 €/KG","img":"https://fd9-photos.leclercdrive.fr/image.ashx?id=2902301&use=l&cat=p&typeid=i","cat":287899},{"id":180061,"n":"Thé vert bio Bio village  36g","p":1.33,"u":"36,94 €/KG","img":"https://fd9-photos.leclercdrive.fr/image.ashx?id=2897910&use=l&cat=p&typeid=i","cat":293233},{"id":180065,"n":"Rillettes de thon Petit Navire 125g","p":2.01,"u":"16,08 €/KG","img":"https://fd9-photos.leclercdrive.fr/image.ashx?id=2533388&use=l&cat=p&typeid=i","cat":303867},{"id":180066,"n":"Cidre brut Eco+ 4% - 75cl","p":1.59,"u":"2,12 €/L","img":"https://fd9-photos.leclercdrive.fr/image.ashx?id=2903920&use=l&cat=p&typeid=i","cat":334880},{"id":180069,"n":"Rillettes au saumon  Petit Navire - 125g","p":1.83,"u":"14,64 €/KG","img":"https://fd9-photos.leclercdrive.fr/image.ashx?id=2533391&use=l&cat=p&typeid=i","cat":305147},{"id":180071,"n":"Cidre doux Eco+ 2% - 75cl","p":1.59,"u":"2,12 €/L","img":"https://fd9-photos.leclercdrive.fr/image.ashx?id=2903926&use=l&cat=p&typeid=i","cat":334880},{"id":180079,"n":"Biscuits chocolats Kinder Duo Chocolat blanc et lait - 150g","p":2.06,"u":"13,73 €/KG","img":"https://fd9-photos.leclercdrive.fr/image.ashx?id=2959127&use=l&cat=p&typeid=i","cat":284488},{"id":180081,"n":"Moulin 3 poivres Sainte Lucie - 44g","p":2.75,"u":"62,50 €/KG","img":"https://fd9-photos.leclercdrive.fr/image.ashx?id=2774457&use=l&cat=p&typeid=i","cat":284457},{"id":180084,"n":"Basilic Sainte Lucie Saveur du potager - 4g","p":2.4,"u":"600,00 €/KG","img":"https://fd9-photos.leclercdrive.fr/image.ashx?id=2774466&use=l&cat=p&typeid=i","cat":298297},{"id":180088,"n":"Cerfeuil Sainte Lucie feuilles de France - 8g","p":1.53,"u":"191,25 €/KG","img":"https://fd9-photos.leclercdrive.fr/image.ashx?id=2973586&use=l&cat=p&typeid=i","cat":298297},{"id":180090,"n":"Baies de Genièvre Sainte Lucie - 30g","p":1.85,"u":"61,67 €/KG","img":"https://fd9-photos.leclercdrive.fr/image.ashx?id=2776130&use=l&cat=p&typeid=i","cat":298297},{"id":180119,"n":"Crabe Royal et des neiges de l'Antarctique Chatka - 180g","p":18.9,"u":"105,00 €/KG","img":"https://fd9-photos.leclercdrive.fr/image.ashx?id=2330086&use=l&cat=p&typeid=i","cat":305147},{"id":180122,"n":"Rhum Old Nick  Ambre des Iles - 40D - 70cl","p":12.99,"u":"18,56 €/L","img":"https://fd9-photos.leclercdrive.fr/image.ashx?id=2585447&use=l&cat=p&typeid=i","cat":284550},{"id":180128,"n":"Infusion à froid Tisea  Fruits rouges - 33g","p":1.89,"u":"57,27 €/KG","img":"https://fd9-photos.leclercdrive.fr/image.ashx?id=2897838&use=l&cat=p&typeid=i","cat":293234},{"id":180155,"n":"Chewing-gum Freedent White Fraise 5x10 dragées - 70g","p":2.89,"u":"41,29 €/KG","img":"https://fd9-photos.leclercdrive.fr/image.ashx?id=2330359&use=l&cat=p&typeid=i","cat":304251},{"id":180187,"n":"Sauce Pesto Tomates Basilic Panzani - 200G","p":1.79,"u":"8,95 €/KG","img":"https://fd9-photos.leclercdrive.fr/image.ashx?id=2977930&use=l&cat=p&typeid=i","cat":287599},{"id":180193,"n":"Soupe déshydratée Knorr Cèpes  champignons  - 75cl","p":1.99,"u":"21,87 €/KG","img":"https://fd9-photos.leclercdrive.fr/image.ashx?id=2790318&use=l&cat=p&typeid=i","cat":284463},{"id":180206,"n":"Haricots verts et beurre bio Extra fins Jardin Bio-400g","p":3.87,"u":"9,68 €/KG","img":"https://fd9-photos.leclercdrive.fr/image.ashx?id=2534848&use=l&cat=p&typeid=i","cat":312606},{"id":180208,"n":"Quinoa bio Happy Bio - 500g","p":4.62,"u":"9,24 €/KG","img":"https://fd9-photos.leclercdrive.fr/image.ashx?id=2685018&use=l&cat=p&typeid=i","cat":284429},{"id":180228,"n":"Boisson à base d'alcool Grants summer 35° - 70cl","p":13.88,"u":"19,83 €/L","img":"https://fd9-photos.leclercdrive.fr/image.ashx?id=2834722&use=l&cat=p&typeid=i","cat":284551},{"id":180229,"n":"Miettes de crabe Eco+ - 121g","p":1.63,"u":"13,47 €/KG","img":"https://fd9-photos.leclercdrive.fr/image.ashx?id=2671792&use=l&cat=p&typeid=i","cat":305147},{"id":180233,"n":"Crème de marrons vanille  Douceur du Verger - 500g","p":2.12,"u":"4,24 €/KG","img":"https://fd9-photos.leclercdrive.fr/image.ashx?id=2691471&use=l&cat=p&typeid=i","cat":284506},{"id":180240,"n":"Sucre roux de canne  Blonvilliers - 750g","p":2.84,"u":"3,79 €/KG","img":"https://fd9-photos.leclercdrive.fr/image.ashx?id=2460092&use=l&cat=p&typeid=i","cat":284502},{"id":180241,"n":"Sucre glace Saint Louis - 1kg","p":3.03,"u":"3,03 €/KG","img":"https://fd9-photos.leclercdrive.fr/image.ashx?id=2939382&use=l&cat=p&typeid=i","cat":284502},{"id":180247,"n":"Double concentré de tomates  Eco+ - 440g","p":1.31,"u":"2,98 €/KG","img":"https://fd9-photos.leclercdrive.fr/image.ashx?id=2669648&use=l&cat=p&typeid=i","cat":288384},{"id":180291,"n":"Complément alimentaire Juvamine Lutéine myrtille pour yeux -x40","p":4.99,"u":"0,12 €/P","img":"https://fd9-photos.leclercdrive.fr/image.ashx?id=2455918&use=l&cat=p&typeid=i","cat":284632},{"id":180301,"n":"Complément alimentaire Juvamine Thé vert Guarana - x30","p":3.19,"u":"0,11 €/P","img":"https://fd9-photos.leclercdrive.fr/image.ashx?id=2578079&use=l&cat=p&typeid=i","cat":284632},{"id":180302,"n":"Biscuits Palmier St Michel  au beurre - 87g","p":1.2,"u":"13,79 €/KG","img":"https://fd9-photos.leclercdrive.fr/image.ashx?id=2555379&use=l&cat=p&typeid=i","cat":284487},{"id":180305,"n":"Pâté de foie Eco+ x3 - 234g","p":1.33,"u":"5,68 €/KG","img":"https://fd9-photos.leclercdrive.fr/image.ashx?id=2852940&use=l&cat=p&typeid=i","cat":305149},{"id":180307,"n":"Patée pour chat Eco+ boeuf et à la carotte - 410g","p":0.96,"u":"2,34 €/KG","img":"https://fd9-photos.leclercdrive.fr/image.ashx?id=2879931&use=l&cat=p&typeid=i","cat":285601},{"id":180308,"n":"Spray Freeze Raid Essentials Anti Fourmis et Cafards - 350ml","p":4.61,"u":"13,17 €/L","img":"https://fd9-photos.leclercdrive.fr/image.ashx?id=2331020&use=l&cat=p&typeid=i","cat":298368},{"id":180311,"n":"Double concentré de tomates  Eco+ - 200g","p":1.22,"u":"6,10 €/KG","img":"https://fd9-photos.leclercdrive.fr/image.ashx?id=2794820&use=l&cat=p&typeid=i","cat":288384},{"id":180313,"n":"Bouchées pour chat Eco+ Truite saumon et légumes - 410g","p":0.65,"u":"1,59 €/KG","img":"https://fd9-photos.leclercdrive.fr/image.ashx?id=2330897&use=l&cat=p&typeid=i","cat":285601},{"id":180317,"n":"Pistaches non salées Tokapi 125g","p":2.33,"u":"18,64 €/KG","img":"https://fd9-photos.leclercdrive.fr/image.ashx?id=2793302&use=l&cat=p&typeid=i","cat":284448},{"id":180321,"n":"Palmiers feuilletés Tokapi olive - 75g","p":1.84,"u":"24,53 €/KG","img":"https://fd9-photos.leclercdrive.fr/image.ashx?id=2331243&use=l&cat=p&typeid=i","cat":297000},{"id":180325,"n":"Palmiers feuilletés Tokapi  tomate épicée - 75g","p":1.85,"u":"24,67 €/KG","img":"https://fd9-photos.leclercdrive.fr/image.ashx?id=2330963&use=l&cat=p&typeid=i","cat":297000},{"id":180327,"n":"Pâtée pour chats Eco+ poisson et à la carotte - 410g","p":0.7,"u":"1,71 €/KG","img":"https://fd9-photos.leclercdrive.fr/image.ashx?id=2794175&use=l&cat=p&typeid=i","cat":285601},{"id":180333,"n":"Grignot' cacahuètes Tokapi - 140g","p":0.99,"u":"7,07 €/KG","img":"https://fd9-photos.leclercdrive.fr/image.ashx?id=2331066&use=l&cat=p&typeid=i","cat":284449},{"id":180336,"n":"Répulsif Corporel Spray Autan Anti Tiques - 100 ml","p":8.03,"u":"80,30 €/L","img":"https://fd9-photos.leclercdrive.fr/image.ashx?id=2791587&use=l&cat=p&typeid=i","cat":298368},{"id":180340,"n":"Lait bébé 1A GUIGOZ OPTIPRO  0-6 mois - 2x600g","p":20.66,"u":"17,22 €/KG","img":"https://fd9-photos.leclercdrive.fr/image.ashx?id=2846147&use=l&cat=p&typeid=i","cat":284726},{"id":180342,"n":"Muesli avoine amande chocolat  bio Terres et Céréales - 500g","p":4.26,"u":"8,52 €/KG","img":"https://fd9-photos.leclercdrive.fr/image.ashx?id=2471877&use=l&cat=p&typeid=i","cat":309512},{"id":180344,"n":"Fromage enfant Mini Babybel 6 portions goûter - 132g","p":2.25,"u":"17,05 €/KG","img":"https://fd9-photos.leclercdrive.fr/image.ashx?id=2970822&use=l&cat=p&typeid=i","cat":314030},{"id":180345,"n":"Fromage enfant Mini Babybel 12 portions goûter - 264g","p":4.32,"u":"16,36 €/KG","img":"https://fd9-photos.leclercdrive.fr/image.ashx?id=2970825&use=l&cat=p&typeid=i","cat":314030},{"id":180347,"n":"Chips Pom'lisse nature sans sel - 125g","p":1.19,"u":"9,52 €/KG","img":"https://fd9-photos.leclercdrive.fr/image.ashx?id=2919661&use=l&cat=p&typeid=i","cat":284447},{"id":180348,"n":"Rondelles de cornichons Rustica aigres doux - 185g","p":1.6,"u":"8,65 €/KG","img":"https://fd9-photos.leclercdrive.fr/image.ashx?id=2916725&use=l&cat=p&typeid=i","cat":284458},{"id":180350,"n":"Vinaigre d'alcool Bio Village  blanc 8% Bio - 1L","p":1.05,"u":"1,05 €/L","img":"https://fd9-photos.leclercdrive.fr/image.ashx?id=2869528&use=l&cat=p&typeid=i","cat":325365},{"id":180366,"n":"Pâte à tartiner NRT Noisettes - 400g","p":4.67,"u":"11,68 €/KG","img":"https://fd9-photos.leclercdrive.fr/image.ashx?id=2791123&use=l&cat=p&typeid=i","cat":284481},{"id":180367,"n":"Chocolat au lait Tablette d'or éclats de caramel - 3x100g","p":3.68,"u":"12,27 €/KG","img":"https://fd9-photos.leclercdrive.fr/image.ashx?id=2741634&use=l&cat=p&typeid=i","cat":284497},{"id":180370,"n":"Tablette de chocolat Lindt Orange sanguine de Sicile 100g","p":2.73,"u":"27,30 €/KG","img":"https://fd9-photos.leclercdrive.fr/image.ashx?id=2689508&use=l&cat=p&typeid=i","cat":284956},{"id":180376,"n":"Chocolat au lait Bio Village Patissier Bio - 200g","p":3.71,"u":"18,55 €/KG","img":"https://fd9-photos.leclercdrive.fr/image.ashx?id=2776517&use=l&cat=p&typeid=i","cat":285562},{"id":180377,"n":"Chocolat noir Bio Village  Citron gingembre Bio - 100g","p":2.2,"u":"22,00 €/KG","img":"https://fd9-photos.leclercdrive.fr/image.ashx?id=2331237&use=l&cat=p&typeid=i","cat":284956},{"id":180378,"n":"Chocolat au lait Bio Village  Noisettes Bio - 200g","p":3.55,"u":"17,75 €/KG","img":"https://fd9-photos.leclercdrive.fr/image.ashx?id=2649677&use=l&cat=p&typeid=i","cat":284497},{"id":180405,"n":"Thon au Naturel Petit Navire 2x112g","p":4.1,"u":"18,30 €/KG","img":"https://fd9-photos.leclercdrive.fr/image.ashx?id=2944618&use=l&cat=p&typeid=i","cat":303867},{"id":180421,"n":"Bûchettes de sucre Saint Louis 4g x 125 - coffret de 500g","p":2.83,"u":"5,66 €/KG","img":"https://fd9-photos.leclercdrive.fr/image.ashx?id=2331387&use=l&cat=p&typeid=i","cat":284502},{"id":180453,"n":"Thé glacé Fuze Tea  Pêche Intense - 6x33cl","p":3.78,"u":"1,91 €/L","img":"https://fd9-photos.leclercdrive.fr/image.ashx?id=2940405&use=l&cat=p&typeid=i","cat":295019},{"id":180498,"n":"Chips ancienne nature Lay's Sel - 155g","p":1.28,"u":"8,26 €/KG","img":"https://fd9-photos.leclercdrive.fr/image.ashx?id=2996596&use=l&cat=p&typeid=i","cat":284447},{"id":180518,"n":"Bière aromatisée Corona Sunset 5,9% -12x33cl","p":18.5,"u":"4,67 €/L","img":"https://fd9-photos.leclercdrive.fr/image.ashx?id=2511462&use=l&cat=p&typeid=i","cat":334878},{"id":180543,"n":"Blocs WC Ball Activ'Effect Floral - x1","p":2.36,"img":"https://fd9-photos.leclercdrive.fr/image.ashx?id=2683574&use=l&cat=p&typeid=i","cat":284662},{"id":180550,"n":"Serviettes hygiéniques Nana Ultra - Spécial Nuit - x10","p":2.01,"u":"0,20 €/P","img":"https://fd9-photos.leclercdrive.fr/image.ashx?id=2944990&use=l&cat=p&typeid=i","cat":284624},{"id":180556,"n":"Sirop de Citron Bio Village Bio - 50cl","p":2.29,"u":"4,58 €/L","img":"https://fd9-photos.leclercdrive.fr/image.ashx?id=2873192&use=l&cat=p&typeid=i","cat":295020},{"id":180587,"n":"Arbalète","p":26.89,"u":"0,06 €/GR","img":"https://fd9-photos.leclercdrive.fr/image.ashx?id=2333468&use=l&cat=p&typeid=i","cat":334381},{"id":180590,"n":"Tampons Tampax Compak Régulier Avec applicateur x36","p":5.1,"u":"0,14 €/P","img":"https://fd9-photos.leclercdrive.fr/image.ashx?id=2866112&use=l&cat=p&typeid=i","cat":284626},{"id":180797,"n":"Mouchoirs UltraSoft Kleenex® Boîte x64","p":1.62,"img":"https://fd9-photos.leclercdrive.fr/image.ashx?id=2853350&use=l&cat=p&typeid=i","cat":284638},{"id":180803,"n":"Lait Corps Le Petit Marseillais  Bio amande douce - 250ml","p":5.89,"u":"23,56 €/L","img":"https://fd9-photos.leclercdrive.fr/image.ashx?id=2339751&use=l&cat=p&typeid=i","cat":null},{"id":180872,"n":"Miettes de thon huile d'olive 2x160g","p":5.94,"u":"18,56 €/KG","img":"https://fd9-photos.leclercdrive.fr/image.ashx?id=2340509&use=l&cat=p&typeid=i","cat":303867},{"id":180909,"n":"4 surligneurs + 1 duo Maped","p":4.45,"img":"https://fd9-photos.leclercdrive.fr/image.ashx?id=2386566&use=l&cat=p&typeid=i","cat":284696},{"id":181409,"n":"Cahier 21x29,7cm 96p GC PP Esq Polypropylène-Grands carr-rouge","p":0.75,"img":"https://fd9-photos.leclercdrive.fr/image.ashx?id=2544735&use=l&cat=p&typeid=i","cat":284697},{"id":181410,"n":"Cahier 21x29,7cm 96p GC PP Esq Polypropylène-Grands carr-vert","p":0.75,"img":"https://fd9-photos.leclercdrive.fr/image.ashx?id=2544738&use=l&cat=p&typeid=i","cat":284697},{"id":181411,"n":"Cahier 21x29,7cm 96p GC PP Esq Polypropylène-Grands carr-jaune","p":0.75,"img":"https://fd9-photos.leclercdrive.fr/image.ashx?id=2544741&use=l&cat=p&typeid=i","cat":284697},{"id":181425,"n":"Cahier de textes Esquisse Hero - 148 pages - 17x22cm","p":1.69,"img":"https://fd9-photos.leclercdrive.fr/image.ashx?id=2553965&use=l&cat=p&typeid=i","cat":334133},{"id":181437,"n":"Protège-documents Esquisse Gris - 160 vues","p":3.99,"img":"https://fd9-photos.leclercdrive.fr/image.ashx?id=2943313&use=l&cat=p&typeid=i","cat":284745},{"id":181438,"n":"Protège-documents Esquisse Rouge - 160 vues","p":3.99,"img":"https://fd9-photos.leclercdrive.fr/image.ashx?id=2943316&use=l&cat=p&typeid=i","cat":284745},{"id":181681,"n":"Roller Frixion clicker fin  Pilot + 3 Recharges","p":6.5,"img":"https://fd9-photos.leclercdrive.fr/image.ashx?id=2578025&use=l&cat=p&typeid=i","cat":284696},{"id":181682,"n":"Roller Frixion clicker fin  Pilot + 3 Recharges","p":6.5,"img":"https://fd9-photos.leclercdrive.fr/image.ashx?id=2578028&use=l&cat=p&typeid=i","cat":284696},{"id":181683,"n":"Roller Frixion ball fin  Pilot + 3 Recharges","p":6.4,"img":"https://fd9-photos.leclercdrive.fr/image.ashx?id=2578031&use=l&cat=p&typeid=i","cat":284696},{"id":181684,"n":"Roller Frixion ball fin Pilot + 3 Recharges","p":6.25,"img":"https://fd9-photos.leclercdrive.fr/image.ashx?id=2578034&use=l&cat=p&typeid=i","cat":284696},{"id":181752,"n":"Complément alimentaire Draineur Queues de Cerise - Gelules 17g","p":5.35,"u":"314,71 €/KG","img":"https://fd9-photos.leclercdrive.fr/image.ashx?id=2342343&use=l&cat=p&typeid=i","cat":284632},{"id":181755,"n":"Complément alimentaire  Confort Urinaire  Pépins courge","p":5.39,"u":"141,84 €/KG","img":"https://fd9-photos.leclercdrive.fr/image.ashx?id=2341489&use=l&cat=p&typeid=i","cat":313217},{"id":181756,"n":"Complément alimentaire  Jambes Légères - Vigne Cassis","p":5.5,"u":"0,18 €/P","img":"https://fd9-photos.leclercdrive.fr/image.ashx?id=2341501&use=l&cat=p&typeid=i","cat":284632},{"id":181761,"n":"Shampoing Le Petit Marseillais  Bio pomme & aloe vera - 250ml","p":4.17,"u":"17,38 €/L","img":"https://fd9-photos.leclercdrive.fr/image.ashx?id=2684194&use=l&cat=p&typeid=i","cat":284606},{"id":181865,"n":"easybook pastel 96p  vert 17x22 seyes","p":1.95,"img":"https://fd9-photos.leclercdrive.fr/image.ashx?id=2368945&use=l&cat=p&typeid=i","cat":284697},{"id":181962,"n":"Lave glace été Eco+ 5 L","p":1.97,"u":"0,39 €/L","img":"https://fd9-photos.leclercdrive.fr/image.ashx?id=2499519&use=l&cat=p&typeid=i","cat":298252},{"id":182034,"n":"Culotte menstruelle Love&Green Taille XXS","p":29.95,"img":"https://fd9-photos.leclercdrive.fr/image.ashx?id=2342099&use=l&cat=p&typeid=i","cat":291524},{"id":182039,"n":"Culotte menstruelle Love&Green Taille XS flux normal","p":29.95,"img":"https://fd9-photos.leclercdrive.fr/image.ashx?id=2342102&use=l&cat=p&typeid=i","cat":291524},{"id":182047,"n":"Jambon de Bayonne Saint Azay 6 tranches - 150g","p":3.72,"u":"24,80 €/KG","img":"https://fd9-photos.leclercdrive.fr/image.ashx?id=2342190&use=l&cat=p&typeid=i","cat":316007},{"id":182071,"n":"Croquettes chien Ultima Mini Adulte poulet - 1.35kg","p":5.24,"u":"3,88 €/KG","img":"https://fd9-photos.leclercdrive.fr/image.ashx?id=2926645&use=l&cat=p&typeid=i","cat":294526},{"id":182157,"n":"Dentifrice enfants Bionaia Bio - 50ml","p":1.15,"u":"23,00 €/L","img":"https://fd9-photos.leclercdrive.fr/image.ashx?id=2498837&use=l&cat=p&typeid=i","cat":288898},{"id":182158,"n":"Galettes Normandes NRT Caramel - 100g","p":1.69,"u":"16,90 €/KG","img":"https://fd9-photos.leclercdrive.fr/image.ashx?id=2704915&use=l&cat=p&typeid=i","cat":284487},{"id":182159,"n":"Recharge gel lavant Bionaia Bio - abricot - 250ml","p":0.9,"u":"3,60 €/L","img":"https://fd9-photos.leclercdrive.fr/image.ashx?id=2935543&use=l&cat=p&typeid=i","cat":284597},{"id":182161,"n":"Culotte menstruelle Love&Green Flux normal - Taille S","p":29.95,"img":"https://fd9-photos.leclercdrive.fr/image.ashx?id=2343342&use=l&cat=p&typeid=i","cat":291524},{"id":182164,"n":"Shorty menstruel Love&Green Taille XXL flux abondant","p":28.5,"img":"https://fd9-photos.leclercdrive.fr/image.ashx?id=2343360&use=l&cat=p&typeid=i","cat":291524},{"id":182166,"n":"Culotte menstruelle lavage  Love&Green Taille M flux normal","p":29.95,"img":"https://fd9-photos.leclercdrive.fr/image.ashx?id=2343345&use=l&cat=p&typeid=i","cat":291524},{"id":182167,"n":"Culotte menstruelle Love&Green Flux normal - Taille L","p":29.95,"img":"https://fd9-photos.leclercdrive.fr/image.ashx?id=2343348&use=l&cat=p&typeid=i","cat":291524},{"id":182169,"n":"Shorty menstruel Love&Green  lavable Taille XL","p":29.95,"img":"https://fd9-photos.leclercdrive.fr/image.ashx?id=2343357&use=l&cat=p&typeid=i","cat":291524},{"id":182176,"n":"Shorty menstruel Love&Green Lavable  taille L flux abondant","p":28.3,"img":"https://fd9-photos.leclercdrive.fr/image.ashx?id=2343354&use=l&cat=p&typeid=i","cat":291524},{"id":182177,"n":"Culotte menstruelle taille XL Love&Green flux normal","p":29.95,"img":"https://fd9-photos.leclercdrive.fr/image.ashx?id=2343351&use=l&cat=p&typeid=i","cat":291524},{"id":182181,"n":"Sirop de Menthe Bio Village Bio - 50cl","p":2.45,"u":"4,90 €/L","img":"https://fd9-photos.leclercdrive.fr/image.ashx?id=2873189&use=l&cat=p&typeid=i","cat":295020},{"id":182192,"n":"Shorty Love&Green","p":29.95,"img":"https://fd9-photos.leclercdrive.fr/image.ashx?id=2343678&use=l&cat=p&typeid=i","cat":291524},{"id":182193,"n":"Shorty Love&Green  Taile M flux abondant","p":23.66,"img":"https://fd9-photos.leclercdrive.fr/image.ashx?id=2343684&use=l&cat=p&typeid=i","cat":291524},{"id":182196,"n":"Shorty menstruel Love&Green Taille xxs - flux abondant","p":27.31,"img":"https://fd9-photos.leclercdrive.fr/image.ashx?id=2343675&use=l&cat=p&typeid=i","cat":291524},{"id":182218,"n":"Chips paysanne nature Lay's Sel - 155g","p":1.22,"u":"7,87 €/KG","img":"https://fd9-photos.leclercdrive.fr/image.ashx?id=2818602&use=l&cat=p&typeid=i","cat":284447},{"id":182257,"n":"Culotte menstruelle Love&Green Taille xxl flux normal","p":29.95,"img":"https://fd9-photos.leclercdrive.fr/image.ashx?id=2344038&use=l&cat=p&typeid=i","cat":291524},{"id":182259,"n":"Chips ancienne nature Lay's Sel format familial - 295g","p":2.23,"u":"7,56 €/KG","img":"https://fd9-photos.leclercdrive.fr/image.ashx?id=2999243&use=l&cat=p&typeid=i","cat":284447},{"id":182260,"n":"Chips paysanne nature Lay's Sel format familial - 295g","p":2.26,"u":"7,66 €/KG","img":"https://fd9-photos.leclercdrive.fr/image.ashx?id=2848716&use=l&cat=p&typeid=i","cat":284447},{"id":182340,"n":"Lait en poudre Guigoz Optipro 2ème âge - 6-12 mois - 830g","p":15.25,"u":"18,37 €/KG","img":"https://fd9-photos.leclercdrive.fr/image.ashx?id=2737747&use=l&cat=p&typeid=i","cat":284727},{"id":182342,"n":"Lait bébé en poudre Guigoz Gest 2ème âge - 6-12 mois - 830g","p":17.21,"u":"20,73 €/KG","img":"https://fd9-photos.leclercdrive.fr/image.ashx?id=2469478&use=l&cat=p&typeid=i","cat":284727},{"id":182364,"n":"Jambon sec Saint Azay Label Rouge - 6 tranches - 100g","p":3.69,"u":"36,90 €/KG","img":"https://fd9-photos.leclercdrive.fr/image.ashx?id=2345845&use=l&cat=p&typeid=i","cat":316007},{"id":182365,"n":"Jambon de Bayonne Saint Azay 4 tranches - 100g","p":2.48,"u":"24,80 €/KG","img":"https://fd9-photos.leclercdrive.fr/image.ashx?id=2345848&use=l&cat=p&typeid=i","cat":316007},{"id":182371,"n":"Mayonnaise bio Bio Village 238g","p":2.05,"u":"8,61 €/KG","img":"https://fd9-photos.leclercdrive.fr/image.ashx?id=2664872&use=l&cat=p&typeid=i","cat":298295},{"id":182373,"n":"Skyr Siggi's  Mangue Passion - 2x140g","p":2.17,"u":"7,75 €/KG","img":"https://fd9-photos.leclercdrive.fr/image.ashx?id=2792027&use=l&cat=p&typeid=i","cat":315000},{"id":182395,"n":"Soda Coca-Cola original Bouteille en verre- 75cl","p":2.59,"u":"3,45 €/L","img":"https://fd9-photos.leclercdrive.fr/image.ashx?id=3014874&use=l&cat=p&typeid=i","cat":284530},{"id":182465,"n":"Bière sans alcool Tourtel Twist Ananas 0,0° - 6x27,5cl","p":4.73,"u":"2,87 €/L","img":"https://fd9-photos.leclercdrive.fr/image.ashx?id=2684925&use=l&cat=p&typeid=i","cat":334877},{"id":182480,"n":"Lait bébé en poudre Guigoz Gest 1er âge - 0-6 mois - 830g","p":18.43,"u":"22,20 €/KG","img":"https://fd9-photos.leclercdrive.fr/image.ashx?id=2895047&use=l&cat=p&typeid=i","cat":284726},{"id":182490,"n":"Lait bébé Guigoz Pelargon Poudre- 2e âge- 6-12 mois -780g","p":17.34,"u":"22,23 €/KG","img":"https://fd9-photos.leclercdrive.fr/image.ashx?id=2347386&use=l&cat=p&typeid=i","cat":284727},{"id":182507,"n":"Chocolat noir Bio Ethiquable  100% Pérou - 100g","p":3.12,"u":"31,20 €/KG","img":"https://fd9-photos.leclercdrive.fr/image.ashx?id=2870971&use=l&cat=p&typeid=i","cat":284956},{"id":182687,"n":"Ampoule LED B22 Standard Osram 7W = 60 w = 806 lumens x3","p":9.32,"u":"Dont 0,86 € d'éco-part.","img":"https://fd9-photos.leclercdrive.fr/image.ashx?id=2654005&use=l&cat=p&typeid=i","cat":300573},{"id":182785,"n":"Cognac XO Jules Gautret","p":49.8,"u":"99,60 €/L","img":"https://fd9-photos.leclercdrive.fr/image.ashx?id=2348857&use=l&cat=p&typeid=i","cat":284547},{"id":182790,"n":"Bière blonde Leffe sans alcool 0,0% - 12x25cl","p":9.21,"u":"3,07 €/L","img":"https://fd9-photos.leclercdrive.fr/image.ashx?id=2548306&use=l&cat=p&typeid=i","cat":334877},{"id":182791,"n":"Croquettes chiens adultes Poulet - 7kg","p":24.5,"u":"3,50 €/KG","img":"https://fd9-photos.leclercdrive.fr/image.ashx?id=2894968&use=l&cat=p&typeid=i","cat":294526},{"id":182792,"n":"Croquettes Ultima Junior Petit chien - 1.35kg","p":5.14,"u":"3,81 €/KG","img":"https://fd9-photos.leclercdrive.fr/image.ashx?id=2928903&use=l&cat=p&typeid=i","cat":294526},{"id":182808,"n":"Croquettes chiens Ultima Mini Senior Agevital - 1.35kg","p":5.49,"u":"4,07 €/KG","img":"https://fd9-photos.leclercdrive.fr/image.ashx?id=2921918&use=l&cat=p&typeid=i","cat":294526},{"id":182840,"n":"Coffret Johnnie Walker  12ans 40% 70cl","p":27.8,"u":"39,71 €/L","img":"https://fd9-photos.leclercdrive.fr/image.ashx?id=2349248&use=l&cat=p&typeid=i","cat":284547},{"id":182855,"n":"Saucisse de Strasbourg  Tradilège x10 - 350g","p":1.89,"u":"5,40 €/KG","img":"https://fd9-photos.leclercdrive.fr/image.ashx?id=2349382&use=l&cat=p&typeid=i","cat":316012},{"id":182859,"n":"Muesli protéines chocolat bio  Terres et Céréales -500g","p":4.72,"u":"9,44 €/KG","img":"https://fd9-photos.leclercdrive.fr/image.ashx?id=2349448&use=l&cat=p&typeid=i","cat":309512},{"id":182887,"n":"Fromage à tartiner Boursin Ail & fines herbes - 150g","p":2.16,"u":"14,40 €/KG","img":"https://fd9-photos.leclercdrive.fr/image.ashx?id=2964449&use=l&cat=p&typeid=i","cat":314029},{"id":182888,"n":"Lait bébé poudre Guigoz Optipro 1er âge - 0-6mois - 830g","p":16.34,"u":"19,69 €/KG","img":"https://fd9-photos.leclercdrive.fr/image.ashx?id=2806423&use=l&cat=p&typeid=i","cat":284726},{"id":182894,"n":"Epice Sainte Lucie mélange italien  - 30g","p":1.9,"u":"63,33 €/KG","img":"https://fd9-photos.leclercdrive.fr/image.ashx?id=2975170&use=l&cat=p&typeid=i","cat":298297},{"id":182895,"n":"Badiane Sainte Lucie 15g","p":2.75,"u":"183,33 €/KG","img":"https://fd9-photos.leclercdrive.fr/image.ashx?id=2349782&use=l&cat=p&typeid=i","cat":298297},{"id":182896,"n":"Citronnelle lyophilisée 7g","p":2.5,"u":"357,14 €/KG","img":"https://fd9-photos.leclercdrive.fr/image.ashx?id=2349770&use=l&cat=p&typeid=i","cat":298297},{"id":182899,"n":"Mélange Tajine Sainte Lucie 30g","p":1.7,"u":"56,67 €/KG","img":"https://fd9-photos.leclercdrive.fr/image.ashx?id=2349785&use=l&cat=p&typeid=i","cat":298297},{"id":182905,"n":"Piment oiseaux Sainte Lucie 15g","p":2.0,"u":"133,33 €/KG","img":"https://fd9-photos.leclercdrive.fr/image.ashx?id=2974321&use=l&cat=p&typeid=i","cat":298297},{"id":182908,"n":"Sauge Sainte Lucie feuilles coupées - 15g","p":1.65,"u":"110,00 €/KG","img":"https://fd9-photos.leclercdrive.fr/image.ashx?id=2349779&use=l&cat=p&typeid=i","cat":298297},{"id":182910,"n":"Curry thai bio Céréal Bio  Lentilles repas express - 240g","p":2.49,"u":"10,38 €/KG","img":"https://fd9-photos.leclercdrive.fr/image.ashx?id=2664079&use=l&cat=p&typeid=i","cat":287600},{"id":182912,"n":"Yakisoba Céréal Bio   Bio légumes repas express 240g","p":2.67,"u":"11,13 €/KG","img":"https://fd9-photos.leclercdrive.fr/image.ashx?id=2665628&use=l&cat=p&typeid=i","cat":287600},{"id":182920,"n":"Pâtes Al Bronzo Barilla Spaghettoni - 400g","p":1.97,"u":"4,93 €/KG","img":"https://fd9-photos.leclercdrive.fr/image.ashx?id=2414466&use=l&cat=p&typeid=i","cat":284427},{"id":182925,"n":"Pâtes Collezione Barilla Bucatini Grandi -  500g","p":1.92,"u":"3,84 €/KG","img":"https://fd9-photos.leclercdrive.fr/image.ashx?id=2726521&use=l&cat=p&typeid=i","cat":284427},{"id":182926,"n":"Sac poubelle Alfapac Coulissant 5L X25","p":1.85,"u":"0,07 €/P","img":"https://fd9-photos.leclercdrive.fr/image.ashx?id=2535361&use=l&cat=p&typeid=i","cat":285168},{"id":182933,"n":"Sac poubelle Alfapac  Lien élastique 30L X15","p":3.58,"u":"0,24 €/P","img":"https://fd9-photos.leclercdrive.fr/image.ashx?id=2589314&use=l&cat=p&typeid=i","cat":285168},{"id":182936,"n":"Sac poubelle Alfapac  Poignées 20L X20","p":2.24,"u":"0,11 €/P","img":"https://fd9-photos.leclercdrive.fr/image.ashx?id=2526884&use=l&cat=p&typeid=i","cat":285168},{"id":182938,"n":"Sauce crudités Caesar Amora 380ml","p":2.9,"u":"7,63 €/L","img":"https://fd9-photos.leclercdrive.fr/image.ashx?id=2655223&use=l&cat=p&typeid=i","cat":284456},{"id":182939,"n":"Chips Tuiles Pringles Barbecue - 175g","p":2.2,"u":"12,57 €/KG","img":"https://fd9-photos.leclercdrive.fr/image.ashx?id=2662502&use=l&cat=p&typeid=i","cat":287899},{"id":182963,"n":"Glace Trium Vanille - x4 - 294g","p":3.27,"u":"11,12 €/KG","img":"https://fd9-photos.leclercdrive.fr/image.ashx?id=2911714&use=l&cat=p&typeid=i","cat":284265},{"id":183029,"n":"Mölkky","p":21.9,"img":"https://fd9-photos.leclercdrive.fr/image.ashx?id=2351481&use=l&cat=p&typeid=i","cat":334381},{"id":183105,"n":"Eau gazeuse San Pellegrino Essenza citron - 6x33cL","p":3.77,"u":"1,90 €/L","img":"https://fd9-photos.leclercdrive.fr/image.ashx?id=2864203&use=l&cat=p&typeid=i","cat":284536},{"id":183129,"n":"Epinards Légumes Findus branches à la crème - 480g","p":2.79,"u":"5,81 €/KG","img":"https://fd9-photos.leclercdrive.fr/image.ashx?id=2937349&use=l&cat=p&typeid=i","cat":319805},{"id":183190,"n":"Pile alcaline Varta Longlife Power C - x2","p":3.99,"u":"2,00 €/P","img":"https://fd9-photos.leclercdrive.fr/image.ashx?id=2354950&use=l&cat=p&typeid=i","cat":300572},{"id":183193,"n":"Pile alcaline Varta  Longlife power 9V 6LR61 - x2","p":8.69,"u":"4,35 €/P","img":"https://fd9-photos.leclercdrive.fr/image.ashx?id=2353821&use=l&cat=p&typeid=i","cat":300572},{"id":183205,"n":"Pile bouton Lithium Varta CR2032 - x2","p":3.9,"u":"1,95 €/P","img":"https://fd9-photos.leclercdrive.fr/image.ashx?id=2575822&use=l&cat=p&typeid=i","cat":300572},{"id":183212,"n":"Madeleines longues Le Ster Sucre - 4x250g","p":4.95,"u":"4,95 €/KG","img":"https://fd9-photos.leclercdrive.fr/image.ashx?id=2827221&use=l&cat=p&typeid=i","cat":284492},{"id":183251,"n":"Skinactive Creme Vitamine C  50ml","p":9.08,"u":"181,60 €/L","img":"https://fd9-photos.leclercdrive.fr/image.ashx?id=2520497&use=l&cat=p&typeid=i","cat":null},{"id":183255,"n":"Crème Corps Apaisante Superfood  Aloe vera Magnésium - 380ml","p":6.15,"u":"16,18 €/L","img":"https://fd9-photos.leclercdrive.fr/image.ashx?id=2371206&use=l&cat=p&typeid=i","cat":325350},{"id":183259,"n":"Crème Corps Avocat Superfood Peaux sèches - 380ml","p":6.18,"u":"16,26 €/L","img":"https://fd9-photos.leclercdrive.fr/image.ashx?id=2867551&use=l&cat=p&typeid=i","cat":325350},{"id":183262,"n":"Sérum Éclat Vitamine C Garnier Anti-taches - 30ml","p":8.58,"u":"286,00 €/L","img":"https://fd9-photos.leclercdrive.fr/image.ashx?id=2908180&use=l&cat=p&typeid=i","cat":325345},{"id":183292,"n":"Biberon col large avec poignées Tigex Minnie +6 mois - 300ml","p":6.88,"img":"https://fd9-photos.leclercdrive.fr/image.ashx?id=2355560&use=l&cat=p&typeid=i","cat":284742},{"id":183382,"n":"Fromage râpé Prosociano Violife - 100g","p":2.73,"u":"27,30 €/KG","img":"https://fd9-photos.leclercdrive.fr/image.ashx?id=2603495&use=l&cat=p&typeid=i","cat":316070},{"id":183391,"n":"Fraisoo' bool 200g","p":1.5,"u":"7,50 €/KG","img":"https://fd9-photos.leclercdrive.fr/image.ashx?id=2454172&use=l&cat=p&typeid=i","cat":304250},{"id":183392,"n":"Bonbons Cara' bool 200g","p":1.5,"u":"7,50 €/KG","img":"https://fd9-photos.leclercdrive.fr/image.ashx?id=2454169&use=l&cat=p&typeid=i","cat":304250},{"id":183395,"n":"Huile d'olive Puget 75cl","p":8.95,"u":"11,93 €/L","img":"https://fd9-photos.leclercdrive.fr/image.ashx?id=2460925&use=l&cat=p&typeid=i","cat":284453},{"id":183512,"n":"Crème hydratante La Provençale Bio - 50ml","p":7.71,"u":"154,20 €/L","img":"https://fd9-photos.leclercdrive.fr/image.ashx?id=2357356&use=l&cat=p&typeid=i","cat":null},{"id":183520,"n":"Déodorant Spray Rexona Anti- Transpirant 72H Invisible 200ml","p":2.89,"u":"14,45 €/L","img":"https://fd9-photos.leclercdrive.fr/image.ashx?id=2850306&use=l&cat=p&typeid=i","cat":284595},{"id":183735,"n":"Gazilion Pistolet Streamin bubbles","p":10.99,"u":"0,03 €/GR","img":"https://fd9-photos.leclercdrive.fr/image.ashx?id=2357829&use=l&cat=p&typeid=i","cat":334381},{"id":183866,"n":"Dentifrice blancheur Colgate Max white one - 75ml","p":1.95,"u":"26,00 €/L","img":"https://fd9-photos.leclercdrive.fr/image.ashx?id=2767255&use=l&cat=p&typeid=i","cat":284612},{"id":183867,"n":"AOP Saint-Julien Vin rouge  Château Lalande-75cl","p":20.95,"u":"27,93 €/L","img":"https://fd9-photos.leclercdrive.fr/image.ashx?id=2560870&use=l&cat=p&typeid=i","cat":289556},{"id":183877,"n":"Désodorisant diffuseur Airwick  Electrique Vanille - 19ml","p":3.6,"u":"189,47 €/L","img":"https://fd9-photos.leclercdrive.fr/image.ashx?id=2768237&use=l&cat=p&typeid=i","cat":311629},{"id":183888,"n":"Bière blonde Corona Cero 0,0% - 6x33cl","p":7.48,"u":"3,78 €/L","img":"https://fd9-photos.leclercdrive.fr/image.ashx?id=2526496&use=l&cat=p&typeid=i","cat":334877},{"id":183907,"n":"Dentifrice blancheur Colgate Max white optic - 75ml","p":2.38,"u":"31,73 €/L","img":"https://fd9-photos.leclercdrive.fr/image.ashx?id=2738395&use=l&cat=p&typeid=i","cat":284612},{"id":183910,"n":"Perles de Cire Chaude Expert  Veet A la Cire d'abeille 250ml","p":6.65,"u":"28,91 €/KG","img":"https://fd9-photos.leclercdrive.fr/image.ashx?id=2960678&use=l&cat=p&typeid=i","cat":325351},{"id":183913,"n":"Crème dépilatoire Zones Intimes Veet Men 100+50ml","p":7.28,"u":"48,53 €/L","img":"https://fd9-photos.leclercdrive.fr/image.ashx?id=2964971&use=l&cat=p&typeid=i","cat":284617},{"id":183916,"n":"Torsade Alpina Savoie Collection 1844 - 500g","p":1.95,"u":"3,90 €/KG","img":"https://fd9-photos.leclercdrive.fr/image.ashx?id=2358153&use=l&cat=p&typeid=i","cat":284427},{"id":183917,"n":"Huile Miraculeuse Expert Veet Pré et Post Epilation 100ml","p":9.4,"u":"94,00 €/L","img":"https://fd9-photos.leclercdrive.fr/image.ashx?id=2828547&use=l&cat=p&typeid=i","cat":325351},{"id":183994,"n":"Masque gel visage N.A.E. bio hydratation éclat - 75ml","p":11.01,"u":"146,80 €/L","img":"https://fd9-photos.leclercdrive.fr/image.ashx?id=2358399&use=l&cat=p&typeid=i","cat":325346},{"id":183997,"n":"Crème gel N.A.E. bio hydratation éclat - 50ml","p":11.01,"u":"220,20 €/L","img":"https://fd9-photos.leclercdrive.fr/image.ashx?id=2358405&use=l&cat=p&typeid=i","cat":325345},{"id":184056,"n":"Cacahuètes enrobées Salées -  Menguy's - 170g","p":1.39,"u":"8,18 €/KG","img":"https://fd9-photos.leclercdrive.fr/image.ashx?id=2762154&use=l&cat=p&typeid=i","cat":284448},{"id":184141,"n":"Desserts Lactés P'TIT BRASSE Mangue 6M+ - 4x90g","p":2.07,"u":"5,75 €/KG","img":"https://fd9-photos.leclercdrive.fr/image.ashx?id=2594226&use=l&cat=p&typeid=i","cat":312392},{"id":184142,"n":"Desserts Lactés P'TIT BRASSE Fruits rouges 6M+ - 4x90g","p":2.07,"u":"5,75 €/KG","img":"https://fd9-photos.leclercdrive.fr/image.ashx?id=2599943&use=l&cat=p&typeid=i","cat":312392},{"id":184143,"n":"Desserts Lactés P'TIT BRASSE Fraise banane 6M+ - 4x90g","p":1.96,"u":"5,44 €/KG","img":"https://fd9-photos.leclercdrive.fr/image.ashx?id=2594229&use=l&cat=p&typeid=i","cat":312392},{"id":184145,"n":"Galettes bretonnes sarrasin NRT 100g","p":1.89,"u":"18,90 €/KG","img":"https://fd9-photos.leclercdrive.fr/image.ashx?id=2909431&use=l&cat=p&typeid=i","cat":284487},{"id":184148,"n":"Biscuits croquants Délichoc Chocolat au lait - 150g","p":1.91,"u":"12,73 €/KG","img":"https://fd9-photos.leclercdrive.fr/image.ashx?id=2867365&use=l&cat=p&typeid=i","cat":284488},{"id":184181,"n":"Purée mangue bébé Good Goût bio - 120g - dès 4 mois","p":1.49,"u":"12,42 €/KG","img":"https://fd9-photos.leclercdrive.fr/image.ashx?id=2640707&use=l&cat=p&typeid=i","cat":312387},{"id":184182,"n":"Purée poire bébé Good Goût bio - 120g - dès 4 mois","p":1.76,"u":"14,67 €/L","img":"https://fd9-photos.leclercdrive.fr/image.ashx?id=2640043&use=l&cat=p&typeid=i","cat":312387},{"id":184185,"n":"AOP Médoc Maucaillou - 75cl","p":25.95,"u":"34,60 €/L","img":"https://fd9-photos.leclercdrive.fr/image.ashx?id=2360839&use=l&cat=p&typeid=i","cat":289556},{"id":184192,"n":"Purée fraise banane bébé Good Goût bio - 120g - dès 4 mois","p":1.59,"u":"13,25 €/KG","img":"https://fd9-photos.leclercdrive.fr/image.ashx?id=2640046&use=l&cat=p&typeid=i","cat":312387},{"id":184206,"n":"Mayonnaise Rustica au citron - 235g","p":1.49,"u":"6,34 €/KG","img":"https://fd9-photos.leclercdrive.fr/image.ashx?id=2509116&use=l&cat=p&typeid=i","cat":298295},{"id":184207,"n":"Lait de suite Hipp Biologique  Bio 600g - 10 mois à 3 ans","p":10.19,"u":"16,98 €/KG","img":"https://fd9-photos.leclercdrive.fr/image.ashx?id=2926825&use=l&cat=p&typeid=i","cat":290219},{"id":184228,"n":"AOC Bordeaux rouge  La Petite Chapelle - 75cl","p":4.9,"pp":3.23,"u":"4,31 €/L","img":"https://fd9-photos.leclercdrive.fr/image.ashx?id=2811314&use=l&cat=p&typeid=i","cat":289556},{"id":184229,"n":"AOC Bordeaux blanc tendre 2021 La Petite Chapelle - 75cl","p":4.9,"pp":3.23,"u":"4,31 €/L","img":"https://fd9-photos.leclercdrive.fr/image.ashx?id=2811323&use=l&cat=p&typeid=i","cat":289557},{"id":184231,"n":"Ampoule LED Standard Philips 75W -E27 Blanc chaud - x2","p":14.8,"u":"Dont 0,58 € d'éco-part.","img":"https://fd9-photos.leclercdrive.fr/image.ashx?id=2507449&use=l&cat=p&typeid=i","cat":300573},{"id":184234,"n":"Ampoule Led Flamme Philips 40W - E14 blanc chaud - x2","p":11.7,"u":"Dont 0,58 € d'éco-part.","img":"https://fd9-photos.leclercdrive.fr/image.ashx?id=2507494&use=l&cat=p&typeid=i","cat":300573},{"id":184236,"n":"Ampoule LED Sphérique Philips 40W - E14 Blanc chaud - x2","p":11.65,"u":"Dont 0,58 € d'éco-part.","img":"https://fd9-photos.leclercdrive.fr/image.ashx?id=2507497&use=l&cat=p&typeid=i","cat":300573},{"id":184239,"n":"Ampoule LED Spot Osram GU10 - 4,3W=50 froid - x1","p":6.98,"img":"https://fd9-photos.leclercdrive.fr/image.ashx?id=2652706&use=l&cat=p&typeid=i","cat":300573},{"id":184241,"n":"Ampoule LED Sphérique Osram E14 - 4W=40 E14 chaud - x1","p":6.47,"u":"Dont 0,29 € d'éco-part.","img":"https://fd9-photos.leclercdrive.fr/image.ashx?id=2655070&use=l&cat=p&typeid=i","cat":300573},{"id":184242,"n":"Ampoule Led Flamme Osram E14 - 4W=40 blanc chaud - x1","p":6.47,"u":"Dont 0,29 € d'éco-part.","img":"https://fd9-photos.leclercdrive.fr/image.ashx?id=2653984&use=l&cat=p&typeid=i","cat":300573},{"id":184270,"n":"Ampoule Led Spot Osram GU10 4,3W=50 blanc chaud - x1","p":6.98,"u":"Dont 0,29 € d'éco-part.","img":"https://fd9-photos.leclercdrive.fr/image.ashx?id=2655055&use=l&cat=p&typeid=i","cat":300573},{"id":184294,"n":"Ampoule LED Standard Philips E27 - 100W Blanc chaud - x1","p":17.75,"u":"Dont 0,58 € d'éco-part.","img":"https://fd9-photos.leclercdrive.fr/image.ashx?id=2507452&use=l&cat=p&typeid=i","cat":300573},{"id":184307,"n":"Côtes de porc première L'Atelier Boucherie x2 - 300g","p":2.7,"u":"9,00 €/KG","img":"https://fd9-photos.leclercdrive.fr/image.ashx?id=2930552&use=l&cat=p&typeid=i","cat":284331},{"id":184308,"n":"Côtes de porc échine L'Atelier Boucherie x4 - 680g","p":5.14,"u":"7,56 €/KG","img":"https://fd9-photos.leclercdrive.fr/image.ashx?id=2930555&use=l&cat=p&typeid=i","cat":284331},{"id":184310,"n":"Entrecôte de boeuf*** L'Atelier Boucherie x1 - 200g","p":5.98,"u":"29,90 €/KG","img":"https://fd9-photos.leclercdrive.fr/image.ashx?id=2913781&use=l&cat=p&typeid=i","cat":284328},{"id":184312,"n":"Faux-filet de boeuf*** L'Atelier Boucherie x1 - 180g","p":4.99,"u":"27,72 €/KG","img":"https://fd9-photos.leclercdrive.fr/image.ashx?id=2913784&use=l&cat=p&typeid=i","cat":284328},{"id":184315,"n":"Steak de boeuf** L'Atelier Boucherie x2 - 260g","p":5.39,"u":"20,73 €/KG","img":"https://fd9-photos.leclercdrive.fr/image.ashx?id=2930582&use=l&cat=p&typeid=i","cat":284328},{"id":184316,"n":"Bavette d'Aloyau*** L'Atelier Boucherie x1 - 150g","p":4.79,"u":"31,93 €/KG","img":"https://fd9-photos.leclercdrive.fr/image.ashx?id=2930585&use=l&cat=p&typeid=i","cat":284328},{"id":184317,"n":"Rumsteck en tournedos*** L'Atelier Boucherie x2 - 280g","p":6.77,"u":"24,18 €/KG","img":"https://fd9-photos.leclercdrive.fr/image.ashx?id=2930588&use=l&cat=p&typeid=i","cat":284328},{"id":184318,"n":"Rôti de boeuf*** L'Atelier Boucherie - 600g","p":14.39,"u":"23,98 €/KG","img":"https://fd9-photos.leclercdrive.fr/image.ashx?id=2930591&use=l&cat=p&typeid=i","cat":284328},{"id":184319,"n":"Pièce à fondue / Brochette L'Atelier Boucherie - 500g","p":11.99,"u":"23,98 €/KG","img":"https://fd9-photos.leclercdrive.fr/image.ashx?id=2930594&use=l&cat=p&typeid=i","cat":284328},{"id":184320,"n":"Rôti de porc L'Atelier Boucherie - 600g","p":6.59,"u":"10,98 €/KG","img":"https://fd9-photos.leclercdrive.fr/image.ashx?id=2953749&use=l&cat=p&typeid=i","cat":284331},{"id":184322,"n":"Escalope de veau*** L'Atelier Boucherie x2 - 260g","p":6.5,"u":"25,00 €/KG","img":"https://fd9-photos.leclercdrive.fr/image.ashx?id=2930597&use=l&cat=p&typeid=i","cat":284329},{"id":184323,"n":"Sauté de veau*** à mijoter L'Atelier Boucherie - 500g","p":9.28,"u":"18,56 €/KG","img":"https://fd9-photos.leclercdrive.fr/image.ashx?id=2930600&use=l&cat=p&typeid=i","cat":284329},{"id":184393,"n":"Gousses de vanille Vahiné En poudre sucrées - 8g","p":4.81,"u":"601,25 €/KG","img":"https://fd9-photos.leclercdrive.fr/image.ashx?id=2490587&use=l&cat=p&typeid=i","cat":284504},{"id":184396,"n":"Vanille en poudre Vahiné - 5g","p":7.1,"img":"https://fd9-photos.leclercdrive.fr/image.ashx?id=2559856&use=l&cat=p&typeid=i","cat":284504},{"id":184420,"n":"Sirop de citron Eco+ - 1L","p":1.66,"u":"1,66 €/L","img":"https://fd9-photos.leclercdrive.fr/image.ashx?id=2901416&use=l&cat=p&typeid=i","cat":295020},{"id":184424,"n":"Vin pétillant Very Zest rosé pamplemousse - 6x25cl","p":6.5,"u":"4,33 €/L","img":"https://fd9-photos.leclercdrive.fr/image.ashx?id=2362193&use=l&cat=p&typeid=i","cat":304569},{"id":184432,"n":"Boisson orange brick Eco+ - 6x20cl","p":1.39,"u":"1,16 €/L","img":"https://fd9-photos.leclercdrive.fr/image.ashx?id=2863096&use=l&cat=p&typeid=i","cat":284521},{"id":184509,"n":"AOP Effervescent Champagne rosé Champagne pommery brut rosé BRI","p":40.04,"u":"53,39 €/L","img":"https://fd9-photos.leclercdrive.fr/image.ashx?id=2364222&use=l&cat=p&typeid=i","cat":284542},{"id":184540,"n":"Fromage Fouetté Nature à tartiner Les Croisés - 150g","p":1.41,"u":"9,40 €/KG","img":"https://fd9-photos.leclercdrive.fr/image.ashx?id=2662634&use=l&cat=p&typeid=i","cat":314029},{"id":184548,"n":"Dessert Liégeois Délisse Café noisette - 4x100g","p":1.39,"u":"3,48 €/KG","img":"https://fd9-photos.leclercdrive.fr/image.ashx?id=2602370&use=l&cat=p&typeid=i","cat":285042},{"id":184551,"n":"Lessive en poudre Xeor fraîcheur x50 - 2.5kg","p":5.99,"u":"2,40 €/KG","img":"https://fd9-photos.leclercdrive.fr/image.ashx?id=2450101&use=l&cat=p&typeid=i","cat":284642},{"id":184553,"n":"Blocs WC Syphon fraîcheur marine x2 - 110g","p":2.0,"u":"18,18 €/KG","img":"https://fd9-photos.leclercdrive.fr/image.ashx?id=2670359&use=l&cat=p&typeid=i","cat":284662},{"id":184555,"n":"Blocs WC Syphon fraîcheur pin - x2","p":2.09,"u":"1,05 €/P","img":"https://fd9-photos.leclercdrive.fr/image.ashx?id=2670362&use=l&cat=p&typeid=i","cat":284662},{"id":184561,"n":"Glaces Kinder Bueno x4 noisettes chocolat blanc - 248g","p":4.01,"u":"16,17 €/KG","img":"https://fd9-photos.leclercdrive.fr/image.ashx?id=2759071&use=l&cat=p&typeid=i","cat":284264},{"id":184566,"n":"Boisson végétale Bio Village Noisette bio - 1l","p":1.87,"u":"1,87 €/L","img":"https://fd9-photos.leclercdrive.fr/image.ashx?id=2362504&use=l&cat=p&typeid=i","cat":316067},{"id":184568,"n":"Muesli croustillant Bio village Bio Chocolat quinoa - 500g","p":4.2,"u":"8,40 €/KG","img":"https://fd9-photos.leclercdrive.fr/image.ashx?id=2720196&use=l&cat=p&typeid=i","cat":309512},{"id":184569,"n":"Muesli croustillant Bio Village Bio Chocolat - 500g","p":3.72,"u":"7,44 €/KG","img":"https://fd9-photos.leclercdrive.fr/image.ashx?id=2559984&use=l&cat=p&typeid=i","cat":309512},{"id":184633,"n":"Chorizo sec Portugais O Sabor das Nosas Regioes 200g","p":2.9,"u":"14,50 €/KG","img":"https://fd9-photos.leclercdrive.fr/image.ashx?id=2578490&use=l&cat=p&typeid=i","cat":316006},{"id":184634,"n":"Jambon cru Campo Fino 500g","p":6.99,"u":"13,98 €/KG","img":"https://fd9-photos.leclercdrive.fr/image.ashx?id=2363546&use=l&cat=p&typeid=i","cat":316009},{"id":184671,"n":"Pizza Dr.Oetker Ristorante Funghi - 365g","p":3.03,"u":"8,30 €/KG","img":"https://fd9-photos.leclercdrive.fr/image.ashx?id=2993053&use=l&cat=p&typeid=i","cat":284256},{"id":184771,"n":"Crème glacée princesses au Marc de Champagne x4 - 480ml","p":5.15,"u":"10,73 €/L","img":"https://fd9-photos.leclercdrive.fr/image.ashx?id=2527019&use=l&cat=p&typeid=i","cat":284725},{"id":184877,"n":"Cahier  Esquisse 96 pages Vert - 17x22cm","p":0.65,"img":"https://fd9-photos.leclercdrive.fr/image.ashx?id=2544753&use=l&cat=p&typeid=i","cat":284697},{"id":184917,"n":"Saucisses cocktail Madrange Classique x30 - 225g","p":2.61,"u":"11,60 €/KG","img":"https://fd9-photos.leclercdrive.fr/image.ashx?id=2941562&use=l&cat=p&typeid=i","cat":316012},{"id":184928,"n":"Sauce Tradizioni d'Italia Arrabbiata - 340g","p":1.86,"u":"5,47 €/KG","img":"https://fd9-photos.leclercdrive.fr/image.ashx?id=2840031&use=l&cat=p&typeid=i","cat":288384},{"id":184996,"n":"Infusion verveine Elephant Menthe, bio - x20","p":2.06,"u":"79,23 €/KG","img":"https://fd9-photos.leclercdrive.fr/image.ashx?id=2507578&use=l&cat=p&typeid=i","cat":293234},{"id":184997,"n":"Infusion bio Elephant Detox - x20","p":1.83,"u":"53,82 €/KG","img":"https://fd9-photos.leclercdrive.fr/image.ashx?id=2507566&use=l&cat=p&typeid=i","cat":293234},{"id":184999,"n":"Infusion bio Elephant Relax - x20","p":2.25,"u":"86,54 €/KG","img":"https://fd9-photos.leclercdrive.fr/image.ashx?id=2507572&use=l&cat=p&typeid=i","cat":293234},{"id":185004,"n":"Infusion Bio Elephant Verveine - x20 sachets","p":2.52,"u":"96,92 €/KG","img":"https://fd9-photos.leclercdrive.fr/image.ashx?id=2520755&use=l&cat=p&typeid=i","cat":293234},{"id":185033,"n":"Rasoir rechargeable Bic Click  Soleil 5 - 1 rasoir + 2 lames","p":6.32,"u":"3,16 €/P","img":"https://fd9-photos.leclercdrive.fr/image.ashx?id=2768520&use=l&cat=p&typeid=i","cat":325352},{"id":185161,"n":"Mi-bas beauty resist Dim Noir T35/41 x3","p":4.88,"img":"https://fd9-photos.leclercdrive.fr/image.ashx?id=2465256&use=l&cat=p&typeid=i","cat":334130},{"id":185162,"n":"Mi-bas beauty resist Dim Cannelle T35/41 x3","p":4.88,"img":"https://fd9-photos.leclercdrive.fr/image.ashx?id=2465259&use=l&cat=p&typeid=i","cat":334130},{"id":185163,"n":"Mi-bas beauty resist Dim  Capri T35/41 x3","p":4.88,"img":"https://fd9-photos.leclercdrive.fr/image.ashx?id=2465262&use=l&cat=p&typeid=i","cat":334130},{"id":185199,"n":"Torti bolognaise Stéphan 3x400g","p":6.5,"u":"5,42 €/KG","img":"https://fd9-photos.leclercdrive.fr/image.ashx?id=2744830&use=l&cat=p&typeid=i","cat":284442},{"id":185269,"n":"Vin d'Espagne rosé  Cepage Grenache - 5L","p":10.89,"u":"2,18 €/L","img":"https://fd9-photos.leclercdrive.fr/image.ashx?id=2549732&use=l&cat=p&typeid=i","cat":289558},{"id":185305,"n":"Thon Entier Nature MSC Saupiquet - 3x112g","p":6.67,"u":"19,85 €/KG","img":"https://fd9-photos.leclercdrive.fr/image.ashx?id=2373866&use=l&cat=p&typeid=i","cat":303867},{"id":185443,"n":"Thé vert citron Yate x25 - 37,5g","p":0.79,"u":"20,79 €/KG","img":"https://fd9-photos.leclercdrive.fr/image.ashx?id=2646008&use=l&cat=p&typeid=i","cat":293233},{"id":185494,"n":"Herbes de provence Ducros 35g","p":3.13,"u":"89,43 €/KG","img":"https://fd9-photos.leclercdrive.fr/image.ashx?id=2559505&use=l&cat=p&typeid=i","cat":298297},{"id":185510,"n":"AOP Fitou rouge  Château de Cascastel - 75cl","p":6.5,"u":"8,67 €/L","img":"https://fd9-photos.leclercdrive.fr/image.ashx?id=2896633&use=l&cat=p&typeid=i","cat":289556},{"id":185524,"n":"Soupe à l'artichaut Jardin Bio bio 33cl","p":2.41,"u":"7,30 €/L","img":"https://fd9-photos.leclercdrive.fr/image.ashx?id=2375286&use=l&cat=p&typeid=i","cat":287365},{"id":185567,"n":"Liniment oléo-calcaire Biolane  700 ml","p":7.21,"u":"10,30 €/L","img":"https://fd9-photos.leclercdrive.fr/image.ashx?id=2586864&use=l&cat=p&typeid=i","cat":284741},{"id":185568,"n":"Gel Lavant Biolane Corps et cheveux 750 ml","p":5.55,"u":"7,40 €/L","img":"https://fd9-photos.leclercdrive.fr/image.ashx?id=2586867&use=l&cat=p&typeid=i","cat":284740},{"id":185571,"n":"Eau pure H2O Biolane 750 ml","p":5.42,"u":"7,23 €/L","img":"https://fd9-photos.leclercdrive.fr/image.ashx?id=2733247&use=l&cat=p&typeid=i","cat":284741},{"id":185607,"n":"Vodka premium Grey Goose La Poire 40° - 70cl","p":36.99,"pp":32.99,"u":"47,13 €/L","img":"https://fd9-photos.leclercdrive.fr/image.ashx?id=2848337&use=l&cat=p&typeid=i","cat":284550},{"id":185608,"n":"Vodka premium Grey Goose L'Orange 40° - 70cl","p":36.99,"pp":32.99,"u":"47,13 €/L","img":"https://fd9-photos.leclercdrive.fr/image.ashx?id=2848334&use=l&cat=p&typeid=i","cat":284550},{"id":185609,"n":"Vodka premium Grey Goose Le Citron 40° - 70cl","p":36.99,"pp":32.99,"u":"47,13 €/L","img":"https://fd9-photos.leclercdrive.fr/image.ashx?id=2850695&use=l&cat=p&typeid=i","cat":284550},{"id":185789,"n":"Myrtilles Panier du Primeur 125g","p":1.89,"u":"15,12 €/KG","img":"https://fd9-photos.leclercdrive.fr/image.ashx?id=2375773&use=l&cat=p&typeid=i","cat":284356},{"id":185831,"n":"Préparation Gâteau alsa Moelleux Marbré - 435g","p":2.19,"u":"5,03 €/KG","img":"https://fd9-photos.leclercdrive.fr/image.ashx?id=2996428&use=l&cat=p&typeid=i","cat":284505},{"id":185840,"n":"RECH SPRAY AUTO BIEN AIR AGRUMES 250ML","p":2.39,"u":"9,56 €/L","img":"https://fd9-photos.leclercdrive.fr/image.ashx?id=2531104&use=l&cat=p&typeid=i","cat":311629},{"id":185841,"n":"Cornichons extra fins Rustica 6 aromates - 550g","p":3.1,"u":"5,64 €/KG","img":"https://fd9-photos.leclercdrive.fr/image.ashx?id=2916728&use=l&cat=p&typeid=i","cat":284458},{"id":185842,"n":"Soufflés Snack's Tokapi  Cacahuète - 160g","p":0.72,"u":"4,50 €/KG","img":"https://fd9-photos.leclercdrive.fr/image.ashx?id=2864942&use=l&cat=p&typeid=i","cat":284449},{"id":185999,"n":"Boisson végétale Bio Village Riz nature bio - 1l","p":1.65,"u":"1,65 €/L","img":"https://fd9-photos.leclercdrive.fr/image.ashx?id=2601016&use=l&cat=p&typeid=i","cat":316067},{"id":186002,"n":"Porto blanc Dorrao 18%vol - 75cl","p":6.1,"u":"8,13 €/L","img":"https://fd9-photos.leclercdrive.fr/image.ashx?id=2869880&use=l&cat=p&typeid=i","cat":284913},{"id":186043,"n":"Lardons Nature Herta  Sans nitrite - 2x75g","p":1.87,"u":"12,47 €/KG","img":"https://fd9-photos.leclercdrive.fr/image.ashx?id=2785802&use=l&cat=p&typeid=i","cat":316011},{"id":186078,"n":"Tartinade de thon Petit Navire Tomates séchées et Thym 2x125g","p":3.88,"u":"15,52 €/KG","img":"https://fd9-photos.leclercdrive.fr/image.ashx?id=2835845&use=l&cat=p&typeid=i","cat":303867},{"id":186108,"n":"Savon solide Bio Mots d'enfants 100g","p":1.29,"u":"12,90 €/KG","img":"https://fd9-photos.leclercdrive.fr/image.ashx?id=3015126&use=l&cat=p&typeid=i","cat":284740},{"id":186202,"n":"Mozzarella Les Croisés Tranchettes - 200g","p":1.99,"u":"9,95 €/KG","img":"https://fd9-photos.leclercdrive.fr/image.ashx?id=2383094&use=l&cat=p&typeid=i","cat":314026},{"id":186231,"n":"Thé vert jasmin Bio Ethiquable Vietnam  - 36g","p":2.15,"u":"59,72 €/KG","img":"https://fd9-photos.leclercdrive.fr/image.ashx?id=2870923&use=l&cat=p&typeid=i","cat":293233},{"id":186258,"n":"Lessive Capsules Tout-en-1 Skip Fraîcheur Intense x26 Capsules","p":9.99,"u":"18,13 €/KG","img":"https://fd9-photos.leclercdrive.fr/image.ashx?id=2978934&use=l&cat=p&typeid=i","cat":284641},{"id":186263,"n":"Lessive Capsules Tout-en-1 Skip Fraîcheur Intense 38 Lavages","p":13.34,"u":"16,55 €/KG","img":"https://fd9-photos.leclercdrive.fr/image.ashx?id=2929236&use=l&cat=p&typeid=i","cat":284641},{"id":186292,"n":"Nettoyant jantes gel Tech9 500ml","p":5.49,"u":"10,98 €/L","img":"https://fd9-photos.leclercdrive.fr/image.ashx?id=2527340&use=l&cat=p&typeid=i","cat":298252},{"id":186293,"n":"Répare crevaison Tech9 400ml","p":5.19,"u":"12,98 €/L","img":"https://fd9-photos.leclercdrive.fr/image.ashx?id=2527337&use=l&cat=p&typeid=i","cat":298252},{"id":186307,"n":"Shampooing nourissant Energie Fruit - 250ml","p":3.71,"u":"14,84 €/L","img":"https://fd9-photos.leclercdrive.fr/image.ashx?id=2795869&use=l&cat=p&typeid=i","cat":284606},{"id":186308,"n":"Masque 2 en 1 Energie Fruit Sans silicone - 300ml","p":4.67,"u":"15,57 €/L","img":"https://fd9-photos.leclercdrive.fr/image.ashx?id=2795875&use=l&cat=p&typeid=i","cat":284608},{"id":186548,"n":"Bougie Floral 30h Bien Air","p":2.34,"img":"https://fd9-photos.leclercdrive.fr/image.ashx?id=2939091&use=l&cat=p&typeid=i","cat":284666},{"id":186572,"n":"AOC Chinon - 75cl Les Truffières","p":10.5,"u":"14,00 €/L","img":"https://fd9-photos.leclercdrive.fr/image.ashx?id=2390209&use=l&cat=p&typeid=i","cat":289556},{"id":186657,"n":"Crème dessert Delisse Chocolat - 6x125g","p":1.42,"u":"1,89 €/KG","img":"https://fd9-photos.leclercdrive.fr/image.ashx?id=2441492&use=l&cat=p&typeid=i","cat":285041},{"id":186659,"n":"Crème dessert Delisse Vanille - 6x125g","p":1.33,"u":"1,77 €/KG","img":"https://fd9-photos.leclercdrive.fr/image.ashx?id=2441498&use=l&cat=p&typeid=i","cat":285041},{"id":186661,"n":"Crème dessert Delisse Caramel - 6x125g","p":1.39,"u":"1,85 €/KG","img":"https://fd9-photos.leclercdrive.fr/image.ashx?id=2441504&use=l&cat=p&typeid=i","cat":285041},{"id":186665,"n":"Coloration permanente Olia 6.0 Châtain très clair - x2","p":15.89,"u":"7,95 €/P","img":"https://fd9-photos.leclercdrive.fr/image.ashx?id=2422902&use=l&cat=p&typeid=i","cat":288899},{"id":186676,"n":"AOP Bordeaux rouge Château de Reignac - 75cl","p":20.0,"u":"26,67 €/L","img":"https://fd9-photos.leclercdrive.fr/image.ashx?id=2388015&use=l&cat=p&typeid=i","cat":289556},{"id":186688,"n":"Déodorant stick Homme Mennen Sans Alcool Anti-Traces - 60ml","p":3.17,"u":"52,83 €/L","img":"https://fd9-photos.leclercdrive.fr/image.ashx?id=2869110&use=l&cat=p&typeid=i","cat":284618},{"id":186741,"n":"Coeur Coulant Chocolat - Gü - 2x100g","p":2.49,"u":"12,45 €/KG","img":"https://fd9-photos.leclercdrive.fr/image.ashx?id=2531007&use=l&cat=p&typeid=i","cat":284419},{"id":186742,"n":"Cheesecake Gü Vanille Speculoos - 2x80g","p":2.49,"u":"15,56 €/KG","img":"https://fd9-photos.leclercdrive.fr/image.ashx?id=2527091&use=l&cat=p&typeid=i","cat":284419},{"id":186743,"n":"Cheesecake Gü Caramel Salé - 2x92g","p":2.49,"u":"13,53 €/KG","img":"https://fd9-photos.leclercdrive.fr/image.ashx?id=2527094&use=l&cat=p&typeid=i","cat":284419},{"id":186758,"n":"Tablette Chocolat Noir Lindt Noisettes Caramel Lot 2x100g","p":4.48,"u":"22,40 €/KG","img":"https://fd9-photos.leclercdrive.fr/image.ashx?id=2388487&use=l&cat=p&typeid=i","cat":284956},{"id":186844,"n":"AOP Champagne premier cru Brut Gaston Dericbourg - 75cl","p":19.5,"u":"26,00 €/L","img":"https://fd9-photos.leclercdrive.fr/image.ashx?id=2535037&use=l&cat=p&typeid=i","cat":289557},{"id":186853,"n":"Lessive Capsules Tout-en-1 Skip Touche de Cajoline 24 Lavages","p":9.99,"u":"19,63 €/KG","img":"https://fd9-photos.leclercdrive.fr/image.ashx?id=2956688&use=l&cat=p&typeid=i","cat":284641},{"id":186856,"n":"Lessive Capsules Skip Tout-en-1 Extra Détachant x24","p":9.99,"u":"19,63 €/KG","img":"https://fd9-photos.leclercdrive.fr/image.ashx?id=2956691&use=l&cat=p&typeid=i","cat":284641},{"id":186857,"n":"Lessive Capsules Skip Tout-en-1 Cajoline 36 Lavages","p":12.72,"u":"16,67 €/KG","img":"https://fd9-photos.leclercdrive.fr/image.ashx?id=2929239&use=l&cat=p&typeid=i","cat":284641},{"id":186870,"n":"Préparation pour moelleux Tablier Blanc citron - 435g","p":1.97,"u":"4,53 €/KG","img":"https://fd9-photos.leclercdrive.fr/image.ashx?id=2487497&use=l&cat=p&typeid=i","cat":284504},{"id":186920,"n":"Tuiles Monster Munch Crazy Original - 150g","p":1.9,"u":"12,67 €/KG","img":"https://fd9-photos.leclercdrive.fr/image.ashx?id=2921735&use=l&cat=p&typeid=i","cat":287899},{"id":186923,"n":"Tuiles Monster Munch  Crazy crème oignon - 150g","p":1.9,"u":"12,67 €/KG","img":"https://fd9-photos.leclercdrive.fr/image.ashx?id=2916881&use=l&cat=p&typeid=i","cat":287899},{"id":186926,"n":"Tuiles Monster Munch Crazy paprika - 150g","p":1.9,"u":"12,67 €/KG","img":"https://fd9-photos.leclercdrive.fr/image.ashx?id=2955339&use=l&cat=p&typeid=i","cat":287899},{"id":186946,"n":"Mouliné Bio Village Bio - légumes variés  - 2x30cl","p":1.69,"u":"5,63 €/L","img":"https://fd9-photos.leclercdrive.fr/image.ashx?id=2404157&use=l&cat=p&typeid=i","cat":284462},{"id":187028,"n":"Crème de change bébé bio Mots d'enfants - 75ml","p":2.5,"u":"33,33 €/L","img":"https://fd9-photos.leclercdrive.fr/image.ashx?id=3014308&use=l&cat=p&typeid=i","cat":284741},{"id":187029,"n":"Coton-tiges ouatés Inell Boîte - x300 bâtonnets","p":0.73,"img":"https://fd9-photos.leclercdrive.fr/image.ashx?id=2824301&use=l&cat=p&typeid=i","cat":284636},{"id":187038,"n":"Coffret métal créatif Stabilo Arty - 36 pièces","p":26.9,"u":"0,75 €/P","img":"https://fd9-photos.leclercdrive.fr/image.ashx?id=2392588&use=l&cat=p&typeid=i","cat":284696},{"id":187128,"n":"Assortiment nougats aromatisés Chabert & Guillot - 300g","p":8.93,"u":"29,77 €/KG","img":"https://fd9-photos.leclercdrive.fr/image.ashx?id=2394132&use=l&cat=p&typeid=i","cat":327605},{"id":187151,"n":"Tasse Pat Patrouille Chase et Stella Chocolat au lait - 34g","p":5.2,"u":"152,94 €/KG","img":"https://fd9-photos.leclercdrive.fr/image.ashx?id=2964081&use=l&cat=p&typeid=i","cat":327789},{"id":187154,"n":"Tasse Frozen Anna et Elsa Chocolat au lait - 34g","p":5.2,"u":"152,94 €/KG","img":"https://fd9-photos.leclercdrive.fr/image.ashx?id=2394282&use=l&cat=p&typeid=i","cat":327789},{"id":187158,"n":"Tasse céramique Spiderman Chocolat au lait  - 34g","p":5.2,"u":"152,94 €/KG","img":"https://fd9-photos.leclercdrive.fr/image.ashx?id=2394288&use=l&cat=p&typeid=i","cat":327789},{"id":187160,"n":"Assortiment Novi pralinés chocolat 250g","p":8.49,"pp":5.6,"u":"22,40 €/KG","img":"https://fd9-photos.leclercdrive.fr/image.ashx?id=2615152&use=l&cat=p&typeid=i","cat":327595},{"id":187161,"n":"Pralinés Gianduiotto Novi 250g","p":8.49,"pp":5.6,"u":"22,40 €/KG","img":"https://fd9-photos.leclercdrive.fr/image.ashx?id=2615164&use=l&cat=p&typeid=i","cat":327595},{"id":187168,"n":"Assortiment Cuadro Novi 250g","p":8.49,"pp":5.6,"u":"22,40 €/KG","img":"https://fd9-photos.leclercdrive.fr/image.ashx?id=2615173&use=l&cat=p&typeid=i","cat":327595},{"id":187173,"n":"Bouchées Chocolat Noël Nestlé L'Atelier Noir Feves Cacao 262g","p":10.02,"u":"38,24 €/KG","img":"https://fd9-photos.leclercdrive.fr/image.ashx?id=2938247&use=l&cat=p&typeid=i","cat":327595},{"id":187176,"n":"After Eight Chocolat Noël Saveur Cerise - 400g","p":6.58,"u":"16,45 €/KG","img":"https://fd9-photos.leclercdrive.fr/image.ashx?id=2394315&use=l&cat=p&typeid=i","cat":327595},{"id":187210,"n":"Porto Rose Dorrao 18%vol - 75cl","p":7.05,"u":"9,40 €/L","img":"https://fd9-photos.leclercdrive.fr/image.ashx?id=2869865&use=l&cat=p&typeid=i","cat":284913},{"id":187241,"n":"Savon Le Petit Marseillais  Solide amande douce - 2x100g","p":1.86,"u":"9,30 €/KG","img":"https://fd9-photos.leclercdrive.fr/image.ashx?id=2684203&use=l&cat=p&typeid=i","cat":284597},{"id":187268,"n":"Multipack Création assortiment sauce 6 x 85 g Poésie","p":3.71,"u":"7,27 €/KG","img":"https://fd9-photos.leclercdrive.fr/image.ashx?id=2396824&use=l&cat=p&typeid=i","cat":285286},{"id":187270,"n":"Multipack création assortiment gelée 6 x 85 g Poésie","p":4.01,"u":"7,86 €/KG","img":"https://fd9-photos.leclercdrive.fr/image.ashx?id=2396827&use=l&cat=p&typeid=i","cat":285286},{"id":187287,"n":"Desserts Lactés P'TIT BRASSE Banane pêche 6M+ - 4x90g","p":1.96,"u":"5,44 €/KG","img":"https://fd9-photos.leclercdrive.fr/image.ashx?id=2616252&use=l&cat=p&typeid=i","cat":312392},{"id":187288,"n":"Desserts Lactés P'TIT BRASSE Poire SSA 6M+ - 4x90g","p":1.96,"u":"5,44 €/KG","img":"https://fd9-photos.leclercdrive.fr/image.ashx?id=2593050&use=l&cat=p&typeid=i","cat":312392},{"id":187290,"n":"Rasoirs jetables Gillette Blue II Oympic - Lot 5x10","p":16.17,"u":"0,32 €/P","img":"https://fd9-photos.leclercdrive.fr/image.ashx?id=2497782&use=l&cat=p&typeid=i","cat":284616},{"id":187293,"n":"Rasoirs jetables Gillette Blue Olympic - Lot 5x4","p":21.55,"u":"1,08 €/P","img":"https://fd9-photos.leclercdrive.fr/image.ashx?id=2497785&use=l&cat=p&typeid=i","cat":284616},{"id":187295,"n":"Rasoirs jetables Gillette Blue II Olympic - Lot 5x10","p":23.11,"u":"0,46 €/P","img":"https://fd9-photos.leclercdrive.fr/image.ashx?id=2400747&use=l&cat=p&typeid=i","cat":284616},{"id":187330,"n":"Porto Tawny Dorrao 18°C - 75cl","p":6.42,"u":"8,56 €/L","img":"https://fd9-photos.leclercdrive.fr/image.ashx?id=2869877&use=l&cat=p&typeid=i","cat":284913},{"id":187343,"n":"Bûche Pilpa Exquise 3 Chocolats - 535g","p":5.27,"u":"9,85 €/KG","img":"https://fd9-photos.leclercdrive.fr/image.ashx?id=2751027&use=l&cat=p&typeid=i","cat":284266},{"id":187344,"n":"Bûche Pilpa Caramel beurre salé - 535g","p":5.27,"u":"9,85 €/KG","img":"https://fd9-photos.leclercdrive.fr/image.ashx?id=2751036&use=l&cat=p&typeid=i","cat":284266},{"id":187355,"n":"Bûche Signature Eskiss Nougat - 487g","p":5.59,"u":"11,48 €/KG","img":"https://fd9-photos.leclercdrive.fr/image.ashx?id=2791365&use=l&cat=p&typeid=i","cat":284266},{"id":187356,"n":"Bûche Signature Eskiss Coco Mangue - 476g","p":5.59,"u":"11,74 €/KG","img":"https://fd9-photos.leclercdrive.fr/image.ashx?id=2974825&use=l&cat=p&typeid=i","cat":284266},{"id":187357,"n":"Bûche Signature Eskiss Vanille Caramel - 490g","p":5.59,"u":"11,41 €/KG","img":"https://fd9-photos.leclercdrive.fr/image.ashx?id=2791371&use=l&cat=p&typeid=i","cat":284266},{"id":187358,"n":"Bûche Signature Eskiss Façon rocher - 501g","p":5.59,"u":"11,16 €/KG","img":"https://fd9-photos.leclercdrive.fr/image.ashx?id=2459174&use=l&cat=p&typeid=i","cat":284266},{"id":187365,"n":"Desserts Lactés P'TIT BRASSE Nature 6M+ - 4x90g","p":1.96,"u":"5,44 €/KG","img":"https://fd9-photos.leclercdrive.fr/image.ashx?id=2594223&use=l&cat=p&typeid=i","cat":312392},{"id":187379,"n":"Bûche glacée Erhard Vanille Caramel - 470g","p":9.97,"pp":6.98,"u":"14,85 €/KG","img":"https://fd9-photos.leclercdrive.fr/image.ashx?id=2395939&use=l&cat=p&typeid=i","cat":284266},{"id":187394,"n":"Assortiment chocolats belges Equador - 390g","p":9.59,"u":"24,59 €/KG","img":"https://fd9-photos.leclercdrive.fr/image.ashx?id=3004118&use=l&cat=p&typeid=i","cat":327595},{"id":187403,"n":"Feuilletés Jambon Fromage Eco+ x10 - 650g","p":2.63,"u":"4,05 €/KG","img":"https://fd9-photos.leclercdrive.fr/image.ashx?id=2814851&use=l&cat=p&typeid=i","cat":319776},{"id":187405,"n":"Petits pois très fins Notre Jardin - 1kg","p":1.79,"img":"https://fd9-photos.leclercdrive.fr/image.ashx?id=2900166&use=l&cat=p&typeid=i","cat":319805},{"id":187411,"n":"Sélection de gambas sauvages Pescanova - 800g","p":24.87,"pp":16.41,"u":"20,51 €/KG","img":"https://fd9-photos.leclercdrive.fr/image.ashx?id=2395948&use=l&cat=p&typeid=i","cat":319787},{"id":187448,"n":"Frites ondulées McCain Côté Burger - 650g","p":2.83,"u":"4,35 €/KG","img":"https://fd9-photos.leclercdrive.fr/image.ashx?id=2920027&use=l&cat=p&typeid=i","cat":319791},{"id":187460,"n":"Sous-vêtements de nuit Ninjamas Fille - T7 - x10","p":8.32,"u":"0,83 €/P","img":"https://fd9-photos.leclercdrive.fr/image.ashx?id=2507212&use=l&cat=p&typeid=i","cat":290633},{"id":187470,"n":"Brocolis surgelés Eco+ 900g","p":1.77,"u":"1,97 €/KG","img":"https://fd9-photos.leclercdrive.fr/image.ashx?id=2809870&use=l&cat=p&typeid=i","cat":319805},{"id":187478,"n":"Cordon bleu de poulet Eco+ 200g","p":1.45,"u":"7,25 €/KG","img":"https://fd9-photos.leclercdrive.fr/image.ashx?id=2758294&use=l&cat=p&typeid=i","cat":333683},{"id":187483,"n":"Pâtes Côté Table  Saumon épinard - 900g","p":5.92,"u":"6,58 €/KG","img":"https://fd9-photos.leclercdrive.fr/image.ashx?id=2900187&use=l&cat=p&typeid=i","cat":284254},{"id":187547,"n":"Moutarde Fine & Forte AMORA Flacon Souple - 460g","p":2.32,"u":"5,04 €/KG","img":"https://fd9-photos.leclercdrive.fr/image.ashx?id=2877271&use=l&cat=p&typeid=i","cat":288850},{"id":187602,"n":"Gousses de vanille Vahiné x4 -","p":9.34,"u":"2,34 €/P","img":"https://fd9-photos.leclercdrive.fr/image.ashx?id=2569428&use=l&cat=p&typeid=i","cat":284504},{"id":187631,"n":"Estragon de France Sainte Lucie 50g","p":5.5,"u":"110,00 €/KG","img":"https://fd9-photos.leclercdrive.fr/image.ashx?id=2774310&use=l&cat=p&typeid=i","cat":298297},{"id":187632,"n":"Boisson aux fruits Jafun Troipical - 1.5L","p":1.4,"u":"0,93 €/L","img":"https://fd9-photos.leclercdrive.fr/image.ashx?id=2956783&use=l&cat=p&typeid=i","cat":284916},{"id":187633,"n":"Boisson aux fruits Jafun Fruits du Verger - 1.5L","p":1.39,"u":"0,93 €/L","img":"https://fd9-photos.leclercdrive.fr/image.ashx?id=2956786&use=l&cat=p&typeid=i","cat":284917},{"id":187729,"n":"Bière Blonde Peroni  6x33cl - 5%vol","p":8.04,"u":"4,06 €/L","img":"https://fd9-photos.leclercdrive.fr/image.ashx?id=2399727&use=l&cat=p&typeid=i","cat":334872},{"id":187808,"n":"Haricots rouges D'aucy  2x125g","p":1.96,"u":"7,84 €/KG","img":"https://fd9-photos.leclercdrive.fr/image.ashx?id=2861933&use=l&cat=p&typeid=i","cat":312606},{"id":187849,"n":"R/c Yoshi quad 1:20e Dès 6 ans","p":34.4,"u":"Dont 0,22 € d'éco-part.","img":"https://fd9-photos.leclercdrive.fr/image.ashx?id=2415120&use=l&cat=p&typeid=i","cat":334382},{"id":187879,"n":"Montre-jeu Pat Patrouille Dès 3 ans","p":16.5,"u":"Dont 0,12 € d'éco-part.","img":"https://fd9-photos.leclercdrive.fr/image.ashx?id=2415144&use=l&cat=p&typeid=i","cat":334378},{"id":187904,"n":"Coffret Dino Valley Dès 3 ans","p":29.9,"u":"Dont 0,20 € d'éco-part.","img":"https://fd9-photos.leclercdrive.fr/image.ashx?id=2415087&use=l&cat=p&typeid=i","cat":334380},{"id":187908,"n":"Coffret Washimals Dès 3 ans","p":38.5,"img":"https://fd9-photos.leclercdrive.fr/image.ashx?id=2415108&use=l&cat=p&typeid=i","cat":334381},{"id":187924,"n":"Ciboulette Sainte Lucie Tibulaire - 10g","p":1.95,"u":"195,00 €/KG","img":"https://fd9-photos.leclercdrive.fr/image.ashx?id=2774448&use=l&cat=p&typeid=i","cat":298297},{"id":187925,"n":"Sucre vanilline Sainte Lucie 5 sachets","p":0.48,"u":"12,63 €/KG","img":"https://fd9-photos.leclercdrive.fr/image.ashx?id=2776127&use=l&cat=p&typeid=i","cat":284504},{"id":187926,"n":"Muesli Bio Village Crousti bio - Chocolat","p":2.9,"u":"5,80 €/KG","img":"https://fd9-photos.leclercdrive.fr/image.ashx?id=2598716&use=l&cat=p&typeid=i","cat":309512},{"id":187987,"n":"Déodorant stick Homme Mennen 24H Musk Sans Alcool - 60ml","p":3.17,"u":"52,83 €/L","img":"https://fd9-photos.leclercdrive.fr/image.ashx?id=2869113&use=l&cat=p&typeid=i","cat":284618},{"id":187990,"n":"Lait Corps Réparateur Mixa Peau abîmée desséchée - 300ml","p":3.78,"u":"12,60 €/L","img":"https://fd9-photos.leclercdrive.fr/image.ashx?id=2908186&use=l&cat=p&typeid=i","cat":325349},{"id":187999,"n":"Lait Corps réparateur Mixa Peaux desséchées - 300ml","p":3.65,"u":"12,17 €/L","img":"https://fd9-photos.leclercdrive.fr/image.ashx?id=2402394&use=l&cat=p&typeid=i","cat":325349},{"id":188000,"n":"Epices curry Sainte Lucie 40g","p":2.19,"u":"54,75 €/KG","img":"https://fd9-photos.leclercdrive.fr/image.ashx?id=2996590&use=l&cat=p&typeid=i","cat":298297},{"id":188001,"n":"Gel coiffant Vivelle DOP Fixation Extrême - 190ml","p":3.66,"u":"19,26 €/L","img":"https://fd9-photos.leclercdrive.fr/image.ashx?id=2402403&use=l&cat=p&typeid=i","cat":284609},{"id":188002,"n":"Gingembre moulu Sainte Lucie 32g","p":2.75,"u":"85,94 €/KG","img":"https://fd9-photos.leclercdrive.fr/image.ashx?id=2774373&use=l&cat=p&typeid=i","cat":298297},{"id":188003,"n":"Gel Coiffant Béton Dop Vivelle Fixation 24h - 190ml","p":3.66,"u":"19,26 €/L","img":"https://fd9-photos.leclercdrive.fr/image.ashx?id=2402406&use=l&cat=p&typeid=i","cat":284609},{"id":188005,"n":"Quatre épices Sainte Lucie  35g","p":2.19,"u":"62,57 €/KG","img":"https://fd9-photos.leclercdrive.fr/image.ashx?id=2774436&use=l&cat=p&typeid=i","cat":298297},{"id":188009,"n":"Stick pour chien Vitanaturals Poulet - 2x11g","p":1.49,"u":"67,73 €/KG","img":"https://fd9-photos.leclercdrive.fr/image.ashx?id=2471445&use=l&cat=p&typeid=i","cat":294527},{"id":188013,"n":"Tablette de chocolat Lindt Lait extra fin - 3x100g","p":5.74,"u":"19,13 €/KG","img":"https://fd9-photos.leclercdrive.fr/image.ashx?id=2655853&use=l&cat=p&typeid=i","cat":284497},{"id":188015,"n":"Cœurs de palmier D'aucy  125g","p":4.1,"u":"18,64 €/KG","img":"https://fd9-photos.leclercdrive.fr/image.ashx?id=2401369&use=l&cat=p&typeid=i","cat":312611},{"id":188113,"n":"Piles alcalines Energizer Max Plus AAA/LR03 - Pack de 10","p":11.77,"img":"https://fd9-photos.leclercdrive.fr/image.ashx?id=2403166&use=l&cat=p&typeid=i","cat":300572},{"id":188164,"n":"Adoucissant concentré Soupline Lavande - 56 lavages - 1,3L","p":5.8,"u":"4,46 €/L","img":"https://fd9-photos.leclercdrive.fr/image.ashx?id=2454583&use=l&cat=p&typeid=i","cat":284650},{"id":188168,"n":"Féta AOP Salakis Fromage brebis et chèvre - 150g","p":2.87,"u":"19,13 €/KG","img":"https://fd9-photos.leclercdrive.fr/image.ashx?id=2879128&use=l&cat=p&typeid=i","cat":314026},{"id":188271,"n":"Matière grasse doux Astra  À tartiner à cuire 70%MG - 500g","p":2.6,"u":"5,20 €/KG","img":"https://fd9-photos.leclercdrive.fr/image.ashx?id=2406301&use=l&cat=p&typeid=i","cat":315229},{"id":188295,"n":"Jambon Le Bon Paris Herta À l'étouffée x4 - 170g","p":2.08,"u":"12,24 €/KG","img":"https://fd9-photos.leclercdrive.fr/image.ashx?id=2731390&use=l&cat=p&typeid=i","cat":316009},{"id":188296,"n":"Jambon Le Bon Paris Herta À l'étouffée x6 - 255g","p":2.93,"u":"11,49 €/KG","img":"https://fd9-photos.leclercdrive.fr/image.ashx?id=2418720&use=l&cat=p&typeid=i","cat":316009},{"id":188383,"n":"Ail blanc bio Bio Village 250g","p":3.79,"u":"15,16 €/KG","img":"https://fd9-photos.leclercdrive.fr/image.ashx?id=2922457&use=l&cat=p&typeid=i","cat":284352},{"id":188418,"n":"Ail Eco+ Filet 250g","p":1.99,"u":"7,96 €/KG","img":"https://fd9-photos.leclercdrive.fr/image.ashx?id=2919586&use=l&cat=p&typeid=i","cat":284352},{"id":188718,"n":"Avocat Bio Bio Village En barquette x2","p":3.59,"u":"1,80 €/P","img":"https://fd9-photos.leclercdrive.fr/image.ashx?id=2551984&use=l&cat=p&typeid=i","cat":284352},{"id":191748,"n":"Pomme de terre Bio Bio Village Four Potage - 1.5kg","p":2.99,"u":"1,99 €/KG","img":"https://fd9-photos.leclercdrive.fr/image.ashx?id=2959752&use=l&cat=p&typeid=i","cat":284352},{"id":192885,"n":"Pomelos Eco+ Filet x3","p":1.79,"u":"0,60 €/P","img":"https://fd9-photos.leclercdrive.fr/image.ashx?id=2680524&use=l&cat=p&typeid=i","cat":284356},{"id":193305,"n":"Poires Eco+ Barquette 1kg","p":2.49,"u":"2,49 €/KG","img":"https://fd9-photos.leclercdrive.fr/image.ashx?id=2909374&use=l&cat=p&typeid=i","cat":284356},{"id":193533,"n":"Kiwis Bio Bio Village x6","p":3.49,"u":"0,58 €/P","img":"https://fd9-photos.leclercdrive.fr/image.ashx?id=2556443&use=l&cat=p&typeid=i","cat":284356},{"id":194070,"n":"AOP Vin rouge Pessac Leognan  Chateau Latour Martillac - 75cl","p":32.2,"u":"42,93 €/L","img":"https://fd9-photos.leclercdrive.fr/image.ashx?id=2404917&use=l&cat=p&typeid=i","cat":289556},{"id":194071,"n":"Jambon Le Bon Paris Herta -25% de sel x2 - 70g","p":1.48,"u":"21,14 €/KG","img":"https://fd9-photos.leclercdrive.fr/image.ashx?id=2405899&use=l&cat=p&typeid=i","cat":316009},{"id":194073,"n":"Jambon Le Bon Paris Herta -25% de sel x4 - 140g","p":2.37,"u":"16,93 €/KG","img":"https://fd9-photos.leclercdrive.fr/image.ashx?id=2995067&use=l&cat=p&typeid=i","cat":316009},{"id":194075,"n":"Jambon Le Bon Paris Herta -25%  de sel sans nitrite x4 - 140g","p":2.54,"u":"18,14 €/KG","img":"https://fd9-photos.leclercdrive.fr/image.ashx?id=2910124&use=l&cat=p&typeid=i","cat":316009},{"id":194078,"n":"Jambon Le Bon Paris Herta Fumé x4 - 140g","p":2.47,"u":"17,64 €/KG","img":"https://fd9-photos.leclercdrive.fr/image.ashx?id=2918664&use=l&cat=p&typeid=i","cat":316009},{"id":194081,"n":"Jambon Le Bon Paris Fumé Herta sans nitrite x4 - 140g","p":2.77,"u":"19,79 €/KG","img":"https://fd9-photos.leclercdrive.fr/image.ashx?id=2881807&use=l&cat=p&typeid=i","cat":316009},{"id":194088,"n":"Barquette chien poulet dinde Edgard et Cooper - 300g","p":2.77,"u":"9,23 €/KG","img":"https://fd9-photos.leclercdrive.fr/image.ashx?id=2406217&use=l&cat=p&typeid=i","cat":284673},{"id":194293,"n":"Croquette chiot poulet Edgard et Cooper - 1kg","p":8.63,"u":"8,63 €/KG","img":"https://fd9-photos.leclercdrive.fr/image.ashx?id=2407967&use=l&cat=p&typeid=i","cat":284672},{"id":194297,"n":"Tranches de fromage Leerdammer L'Original - 8 Tranches - 200g","p":2.45,"u":"12,25 €/KG","img":"https://fd9-photos.leclercdrive.fr/image.ashx?id=2489199&use=l&cat=p&typeid=i","cat":314028},{"id":194298,"n":"Tranches de fromage Leerdammer L'Original - 16 Tranches - 400g","p":4.61,"u":"11,53 €/KG","img":"https://fd9-photos.leclercdrive.fr/image.ashx?id=2489196&use=l&cat=p&typeid=i","cat":314028},{"id":194699,"n":"Lait Corps Nourissant Mixa Effet Soleil - 250ml","p":4.59,"u":"18,36 €/L","img":"https://fd9-photos.leclercdrive.fr/image.ashx?id=2409379&use=l&cat=p&typeid=i","cat":325349},{"id":195757,"n":"AOP Haut Médoc Château La Lagune 2020 - 75cl","p":38.95,"u":"51,93 €/L","img":"https://fd9-photos.leclercdrive.fr/image.ashx?id=2410645&use=l&cat=p&typeid=i","cat":289556},{"id":195788,"n":"AOP Saint Emilion grand cru Clos La Gaffelière 2020 - 75cl","p":21.9,"u":"29,20 €/L","img":"https://fd9-photos.leclercdrive.fr/image.ashx?id=2411213&use=l&cat=p&typeid=i","cat":289556},{"id":195789,"n":"AOP Haut Médoc Belgrave  75cl","p":28.4,"u":"37,87 €/L","img":"https://fd9-photos.leclercdrive.fr/image.ashx?id=2411027&use=l&cat=p&typeid=i","cat":289556},{"id":195919,"n":"Jambon Le Bon Paris Herta  sans nitrite x2 - 70g","p":1.81,"u":"25,86 €/KG","img":"https://fd9-photos.leclercdrive.fr/image.ashx?id=2413531&use=l&cat=p&typeid=i","cat":316009},{"id":195960,"n":"Coton-tiges bébé Mots d'Enfants Bio - x60","p":0.65,"u":"0,01 €/P","img":"https://fd9-photos.leclercdrive.fr/image.ashx?id=3015129&use=l&cat=p&typeid=i","cat":284739},{"id":196176,"n":"Capsules Starbucks by Nespresso  Espresso Roast Int 11 - x18","p":6.05,"u":"58,74 €/KG","img":"https://fd9-photos.leclercdrive.fr/image.ashx?id=2737144&use=l&cat=p&typeid=i","cat":284749},{"id":196241,"n":"Jambon supérieur Eco+ Sans couenne 4 tranches - 160g","p":1.4,"u":"8,75 €/KG","img":"https://fd9-photos.leclercdrive.fr/image.ashx?id=2744407&use=l&cat=p&typeid=i","cat":316009},{"id":196266,"n":"Mousse à Raser 0% Alcool Mennen Peaux sensibles - 250ml","p":2.27,"u":"9,08 €/L","img":"https://fd9-photos.leclercdrive.fr/image.ashx?id=2661733&use=l&cat=p&typeid=i","cat":284617},{"id":196267,"n":"Mousse à Raser 0% Alcool Mennen Hypoallergénique - 250ml","p":2.27,"u":"9,08 €/L","img":"https://fd9-photos.leclercdrive.fr/image.ashx?id=2661736&use=l&cat=p&typeid=i","cat":284617},{"id":196280,"n":"Couches Jumbo Biolane Taille 5 - x40","p":19.75,"u":"0,49 €/P","img":"https://fd9-photos.leclercdrive.fr/image.ashx?id=2876527&use=l&cat=p&typeid=i","cat":284737},{"id":196319,"n":"Jambon supérieur Eco+ Avec couenne 4 tranches - 160g","p":1.43,"u":"8,94 €/KG","img":"https://fd9-photos.leclercdrive.fr/image.ashx?id=2706550&use=l&cat=p&typeid=i","cat":316009},{"id":196320,"n":"Jambon supérieur Eco+ Avec couenne 6 tranches - 240g","p":2.14,"u":"8,92 €/KG","img":"https://fd9-photos.leclercdrive.fr/image.ashx?id=2706553&use=l&cat=p&typeid=i","cat":316009},{"id":196321,"n":"Jambon supérieur Eco+ Sans couenne 6 tranches - 240g","p":2.09,"u":"8,71 €/KG","img":"https://fd9-photos.leclercdrive.fr/image.ashx?id=2706556&use=l&cat=p&typeid=i","cat":316009},{"id":196353,"n":"Chardons liqueurs  jacquot x4 - 300g","p":9.26,"u":"30,87 €/KG","img":"https://fd9-photos.leclercdrive.fr/image.ashx?id=2416685&use=l&cat=p&typeid=i","cat":327601},{"id":196391,"n":"Fizzy tubo mini canes Accroches sapin - 120g","p":3.46,"u":"28,83 €/KG","img":"https://fd9-photos.leclercdrive.fr/image.ashx?id=2416748&use=l&cat=p&typeid=i","cat":327592},{"id":196431,"n":"Beurre Nature de Breton  Demi-sel - 80% MG - 250g","p":2.65,"u":"10,60 €/KG","img":"https://fd9-photos.leclercdrive.fr/image.ashx?id=2872042&use=l&cat=p&typeid=i","cat":284379},{"id":196439,"n":"Beurre Nature de Breton Doux - 82% MG - 250g","p":2.62,"u":"10,48 €/KG","img":"https://fd9-photos.leclercdrive.fr/image.ashx?id=2872039&use=l&cat=p&typeid=i","cat":284379},{"id":196452,"n":"Authentique Revillon  Pralinés - 360g","p":9.99,"u":"27,75 €/KG","img":"https://fd9-photos.leclercdrive.fr/image.ashx?id=2662000&use=l&cat=p&typeid=i","cat":327597},{"id":196454,"n":"Authentique Revillon  Noir - 360g","p":8.77,"u":"24,36 €/KG","img":"https://fd9-photos.leclercdrive.fr/image.ashx?id=2661997&use=l&cat=p&typeid=i","cat":327597},{"id":196458,"n":"Tablette chocolat petit biscuit Rohan - 100g","p":2.68,"u":"26,80 €/KG","img":"https://fd9-photos.leclercdrive.fr/image.ashx?id=2863148&use=l&cat=p&typeid=i","cat":327592},{"id":196488,"n":"Authentique Revillon Chocolat  Lait Voie Lactée - 360g","p":7.3,"u":"20,28 €/KG","img":"https://fd9-photos.leclercdrive.fr/image.ashx?id=2662116&use=l&cat=p&typeid=i","cat":327597},{"id":196500,"n":"Authentique Révillon Noir Lait et Blanc - 360g","p":9.99,"u":"27,75 €/KG","img":"https://fd9-photos.leclercdrive.fr/image.ashx?id=2661994&use=l&cat=p&typeid=i","cat":327597},{"id":196525,"n":"Guimauves au chocolat Révillon  Noir & lait  - 300g","p":11.19,"u":"37,30 €/KG","img":"https://fd9-photos.leclercdrive.fr/image.ashx?id=2662119&use=l&cat=p&typeid=i","cat":327597},{"id":196526,"n":"Papillotes Révillon Pâtes de   fruits de nos région - 370g","p":11.5,"u":"31,08 €/KG","img":"https://fd9-photos.leclercdrive.fr/image.ashx?id=2662122&use=l&cat=p&typeid=i","cat":327597},{"id":196527,"n":"Papillotes Révillon Pâtes  d'Amandes Noir et Lait - 370g","p":11.5,"u":"31,08 €/KG","img":"https://fd9-photos.leclercdrive.fr/image.ashx?id=2661208&use=l&cat=p&typeid=i","cat":327597},{"id":196566,"n":"Fromage de Chèvre Chavroux Frais Nature - 150g","p":1.98,"u":"13,20 €/KG","img":"https://fd9-photos.leclercdrive.fr/image.ashx?id=2912161&use=l&cat=p&typeid=i","cat":314031},{"id":196616,"n":"Déodorant bille 24h Adidas Instant cool - 50ml","p":3.74,"u":"74,80 €/L","img":"https://fd9-photos.leclercdrive.fr/image.ashx?id=2474644&use=l&cat=p&typeid=i","cat":284618},{"id":196685,"n":"Pizza Numero Uno Italpizza Margherita - 410g","p":3.22,"u":"7,85 €/KG","img":"https://fd9-photos.leclercdrive.fr/image.ashx?id=2419752&use=l&cat=p&typeid=i","cat":284256},{"id":196686,"n":"Pizza Numero Uno Italpizza Prosciutto & Funghi - 440g","p":3.71,"u":"8,43 €/KG","img":"https://fd9-photos.leclercdrive.fr/image.ashx?id=2419758&use=l&cat=p&typeid=i","cat":284256},{"id":196687,"n":"Pizza Numero Uno Italpizza 5 Fromaggi - 410g","p":3.57,"u":"8,71 €/KG","img":"https://fd9-photos.leclercdrive.fr/image.ashx?id=2419761&use=l&cat=p&typeid=i","cat":284256},{"id":196774,"n":"Ampoule LED B22 Osram 8,5W=60","p":7.9,"u":"Dont 0,86 € d'éco-part.","img":"https://fd9-photos.leclercdrive.fr/image.ashx?id=2655496&use=l&cat=p&typeid=i","cat":300573},{"id":196798,"n":"Lait en poudre Picot  1er âge - 850g","p":17.66,"u":"20,78 €/KG","img":"https://fd9-photos.leclercdrive.fr/image.ashx?id=2925421&use=l&cat=p&typeid=i","cat":284726},{"id":196800,"n":"Lait de croissance Picot 3ème âge - 850g","p":11.54,"u":"13,58 €/KG","img":"https://fd9-photos.leclercdrive.fr/image.ashx?id=2925427&use=l&cat=p&typeid=i","cat":290219},{"id":196820,"n":"Sucre Vanillé Sainte Lucie  Bourbon - x5","p":2.12,"u":"55,79 €/KG","img":"https://fd9-photos.leclercdrive.fr/image.ashx?id=2421132&use=l&cat=p&typeid=i","cat":284504},{"id":196822,"n":"Baies roses Sainte Lucie De Madagascar - 22g","p":3.45,"u":"156,82 €/KG","img":"https://fd9-photos.leclercdrive.fr/image.ashx?id=2421135&use=l&cat=p&typeid=i","cat":298297},{"id":196823,"n":"Mélange Sainte Lucie Pour volaille - 43g","p":1.56,"u":"36,28 €/KG","img":"https://fd9-photos.leclercdrive.fr/image.ashx?id=2975185&use=l&cat=p&typeid=i","cat":298297},{"id":196824,"n":"Palets Sainte Lucie Chocolat noir - 125g","p":2.83,"u":"22,64 €/KG","img":"https://fd9-photos.leclercdrive.fr/image.ashx?id=2421141&use=l&cat=p&typeid=i","cat":284504},{"id":196827,"n":"Poivre noir Sainte Lucie Tellicherry - 46g","p":4.3,"u":"93,48 €/KG","img":"https://fd9-photos.leclercdrive.fr/image.ashx?id=2968163&use=l&cat=p&typeid=i","cat":284457},{"id":196829,"n":"Poivre rouge Sainte Lucie Kampot - 52g","p":7.65,"u":"147,12 €/KG","img":"https://fd9-photos.leclercdrive.fr/image.ashx?id=2421147&use=l&cat=p&typeid=i","cat":284457},{"id":196831,"n":"Mélange d'herbes Sainte Lucie Saveur du potager - 22g","p":3.4,"u":"154,55 €/KG","img":"https://fd9-photos.leclercdrive.fr/image.ashx?id=2421150&use=l&cat=p&typeid=i","cat":298297},{"id":196851,"n":"Foie gras de canard entier  Sel Ile de Ré Delpeyrat - 270g","p":35.9,"u":"132,96 €/KG","img":"https://fd9-photos.leclercdrive.fr/image.ashx?id=2574880&use=l&cat=p&typeid=i","cat":316008},{"id":196854,"n":"Foie gras de canard entier Delpeyrat - 125g","p":19.7,"u":"157,60 €/KG","img":"https://fd9-photos.leclercdrive.fr/image.ashx?id=2943888&use=l&cat=p&typeid=i","cat":316008},{"id":196887,"n":"Compresseur Airforce Scheppach 1 pièce","p":93.9,"u":"Dont 0,50 € d'éco-part.","img":"https://fd9-photos.leclercdrive.fr/image.ashx?id=2438001&use=l&cat=p&typeid=i","cat":300576},{"id":196965,"n":"Liqueur de menthe Get 27 17,9° - 70cl","p":10.62,"u":"15,17 €/L","img":"https://fd9-photos.leclercdrive.fr/image.ashx?id=2835565&use=l&cat=p&typeid=i","cat":286032},{"id":197125,"n":"Cerneaux de noix Seeberger 500g","p":16.22,"u":"32,44 €/KG","img":"https://fd9-photos.leclercdrive.fr/image.ashx?id=2950618&use=l&cat=p&typeid=i","cat":284357},{"id":197175,"n":"Tube mastic Re-New Rubson Blanc - 5m de joint","p":8.75,"u":"109,38 €/KG","img":"https://fd9-photos.leclercdrive.fr/image.ashx?id=2425685&use=l&cat=p&typeid=i","cat":300576},{"id":197399,"n":"Foie de morue nature Nautilus Citron - 120g","p":1.95,"u":"16,25 €/KG","img":"https://fd9-photos.leclercdrive.fr/image.ashx?id=2759298&use=l&cat=p&typeid=i","cat":305147},{"id":197547,"n":"Bâtonnets à mâcher Dentalife ActivFresh - 115g - x7","p":2.19,"u":"19,04 €/KG","img":"https://fd9-photos.leclercdrive.fr/image.ashx?id=2902373&use=l&cat=p&typeid=i","cat":294527},{"id":197561,"n":"Bâtonnet à mâcher Dentalife ActivFresh - 115g - x5","p":2.16,"u":"18,78 €/KG","img":"https://fd9-photos.leclercdrive.fr/image.ashx?id=2427697&use=l&cat=p&typeid=i","cat":294527},{"id":197625,"n":"Tablette de chocolat noir Lindt 3x100g","p":4.56,"u":"15,20 €/KG","img":"https://fd9-photos.leclercdrive.fr/image.ashx?id=2721422&use=l&cat=p&typeid=i","cat":284956},{"id":197628,"n":"Gousse de vanille Sainte-Lucie Papouasie x1","p":2.91,"img":"https://fd9-photos.leclercdrive.fr/image.ashx?id=2427967&use=l&cat=p&typeid=i","cat":284504},{"id":197634,"n":"Noisettes poudre Sainte Luci Grillées France - 100g","p":3.25,"u":"32,50 €/KG","img":"https://fd9-photos.leclercdrive.fr/image.ashx?id=2428009&use=l&cat=p&typeid=i","cat":284504},{"id":197635,"n":"Ail de France Sainte Lucie 55g","p":3.25,"u":"59,09 €/KG","img":"https://fd9-photos.leclercdrive.fr/image.ashx?id=2427970&use=l&cat=p&typeid=i","cat":298297},{"id":197637,"n":"Sainte Lucie Persillade Provençale - 19g","p":1.82,"u":"95,79 €/KG","img":"https://fd9-photos.leclercdrive.fr/image.ashx?id=2427973&use=l&cat=p&typeid=i","cat":298297},{"id":197638,"n":"Coriandre poudre Sainte Lucie 30g","p":1.92,"u":"64,00 €/KG","img":"https://fd9-photos.leclercdrive.fr/image.ashx?id=2435186&use=l&cat=p&typeid=i","cat":298297},{"id":197642,"n":"Décors à manger Sainte Lucie Licornes  x1","p":3.25,"img":"https://fd9-photos.leclercdrive.fr/image.ashx?id=2427976&use=l&cat=p&typeid=i","cat":284504},{"id":197658,"n":"Assiettes d'escargots Escal Lot de 3 - 202g","p":12.75,"u":"63,12 €/KG","img":"https://fd9-photos.leclercdrive.fr/image.ashx?id=2966686&use=l&cat=p&typeid=i","cat":319775},{"id":197660,"n":"36 Escargots Escal à l'alsacienne - 202g","p":12.75,"u":"63,12 €/KG","img":"https://fd9-photos.leclercdrive.fr/image.ashx?id=2966683&use=l&cat=p&typeid=i","cat":319775},{"id":197697,"n":"Crème de nuit L'Oréal Paris Age perfect Anti-âge - 50ml","p":11.97,"pp":7.9,"u":"158,00 €/L","img":"https://fd9-photos.leclercdrive.fr/image.ashx?id=2428441&use=l&cat=p&typeid=i","cat":325345},{"id":197724,"n":"Crème de Jour Cellular Nivea Anti-rides Repulpant - 50ml","p":12.2,"u":"244,00 €/L","img":"https://fd9-photos.leclercdrive.fr/image.ashx?id=2429485&use=l&cat=p&typeid=i","cat":325345},{"id":197901,"n":"Citron jaune Rustica 500ml","p":1.93,"u":"3,86 €/L","img":"https://fd9-photos.leclercdrive.fr/image.ashx?id=2453947&use=l&cat=p&typeid=i","cat":288383},{"id":197916,"n":"Tasse céramique Avengers Captain America - 34g","p":5.2,"u":"152,94 €/KG","img":"https://fd9-photos.leclercdrive.fr/image.ashx?id=2451789&use=l&cat=p&typeid=i","cat":327789},{"id":198054,"n":"AOP vin rouge Bordeaux  Mouton Cadet - 1.5L","p":19.9,"u":"13,27 €/L","img":"https://fd9-photos.leclercdrive.fr/image.ashx?id=2986395&use=l&cat=p&typeid=i","cat":289556},{"id":198193,"n":"Bière Lindemans framboise 25cl","p":1.78,"u":"7,12 €/L","img":"https://fd9-photos.leclercdrive.fr/image.ashx?id=2433458&use=l&cat=p&typeid=i","cat":334872},{"id":198195,"n":"Bière Lindemans New Pecheresse 25cl","p":1.96,"u":"7,84 €/L","img":"https://fd9-photos.leclercdrive.fr/image.ashx?id=2433461&use=l&cat=p&typeid=i","cat":334872},{"id":198196,"n":"Les Arrangés Divins Bio Poivre menthe citron vert 70cl","p":26.7,"u":"38,14 €/L","img":"https://fd9-photos.leclercdrive.fr/image.ashx?id=2435495&use=l&cat=p&typeid=i","cat":284550},{"id":198212,"n":"Thé glacé Lipton Ice Tea pêche La bouteille de 50cl","p":1.02,"u":"2,04 €/L","img":"https://fd9-photos.leclercdrive.fr/image.ashx?id=2432022&use=l&cat=p&typeid=i","cat":295019},{"id":198214,"n":"Pepsi Max 50cl","p":0.98,"u":"1,96 €/L","img":"https://fd9-photos.leclercdrive.fr/image.ashx?id=2432722&use=l&cat=p&typeid=i","cat":284530},{"id":198220,"n":"Colle Répare tout Sader Instantanée Gel - 3x1g","p":5.5,"img":"https://fd9-photos.leclercdrive.fr/image.ashx?id=2435423&use=l&cat=p&typeid=i","cat":300576},{"id":198222,"n":"Pepsi 50cl","p":1.14,"u":"2,28 €/L","img":"https://fd9-photos.leclercdrive.fr/image.ashx?id=2433286&use=l&cat=p&typeid=i","cat":284530},{"id":198224,"n":"Colle Répare tout Sader Instantanée Liquide - 3x1g","p":5.95,"img":"https://fd9-photos.leclercdrive.fr/image.ashx?id=2435414&use=l&cat=p&typeid=i","cat":300576},{"id":198226,"n":"Colle Répare tout Sader Instantanée Liquide - 5x0.5g","p":6.25,"u":"1,25 €/P","img":"https://fd9-photos.leclercdrive.fr/image.ashx?id=2435426&use=l&cat=p&typeid=i","cat":300576},{"id":198231,"n":"Pâte Répare tout Sader Pâte à réparer Epoxy - 57g","p":11.5,"img":"https://fd9-photos.leclercdrive.fr/image.ashx?id=2435429&use=l&cat=p&typeid=i","cat":300576},{"id":198240,"n":"Spot PAR16 LED Osram 4,3W=50 GU10 chaud- x3","p":4.85,"u":"Dont 0,86 € d'éco-part.","img":"https://fd9-photos.leclercdrive.fr/image.ashx?id=2433280&use=l&cat=p&typeid=i","cat":300573},{"id":198241,"n":"Spot PAR16 LED Osram 4,3W=50 GU10 froid - x3","p":7.9,"u":"Dont 0,86 € d'éco-part.","img":"https://fd9-photos.leclercdrive.fr/image.ashx?id=2433283&use=l&cat=p&typeid=i","cat":300573},{"id":198289,"n":"Colle Répare tout Sader Extrême Gel - 30g","p":11.1,"img":"https://fd9-photos.leclercdrive.fr/image.ashx?id=2435432&use=l&cat=p&typeid=i","cat":300576},{"id":198292,"n":"Colle Répare tout Sader Instantanée Gel - 3g","p":5.68,"img":"https://fd9-photos.leclercdrive.fr/image.ashx?id=2435420&use=l&cat=p&typeid=i","cat":300576},{"id":198319,"n":"Boisson énergisante Monster Mango loco - 4x50cl","p":6.16,"u":"3,08 €/L","img":"https://fd9-photos.leclercdrive.fr/image.ashx?id=2983465&use=l&cat=p&typeid=i","cat":284533},{"id":198338,"n":"Confiture Douceur du Verger Fraise intense - 320 g","p":1.42,"u":"4,44 €/KG","img":"https://fd9-photos.leclercdrive.fr/image.ashx?id=2965605&use=l&cat=p&typeid=i","cat":284480},{"id":198348,"n":"Confiture Douceur du Verger Abricot intense - 320 g","p":1.42,"u":"4,44 €/KG","img":"https://fd9-photos.leclercdrive.fr/image.ashx?id=2965608&use=l&cat=p&typeid=i","cat":284480},{"id":198349,"n":"Confiture Douceur du Verger Myrtille intense - 320g","p":1.99,"u":"6,22 €/KG","img":"https://fd9-photos.leclercdrive.fr/image.ashx?id=2965611&use=l&cat=p&typeid=i","cat":284480},{"id":198355,"n":"Confiture Douceur du Verger Framboise intense - 320g","p":2.1,"u":"6,56 €/KG","img":"https://fd9-photos.leclercdrive.fr/image.ashx?id=2965614&use=l&cat=p&typeid=i","cat":284480},{"id":198357,"n":"Confiture Douceur du Verger Fruits rouges intense - 320g","p":1.7,"u":"5,31 €/KG","img":"https://fd9-photos.leclercdrive.fr/image.ashx?id=2965617&use=l&cat=p&typeid=i","cat":284480},{"id":198522,"n":"Haricots vert Bio Village Bio - 180g","p":1.99,"u":"11,06 €/KG","img":"https://fd9-photos.leclercdrive.fr/image.ashx?id=3002713&use=l&cat=p&typeid=i","cat":312606},{"id":198523,"n":"Desserts Lactés P'TIT ONCTUEUX Fromage blanc 6M+ - 4x90g","p":2.11,"u":"5,86 €/KG","img":"https://fd9-photos.leclercdrive.fr/image.ashx?id=2435707&use=l&cat=p&typeid=i","cat":312392},{"id":198524,"n":"Desserts Lactés P'TIT ONCTUEUX Banane 6M+ - 4x90g","p":2.02,"u":"5,61 €/KG","img":"https://fd9-photos.leclercdrive.fr/image.ashx?id=2435710&use=l&cat=p&typeid=i","cat":312392},{"id":198552,"n":"Arome vanille Sainte Lucie naturel -  50ml","p":2.81,"u":"56,20 €/KG","img":"https://fd9-photos.leclercdrive.fr/image.ashx?id=2435908&use=l&cat=p&typeid=i","cat":284504},{"id":198558,"n":"Cranberries Sainte Lucie 125g","p":2.1,"u":"16,80 €/KG","img":"https://fd9-photos.leclercdrive.fr/image.ashx?id=2435914&use=l&cat=p&typeid=i","cat":284504},{"id":198577,"n":"Pralines roses Sainte Lucie  125g","p":2.76,"u":"22,08 €/KG","img":"https://fd9-photos.leclercdrive.fr/image.ashx?id=2435917&use=l&cat=p&typeid=i","cat":284504},{"id":198582,"n":"Desserts Lactés P'TIT ONCTUEUX Mangue ananas 6M+ - 4x90g","p":2.06,"u":"5,72 €/KG","img":"https://fd9-photos.leclercdrive.fr/image.ashx?id=2435932&use=l&cat=p&typeid=i","cat":312392},{"id":198669,"n":"Sugo al basilico  340g","p":1.69,"u":"4,97 €/KG","img":"https://fd9-photos.leclercdrive.fr/image.ashx?id=2840025&use=l&cat=p&typeid=i","cat":288384},{"id":198696,"n":"Champagne Montaudon 75cl","p":28.9,"pp":24.56,"u":"32,75 €/L","img":"https://fd9-photos.leclercdrive.fr/image.ashx?id=2436885&use=l&cat=p&typeid=i","cat":284542},{"id":198794,"n":"Protège-slips Doulys Ultra-mince Long - x30","p":1.25,"u":"0,04 €/P","img":"https://fd9-photos.leclercdrive.fr/image.ashx?id=2882343&use=l&cat=p&typeid=i","cat":284625},{"id":198835,"n":"Gel à raser Satin Care Gillette Nettoyant 2 en 1 - 190ML","p":11.59,"u":"61,00 €/L","img":"https://fd9-photos.leclercdrive.fr/image.ashx?id=2529132&use=l&cat=p&typeid=i","cat":325352},{"id":198859,"n":"Pizza Turini Chèvre et Miel - 380g","p":3.29,"u":"8,66 €/KG","img":"https://fd9-photos.leclercdrive.fr/image.ashx?id=2888965&use=l&cat=p&typeid=i","cat":333679},{"id":198866,"n":"Rasoir Gillette Fusion5  x1 manche + 3 lames","p":17.06,"img":"https://fd9-photos.leclercdrive.fr/image.ashx?id=2507098&use=l&cat=p&typeid=i","cat":284616},{"id":198871,"n":"Rasoir Gillette Proglides 2 lames - x1","p":17.11,"img":"https://fd9-photos.leclercdrive.fr/image.ashx?id=2689094&use=l&cat=p&typeid=i","cat":284616},{"id":198920,"n":"Lames de rasoir GilletteLabs x4","p":24.99,"u":"6,25 €/P","img":"https://fd9-photos.leclercdrive.fr/image.ashx?id=2437683&use=l&cat=p&typeid=i","cat":284616},{"id":198951,"n":"Rasoir GilletteLabs Barre exfoliante - 3 lames - x1","p":44.9,"img":"https://fd9-photos.leclercdrive.fr/image.ashx?id=2437011&use=l&cat=p&typeid=i","cat":284616},{"id":198959,"n":"Gel désodorisant Uni vert Lavande Eucalyptus","p":1.39,"img":"https://fd9-photos.leclercdrive.fr/image.ashx?id=2478934&use=l&cat=p&typeid=i","cat":311628},{"id":198968,"n":"Bloc wc javel Syphon eau bleue x2 - 100g","p":1.78,"u":"17,80 €/KG","img":"https://fd9-photos.leclercdrive.fr/image.ashx?id=2437005&use=l&cat=p&typeid=i","cat":284662},{"id":198972,"n":"Nettoyant ménager Clair Désinfectant - 5L","p":3.96,"u":"0,79 €/L","img":"https://fd9-photos.leclercdrive.fr/image.ashx?id=2909407&use=l&cat=p&typeid=i","cat":284907},{"id":198974,"n":"Perles désodorisantes Bien Air Agrumes","p":2.39,"img":"https://fd9-photos.leclercdrive.fr/image.ashx?id=2939094&use=l&cat=p&typeid=i","cat":311628},{"id":199018,"n":"AOC Beaumes de Venise rouge Grand Cardinal de Bonpas - 75cl","p":4.9,"u":"6,53 €/L","img":"https://fd9-photos.leclercdrive.fr/image.ashx?id=2830150&use=l&cat=p&typeid=i","cat":289556},{"id":199097,"n":"Chocolat Père Noel Kinder 160g","p":5.4,"u":"33,75 €/KG","img":"https://fd9-photos.leclercdrive.fr/image.ashx?id=2764308&use=l&cat=p&typeid=i","cat":327592},{"id":199108,"n":"Oranges givrées X4 288g","p":6.99,"u":"24,27 €/KG","img":"https://fd9-photos.leclercdrive.fr/image.ashx?id=2533808&use=l&cat=p&typeid=i","cat":284266},{"id":199267,"n":"Bûche glacée Pilpa Douceur Citron Meringue 464g","p":5.27,"u":"11,36 €/KG","img":"https://fd9-photos.leclercdrive.fr/image.ashx?id=2751030&use=l&cat=p&typeid=i","cat":284266},{"id":199298,"n":"Bûche glacée Eskiss Façon Pêche Melba - 565g","p":3.89,"u":"6,88 €/KG","img":"https://fd9-photos.leclercdrive.fr/image.ashx?id=2791377&use=l&cat=p&typeid=i","cat":284266},{"id":199553,"n":"Dentifrice Elmex Sensitive Original - 75ml","p":4.45,"u":"59,33 €/L","img":"https://fd9-photos.leclercdrive.fr/image.ashx?id=2738404&use=l&cat=p&typeid=i","cat":284612},{"id":199559,"n":"Dentifrice Elmex Sensitive  Blancheur douce - 2x75ml","p":9.02,"u":"60,13 €/MT","img":"https://fd9-photos.leclercdrive.fr/image.ashx?id=2738425&use=l&cat=p&typeid=i","cat":284612},{"id":199598,"n":"Désodorisant diffuseur Airwick  Active Fresh Vanille - 228ml","p":7.09,"u":"31,10 €/L","img":"https://fd9-photos.leclercdrive.fr/image.ashx?id=2864672&use=l&cat=p&typeid=i","cat":311629},{"id":200125,"n":"Soupe Marcel Bio Panais Pomme Noisette - 48cl","p":3.92,"u":"8,17 €/L","img":"https://fd9-photos.leclercdrive.fr/image.ashx?id=2445781&use=l&cat=p&typeid=i","cat":284462},{"id":200128,"n":"Soupe Marcel Bio Petits pois concombre - 48cl","p":4.15,"u":"8,65 €/L","img":"https://fd9-photos.leclercdrive.fr/image.ashx?id=2445772&use=l&cat=p&typeid=i","cat":284462},{"id":200135,"n":"Liqueur de menthe Get 27 Edition Limitée 17,9° - 70cl","p":10.62,"u":"15,17 €/L","img":"https://fd9-photos.leclercdrive.fr/image.ashx?id=2445787&use=l&cat=p&typeid=i","cat":286032},{"id":200175,"n":"Plat bébé soir Blédiner 15 mois Pâtes légumes - 200g","p":2.4,"u":"12,00 €/KG","img":"https://fd9-photos.leclercdrive.fr/image.ashx?id=2866295&use=l&cat=p&typeid=i","cat":312239},{"id":200202,"n":"Repas bébé Blédina 15 mois carotte haricot riz bœuf 200g","p":2.32,"u":"11,60 €/KG","img":"https://fd9-photos.leclercdrive.fr/image.ashx?id=2586586&use=l&cat=p&typeid=i","cat":312238},{"id":200218,"n":"Repas bébé Blédina 15 mois carotte pâte épices poulet 200g","p":2.32,"u":"11,60 €/KG","img":"https://fd9-photos.leclercdrive.fr/image.ashx?id=2951632&use=l&cat=p&typeid=i","cat":312238},{"id":200269,"n":"Pile Alcalines Energizer Max AAA/LR03 x14","p":13.17,"img":"https://fd9-photos.leclercdrive.fr/image.ashx?id=2447388&use=l&cat=p&typeid=i","cat":300572},{"id":200297,"n":"Deuxième Génération 1820 blanc Jeanne & Célerin - 75cl","p":17.94,"u":"23,92 €/L","img":"https://fd9-photos.leclercdrive.fr/image.ashx?id=2447984&use=l&cat=p&typeid=i","cat":289557},{"id":200304,"n":"Champagne G.H Martel & Cie Extra brut - 75cl","p":20.7,"u":"27,60 €/L","img":"https://fd9-photos.leclercdrive.fr/image.ashx?id=2447948&use=l&cat=p&typeid=i","cat":284542},{"id":200323,"n":"Cassoulet Castelnaudary NRT 420g","p":2.5,"u":"5,95 €/KG","img":"https://fd9-photos.leclercdrive.fr/image.ashx?id=2805990&use=l&cat=p&typeid=i","cat":284440},{"id":200325,"n":"Lamelles Sainte Lucie Ecorces d'orange confites 100g","p":3.42,"u":"34,20 €/KG","img":"https://fd9-photos.leclercdrive.fr/image.ashx?id=2447927&use=l&cat=p&typeid=i","cat":284504},{"id":200330,"n":"Bougies magiques Sainte Lucie x12 -1p","p":1.7,"img":"https://fd9-photos.leclercdrive.fr/image.ashx?id=2447933&use=l&cat=p&typeid=i","cat":284504},{"id":200375,"n":"Melange  mexicain Sainte Lucie 20g","p":1.4,"u":"70,00 €/KG","img":"https://fd9-photos.leclercdrive.fr/image.ashx?id=2448388&use=l&cat=p&typeid=i","cat":284504},{"id":200379,"n":"Cassoulet Castelnaud NRT 840g","p":4.3,"u":"5,12 €/KG","img":"https://fd9-photos.leclercdrive.fr/image.ashx?id=2805993&use=l&cat=p&typeid=i","cat":284440},{"id":200384,"n":"Grande flute Eco+ Fromage - 150g","p":1.39,"u":"9,27 €/KG","img":"https://fd9-photos.leclercdrive.fr/image.ashx?id=2681461&use=l&cat=p&typeid=i","cat":297000},{"id":200634,"n":"Trio mini foies gras de canard L'Origine du Goût Entier - 180g","p":17.95,"u":"99,72 €/KG","img":"https://fd9-photos.leclercdrive.fr/image.ashx?id=2795635&use=l&cat=p&typeid=i","cat":316008},{"id":200648,"n":"Escargot de Bourgogne surgelé L'origine du goût x12 - 110g","p":6.99,"u":"63,55 €/KG","img":"https://fd9-photos.leclercdrive.fr/image.ashx?id=2809885&use=l&cat=p&typeid=i","cat":319775},{"id":200708,"n":"Biscuits Mikado Lu  Chocolat blanc - 70g","p":1.88,"u":"26,86 €/KG","img":"https://fd9-photos.leclercdrive.fr/image.ashx?id=3001976&use=l&cat=p&typeid=i","cat":284488},{"id":200714,"n":"Céréales Lion Nestlé   Triple Crunchy - 550g","p":4.28,"u":"7,78 €/KG","img":"https://fd9-photos.leclercdrive.fr/image.ashx?id=2893538&use=l&cat=p&typeid=i","cat":309513},{"id":200763,"n":"Gel lavant hydratant Sanytol Aloe vera Bio - 250ml","p":2.7,"u":"10,80 €/L","img":"https://fd9-photos.leclercdrive.fr/image.ashx?id=2905273&use=l&cat=p&typeid=i","cat":284597},{"id":200779,"n":"Nettoyant sol Vigor Désincrustant intense - 1L","p":3.18,"u":"3,18 €/L","img":"https://fd9-photos.leclercdrive.fr/image.ashx?id=2736160&use=l&cat=p&typeid=i","cat":284907},{"id":200987,"n":"Mini burger Jacquet Nature x10 - 210g","p":1.74,"u":"8,29 €/KG","img":"https://fd9-photos.leclercdrive.fr/image.ashx?id=2991873&use=l&cat=p&typeid=i","cat":325067},{"id":201017,"n":"Crêpes dentelles Bretagne NRT 120g","p":1.72,"u":"14,33 €/KG","img":"https://fd9-photos.leclercdrive.fr/image.ashx?id=2622359&use=l&cat=p&typeid=i","cat":284487},{"id":201037,"n":"IGP Pays d'Oc Cabernet Sauvignon Rouge - BIB 3L","p":10.49,"u":"3,50 €/L","img":"https://fd9-photos.leclercdrive.fr/image.ashx?id=2454820&use=l&cat=p&typeid=i","cat":289556},{"id":201039,"n":"IGP Pays d'Oc Merlot Rouge - BIB 3L","p":10.49,"u":"3,50 €/L","img":"https://fd9-photos.leclercdrive.fr/image.ashx?id=2454826&use=l&cat=p&typeid=i","cat":289556},{"id":201052,"n":"Raclette Gratte Givre Tech9 Avec Moufle- 1 pièce","p":4.95,"img":"https://fd9-photos.leclercdrive.fr/image.ashx?id=2461857&use=l&cat=p&typeid=i","cat":298252},{"id":201192,"n":"Boisson fermentée désalcoolisée Rouge - à base de raisin - 75cl","p":3.3,"u":"4,40 €/L","img":"https://fd9-photos.leclercdrive.fr/image.ashx?id=2477664&use=l&cat=p&typeid=i","cat":284549},{"id":201193,"n":"Boisson fermentée désalcoolisée Rosé - à base de raisin - 75cl","p":3.2,"u":"4,27 €/L","img":"https://fd9-photos.leclercdrive.fr/image.ashx?id=2477667&use=l&cat=p&typeid=i","cat":284549},{"id":201194,"n":"Boisson fermentée désalcoolisée Blanc - à base de raisin - 75cl","p":3.19,"u":"4,25 €/L","img":"https://fd9-photos.leclercdrive.fr/image.ashx?id=2477670&use=l&cat=p&typeid=i","cat":284549},{"id":201298,"n":"Fromage enfant La Vache qui rit Original 12P à tartiner - 192g","p":2.47,"u":"12,86 €/KG","img":"https://fd9-photos.leclercdrive.fr/image.ashx?id=2945442&use=l&cat=p&typeid=i","cat":314030},{"id":201300,"n":"Fromage enfant La Vache qui rit Original 32P à tartiner - 512g","p":4.73,"u":"9,24 €/KG","img":"https://fd9-photos.leclercdrive.fr/image.ashx?id=2945448&use=l&cat=p&typeid=i","cat":314030},{"id":201341,"n":"Iceberg Eco+","p":0.99,"img":"https://fd9-photos.leclercdrive.fr/image.ashx?id=2715747&use=l&cat=p&typeid=i","cat":284352},{"id":201422,"n":"Saucisses cocktail Stéphan Mexicaine - 400g","p":2.18,"u":"5,45 €/KG","img":"https://fd9-photos.leclercdrive.fr/image.ashx?id=2767540&use=l&cat=p&typeid=i","cat":284450},{"id":201455,"n":"Thé vert Boost Yate x20 - 32g","p":1.49,"u":"46,56 €/KG","img":"https://fd9-photos.leclercdrive.fr/image.ashx?id=2897811&use=l&cat=p&typeid=i","cat":293233},{"id":201456,"n":"Maté Yate x20 - 30g","p":1.49,"u":"49,67 €/KG","img":"https://fd9-photos.leclercdrive.fr/image.ashx?id=2854252&use=l&cat=p&typeid=i","cat":293233},{"id":201457,"n":"Infusion détente Tisea x20","p":1.49,"u":"46,56 €/KG","img":"https://fd9-photos.leclercdrive.fr/image.ashx?id=2672948&use=l&cat=p&typeid=i","cat":293234},{"id":201458,"n":"Chips ondulées Pom' Lisse 135g","p":1.29,"u":"9,56 €/KG","img":"https://fd9-photos.leclercdrive.fr/image.ashx?id=2644695&use=l&cat=p&typeid=i","cat":284447},{"id":201460,"n":"Terrine de campagne Côté Table Sel de guérande - 180g","p":1.47,"u":"8,17 €/KG","img":"https://fd9-photos.leclercdrive.fr/image.ashx?id=2460418&use=l&cat=p&typeid=i","cat":305149},{"id":201461,"n":"Terrine de campagne bio Piment d’Espelette - 180g","p":2.99,"u":"16,61 €/KG","img":"https://fd9-photos.leclercdrive.fr/image.ashx?id=2460421&use=l&cat=p&typeid=i","cat":305149},{"id":201528,"n":"Porto ruby Dorrao 18%vol - 75cl","p":8.39,"u":"11,19 €/L","img":"https://fd9-photos.leclercdrive.fr/image.ashx?id=2869871&use=l&cat=p&typeid=i","cat":284913},{"id":201552,"n":"Lames de rasoir Gillette Fusion Lot de 6+6","p":37.3,"u":"3,11 €/P","img":"https://fd9-photos.leclercdrive.fr/image.ashx?id=2787950&use=l&cat=p&typeid=i","cat":284616},{"id":201554,"n":"Lames de rasoir Gillette Mach3 Lot de 3x4","p":33.64,"u":"2,80 €/P","img":"https://fd9-photos.leclercdrive.fr/image.ashx?id=2894506&use=l&cat=p&typeid=i","cat":284616},{"id":201555,"n":"Gillette Mach3 Turbo - Lot de 3x4","p":39.13,"u":"3,26 €/P","img":"https://fd9-photos.leclercdrive.fr/image.ashx?id=2787947&use=l&cat=p&typeid=i","cat":284616},{"id":201571,"n":"Viande bovine Bourguignon ** à mijoter - 500g","p":6.79,"u":"13,58 €/KG","img":"https://fd9-photos.leclercdrive.fr/image.ashx?id=2930933&use=l&cat=p&typeid=i","cat":284328},{"id":201607,"n":"Rasoirs jetables Wilkinson Extra 3 Essentials - x4","p":2.4,"u":"0,60 €/P","img":"https://fd9-photos.leclercdrive.fr/image.ashx?id=2462840&use=l&cat=p&typeid=i","cat":325352},{"id":201688,"n":"Beurre plaquette Eco+ Doux - 60% MG  - 200g","p":1.45,"u":"7,25 €/KG","img":"https://fd9-photos.leclercdrive.fr/image.ashx?id=2794187&use=l&cat=p&typeid=i","cat":284379},{"id":201689,"n":"Café capsules Plantation Lungo -","p":5.15,"u":"33,01 €/KG","img":"https://fd9-photos.leclercdrive.fr/image.ashx?id=2860085&use=l&cat=p&typeid=i","cat":284749},{"id":201690,"n":"Beurre plaquette Eco+ Demi-sel - 60% MG - 200g","p":1.47,"u":"7,35 €/KG","img":"https://fd9-photos.leclercdrive.fr/image.ashx?id=2794184&use=l&cat=p&typeid=i","cat":284379},{"id":201692,"n":"Frites Crousti Express Findus Micro-ondes Allumette 2x100g","p":1.72,"u":"8,60 €/KG","img":"https://fd9-photos.leclercdrive.fr/image.ashx?id=2648274&use=l&cat=p&typeid=i","cat":319791},{"id":201702,"n":"Bière Leffe Ruby 5% - 6x25cl","p":5.37,"u":"3,58 €/L","img":"https://fd9-photos.leclercdrive.fr/image.ashx?id=2811581&use=l&cat=p&typeid=i","cat":334878},{"id":201708,"n":"Spray Solaire Garnier Hypoallergénique SPF50+ - 150ml","p":9.6,"u":"64,00 €/L","img":"https://fd9-photos.leclercdrive.fr/image.ashx?id=2572272&use=l&cat=p&typeid=i","cat":325355},{"id":201721,"n":"Brume Solaire SPF50+ Garnier Très Haute Protection - 150ml","p":10.6,"u":"70,67 €/L","img":"https://fd9-photos.leclercdrive.fr/image.ashx?id=2572269&use=l&cat=p&typeid=i","cat":325355},{"id":201726,"n":"Spray Solaire Enfants Garnier Hypoallergénique SPF50+ - 150ml","p":11.3,"u":"75,33 €/L","img":"https://fd9-photos.leclercdrive.fr/image.ashx?id=2552847&use=l&cat=p&typeid=i","cat":325355},{"id":201729,"n":"Lait Fluide SPF50+ Garnier Hydratant - 175ml","p":12.01,"u":"68,63 €/L","img":"https://fd9-photos.leclercdrive.fr/image.ashx?id=2464168&use=l&cat=p&typeid=i","cat":325355},{"id":201732,"n":"Brume solaire Ambre Solaire  Brume sèche SPF30 - 200ml","p":11.9,"u":"59,50 €/L","img":"https://fd9-photos.leclercdrive.fr/image.ashx?id=2464171&use=l&cat=p&typeid=i","cat":null},{"id":201733,"n":"Spray solaire Mixa  Enfant SPF50+ - 150ml","p":11.27,"u":"75,13 €/L","img":"https://fd9-photos.leclercdrive.fr/image.ashx?id=2464186&use=l&cat=p&typeid=i","cat":325355},{"id":201734,"n":"Lait protection Solaire Mixa Anti-sel, Chlore SPF50+ - 175ml","p":9.99,"u":"57,09 €/L","img":"https://fd9-photos.leclercdrive.fr/image.ashx?id=2464189&use=l&cat=p&typeid=i","cat":325355},{"id":201760,"n":"Complément alimentaire Vitea","p":5.98,"u":"0,30 €/P","img":"https://fd9-photos.leclercdrive.fr/image.ashx?id=2695923&use=l&cat=p&typeid=i","cat":284632},{"id":201765,"n":"Ambre Solaire Sérum Garnier Super UV SPF50+ - 30ml","p":10.54,"u":"351,33 €/L","img":"https://fd9-photos.leclercdrive.fr/image.ashx?id=2735374&use=l&cat=p&typeid=i","cat":325355},{"id":201772,"n":"Dentifrice Elmex Sensitive Blancheur douce - 75ml","p":5.34,"u":"71,20 €/L","img":"https://fd9-photos.leclercdrive.fr/image.ashx?id=2721187&use=l&cat=p&typeid=i","cat":284612},{"id":201774,"n":"Sous-vêtements nuit DryNites® Garçons 4-7 ans (17-30 kg) x16","p":12.73,"u":"0,80 €/P","img":"https://fd9-photos.leclercdrive.fr/image.ashx?id=2844727&use=l&cat=p&typeid=i","cat":290633},{"id":201775,"n":"Sous-vêtements nuit DryNites® Garçons 8-13 ans (30-48 kg) x13","p":11.85,"u":"0,91 €/P","img":"https://fd9-photos.leclercdrive.fr/image.ashx?id=2971314&use=l&cat=p&typeid=i","cat":290633},{"id":201835,"n":"Pizza Crousti Moelleuse Marie Royale - 500g","p":4.1,"u":"8,20 €/KG","img":"https://fd9-photos.leclercdrive.fr/image.ashx?id=2996704&use=l&cat=p&typeid=i","cat":284256},{"id":201837,"n":"Protège-slips Doulys Ultra-mince normal - x45","p":0.87,"u":"0,02 €/P","img":"https://fd9-photos.leclercdrive.fr/image.ashx?id=2849590&use=l&cat=p&typeid=i","cat":284625},{"id":201839,"n":"Sauce arrabbiata Turini 420g","p":1.14,"u":"2,71 €/KG","img":"https://fd9-photos.leclercdrive.fr/image.ashx?id=2465062&use=l&cat=p&typeid=i","cat":287599},{"id":201915,"n":"Protège-slips Doulys Slip ou string - x45","p":1.61,"u":"0,04 €/P","img":"https://fd9-photos.leclercdrive.fr/image.ashx?id=2877466&use=l&cat=p&typeid=i","cat":284625},{"id":201942,"n":"Spray désinfectant Clair Multi-surfaces - 400ml","p":3.85,"u":"9,63 €/MT","img":"https://fd9-photos.leclercdrive.fr/image.ashx?id=2467682&use=l&cat=p&typeid=i","cat":325357},{"id":201945,"n":"Gel Douche Le Petit Marseillais  Lait de vanille - 250ml","p":1.55,"u":"6,20 €/L","img":"https://fd9-photos.leclercdrive.fr/image.ashx?id=2676096&use=l&cat=p&typeid=i","cat":284594},{"id":201948,"n":"Gel Douche Le Petit Marseillais Abricot et noisette - 650ml","p":3.11,"u":"4,78 €/MT","img":"https://fd9-photos.leclercdrive.fr/image.ashx?id=2676102&use=l&cat=p&typeid=i","cat":284594},{"id":201949,"n":"Gel Douche Le Petit Marseillais Fleur d'oranger - 250ml","p":1.7,"u":"6,80 €/MT","img":"https://fd9-photos.leclercdrive.fr/image.ashx?id=2963397&use=l&cat=p&typeid=i","cat":284594},{"id":201950,"n":"Gel Douche Le Petit Marseillais Amande douce - 250ml","p":1.58,"u":"6,32 €/MT","img":"https://fd9-photos.leclercdrive.fr/image.ashx?id=2946592&use=l&cat=p&typeid=i","cat":284594},{"id":201951,"n":"Gel Douche Le Petit Marseillais Lait - 250ml","p":1.74,"u":"6,96 €/MT","img":"https://fd9-photos.leclercdrive.fr/image.ashx?id=2676108&use=l&cat=p&typeid=i","cat":284594},{"id":201952,"n":"Gel Douche Le Petit Marseillais Lait - 650ml","p":3.12,"u":"4,80 €/L","img":"https://fd9-photos.leclercdrive.fr/image.ashx?id=2676111&use=l&cat=p&typeid=i","cat":284594},{"id":201953,"n":"Gel Douche Le Petit Marseillais Pêche nectarine - 250ml","p":1.69,"u":"6,76 €/L","img":"https://fd9-photos.leclercdrive.fr/image.ashx?id=2938761&use=l&cat=p&typeid=i","cat":284594},{"id":201954,"n":"Gel Douche Le Petit Marseillais  Peche nectarine - 650ml","p":3.27,"u":"5,03 €/L","img":"https://fd9-photos.leclercdrive.fr/image.ashx?id=2676114&use=l&cat=p&typeid=i","cat":284594},{"id":201955,"n":"Gel Douche Le Petit Marseillais Olivier Tillieul - 650ml","p":3.84,"u":"5,91 €/MT","img":"https://fd9-photos.leclercdrive.fr/image.ashx?id=2676117&use=l&cat=p&typeid=i","cat":284594},{"id":201957,"n":"Gel douche pamplemousse orange  Le Petit marseillais - 650ml","p":3.27,"u":"5,03 €/L","img":"https://fd9-photos.leclercdrive.fr/image.ashx?id=2676123&use=l&cat=p&typeid=i","cat":284594},{"id":201967,"n":"Bière blonde Corona 12x33cl","p":15.15,"u":"3,83 €/L","img":"https://fd9-photos.leclercdrive.fr/image.ashx?id=2544521&use=l&cat=p&typeid=i","cat":334873},{"id":201968,"n":"Bière blonde Corona Extra 4,5% - 6x33cl","p":7.59,"u":"3,83 €/L","img":"https://fd9-photos.leclercdrive.fr/image.ashx?id=2865452&use=l&cat=p&typeid=i","cat":334873},{"id":201993,"n":"Repas Plaisir chien adulte Terrines viande - 4x300g","p":5.49,"u":"4,58 €/KG","img":"https://fd9-photos.leclercdrive.fr/image.ashx?id=2734489&use=l&cat=p&typeid=i","cat":288578},{"id":201995,"n":"IGP Ardèche La Ferme du Rouret 10L","p":18.9,"u":"1,89 €/L","img":"https://fd9-photos.leclercdrive.fr/image.ashx?id=2476530&use=l&cat=p&typeid=i","cat":289558},{"id":202009,"n":"Pur jus matin tonique bio Jardin Bio - 75cl","p":3.5,"u":"4,67 €/L","img":"https://fd9-photos.leclercdrive.fr/image.ashx?id=2469238&use=l&cat=p&typeid=i","cat":284915},{"id":202047,"n":"Blanc de Poulet Tradilège -25% de sel - 6 Tranches - 180g","p":2.15,"u":"11,94 €/KG","img":"https://fd9-photos.leclercdrive.fr/image.ashx?id=2943713&use=l&cat=p&typeid=i","cat":316010},{"id":202048,"n":"Crème glacée Trium Caramel salé - 430g","p":3.75,"u":"8,72 €/KG","img":"https://fd9-photos.leclercdrive.fr/image.ashx?id=2469034&use=l&cat=p&typeid=i","cat":284725},{"id":202051,"n":"Crème glacée Trium Macadamia - 430g","p":4.3,"u":"10,00 €/KG","img":"https://fd9-photos.leclercdrive.fr/image.ashx?id=2469043&use=l&cat=p&typeid=i","cat":284725},{"id":202054,"n":"Pizza Eco+ 6 fromages x2 - 680g","p":3.41,"u":"5,01 €/KG","img":"https://fd9-photos.leclercdrive.fr/image.ashx?id=2756840&use=l&cat=p&typeid=i","cat":284256},{"id":202055,"n":"Crème glacée Trium Cookie Dough - 416g","p":3.24,"u":"7,79 €/KG","img":"https://fd9-photos.leclercdrive.fr/image.ashx?id=2469040&use=l&cat=p&typeid=i","cat":284725},{"id":202058,"n":"Salade riz et thon Menu Fraîcheur - 300g","p":1.75,"u":"5,83 €/KG","img":"https://fd9-photos.leclercdrive.fr/image.ashx?id=2646014&use=l&cat=p&typeid=i","cat":333657},{"id":202059,"n":"Salade pièmontaise poulet Menu Fraîcheur - 300g","p":2.29,"u":"7,63 €/KG","img":"https://fd9-photos.leclercdrive.fr/image.ashx?id=2646017&use=l&cat=p&typeid=i","cat":333657},{"id":202062,"n":"Yaourt Actifidus Délisse Vanille - 16x125g","p":3.43,"u":"1,72 €/KG","img":"https://fd9-photos.leclercdrive.fr/image.ashx?id=2713658&use=l&cat=p&typeid=i","cat":286006},{"id":202064,"n":"Fromage blanc nature Délisse 500g","p":1.29,"u":"2,58 €/KG","img":"https://fd9-photos.leclercdrive.fr/image.ashx?id=3012878&use=l&cat=p&typeid=i","cat":284409},{"id":202066,"n":"Fromage blanc nature Délisse 4x100g","p":0.97,"u":"2,43 €/KG","img":"https://fd9-photos.leclercdrive.fr/image.ashx?id=3012881&use=l&cat=p&typeid=i","cat":284409},{"id":202068,"n":"Yaourt à la Grecque Délisse  450g","p":1.29,"u":"2,87 €/KG","img":"https://fd9-photos.leclercdrive.fr/image.ashx?id=2885140&use=l&cat=p&typeid=i","cat":314999},{"id":202077,"n":"Crème semi-épaisse Soutenons Nos Agriculteurs - 3x20cl","p":2.89,"u":"4,82 €/L","img":"https://fd9-photos.leclercdrive.fr/image.ashx?id=2469067&use=l&cat=p&typeid=i","cat":284381},{"id":202078,"n":"Cordons bleus de dinde Eco  200g","p":1.47,"u":"7,35 €/KG","img":"https://fd9-photos.leclercdrive.fr/image.ashx?id=2860659&use=l&cat=p&typeid=i","cat":333683},{"id":202081,"n":"Pizza moelleuse Turini 3 viandes - 590g","p":4.0,"u":"6,78 €/KG","img":"https://fd9-photos.leclercdrive.fr/image.ashx?id=2816609&use=l&cat=p&typeid=i","cat":284256},{"id":202399,"n":"Pur jus de grenade Jardin Bio Bio - 75cl","p":5.92,"u":"7,89 €/L","img":"https://fd9-photos.leclercdrive.fr/image.ashx?id=2471856&use=l&cat=p&typeid=i","cat":284915},{"id":202400,"n":"Pur jus Jardin Bio Matin douceur - 75cl","p":3.03,"u":"4,04 €/L","img":"https://fd9-photos.leclercdrive.fr/image.ashx?id=2471871&use=l&cat=p&typeid=i","cat":284915},{"id":202402,"n":"Crumble aux pommes Equador 2x90g","p":2.53,"u":"14,06 €/KG","img":"https://fd9-photos.leclercdrive.fr/image.ashx?id=2470279&use=l&cat=p&typeid=i","cat":284419},{"id":202403,"n":"Pur jus Jardin Bio Multifruits - 75cl","p":3.1,"u":"4,13 €/L","img":"https://fd9-photos.leclercdrive.fr/image.ashx?id=2471862&use=l&cat=p&typeid=i","cat":284915},{"id":202404,"n":"Pur jus Jardin Bio Pamplemousse rose bio - 75cl","p":2.94,"u":"3,92 €/L","img":"https://fd9-photos.leclercdrive.fr/image.ashx?id=2835307&use=l&cat=p&typeid=i","cat":284915},{"id":202405,"n":"Pur jus bio Jardin Bio Pomme pressée - 75cl","p":2.66,"u":"3,55 €/L","img":"https://fd9-photos.leclercdrive.fr/image.ashx?id=2471859&use=l&cat=p&typeid=i","cat":284915},{"id":202406,"n":"Pur jus d'orange Jardin Bio Bio - 75cl","p":3.62,"u":"4,83 €/L","img":"https://fd9-photos.leclercdrive.fr/image.ashx?id=2471865&use=l&cat=p&typeid=i","cat":284915},{"id":202426,"n":"J'ose anneau vibrant  Le Passionnel - pile incluse","p":7.58,"img":"https://fd9-photos.leclercdrive.fr/image.ashx?id=2803790&use=l&cat=p&typeid=i","cat":285160},{"id":202434,"n":"Bougie de massage gourmande Chocolat intense - 75g","p":11.35,"u":"151,33 €/KG","img":"https://fd9-photos.leclercdrive.fr/image.ashx?id=2514316&use=l&cat=p&typeid=i","cat":285160},{"id":202481,"n":"Assortiment Raclette  600g","p":8.55,"u":"14,25 €/KG","img":"https://fd9-photos.leclercdrive.fr/image.ashx?id=2856374&use=l&cat=p&typeid=i","cat":314036},{"id":202482,"n":"Raclette nature 600g","p":7.79,"u":"12,98 €/KG","img":"https://fd9-photos.leclercdrive.fr/image.ashx?id=2856377&use=l&cat=p&typeid=i","cat":314036},{"id":202547,"n":"Gel douche Le Petit Marseillais Mangue Passion - 250ml","p":1.8,"u":"7,20 €/L","img":"https://fd9-photos.leclercdrive.fr/image.ashx?id=2685189&use=l&cat=p&typeid=i","cat":284594},{"id":202623,"n":"Lentilles blondes Eco  500g","p":0.89,"u":"1,78 €/KG","img":"https://fd9-photos.leclercdrive.fr/image.ashx?id=2553851&use=l&cat=p&typeid=i","cat":284430},{"id":202649,"n":"Bière blonde Jenlain 75 cl","p":2.65,"u":"3,53 €/L","img":"https://fd9-photos.leclercdrive.fr/image.ashx?id=2732851&use=l&cat=p&typeid=i","cat":334852},{"id":202674,"n":"Gourde Good Goût Banane Abricot bio - 120g","p":1.59,"u":"13,25 €/KG","img":"https://fd9-photos.leclercdrive.fr/image.ashx?id=2639023&use=l&cat=p&typeid=i","cat":312393},{"id":202870,"n":"Sucrines bicolores Panier du Primeur x3","p":1.29,"u":"0,43 €/P","img":"https://fd9-photos.leclercdrive.fr/image.ashx?id=2477544&use=l&cat=p&typeid=i","cat":284352},{"id":202908,"n":"Skyr Yoplait  Nature 0%MG - 450G","p":2.24,"u":"4,98 €/KG","img":"https://fd9-photos.leclercdrive.fr/image.ashx?id=2884468&use=l&cat=p&typeid=i","cat":315000},{"id":202925,"n":"Fenouil graine Ducros 30g","p":1.52,"u":"50,67 €/KG","img":"https://fd9-photos.leclercdrive.fr/image.ashx?id=2477199&use=l&cat=p&typeid=i","cat":298297},{"id":202944,"n":"Fromage Kiri crème 12 + 6 offerts - 324g","p":2.86,"u":"8,83 €/KG","img":"https://fd9-photos.leclercdrive.fr/image.ashx?id=2478009&use=l&cat=p&typeid=i","cat":314030},{"id":202996,"n":"Boudin blanc de volaille  Tradilège x3 - 300g","p":3.15,"u":"10,50 €/KG","img":"https://fd9-photos.leclercdrive.fr/image.ashx?id=2955273&use=l&cat=p&typeid=i","cat":316012},{"id":203041,"n":"Lait de toilette Mixa Bébé  Très Doux - 300ml","p":2.43,"u":"8,10 €/L","img":"https://fd9-photos.leclercdrive.fr/image.ashx?id=2479324&use=l&cat=p&typeid=i","cat":284741},{"id":203042,"n":"Gel Toilette Intime Extra Doux Intima Natural Hamamélis 200ml","p":2.98,"u":"14,90 €/L","img":"https://fd9-photos.leclercdrive.fr/image.ashx?id=2959871&use=l&cat=p&typeid=i","cat":284627},{"id":203043,"n":"Gel Toilette Intime Régulateur Intima Natural Cranberry 200ml","p":3.34,"u":"16,70 €/L","img":"https://fd9-photos.leclercdrive.fr/image.ashx?id=2959874&use=l&cat=p&typeid=i","cat":284627},{"id":203048,"n":"Aérosol désodorisant Glade Muguet - 300ml","p":2.35,"u":"7,83 €/L","img":"https://fd9-photos.leclercdrive.fr/image.ashx?id=2664211&use=l&cat=p&typeid=i","cat":311626},{"id":203050,"n":"Recharge Sense & Spray Glade Ocean Adventure - 18 ml","p":3.9,"u":"216,67 €/L","img":"https://fd9-photos.leclercdrive.fr/image.ashx?id=2634352&use=l&cat=p&typeid=i","cat":311629},{"id":203051,"n":"Recharge Sense & Spray Glade Relaxing Zen - 18 ml","p":3.95,"u":"219,44 €/L","img":"https://fd9-photos.leclercdrive.fr/image.ashx?id=2634355&use=l&cat=p&typeid=i","cat":311629},{"id":203052,"n":"Recharge pour diffuseur Glade  Bois de Santal & Jasmin - 18ml","p":3.97,"u":"220,56 €/L","img":"https://fd9-photos.leclercdrive.fr/image.ashx?id=2634358&use=l&cat=p&typeid=i","cat":311629},{"id":203055,"n":"Diffuseur Automatic Spray Glade Sandalwood & Jasmine - 269 ml","p":9.59,"img":"https://fd9-photos.leclercdrive.fr/image.ashx?id=2866007&use=l&cat=p&typeid=i","cat":311629},{"id":203056,"n":"Recharge Touch & Fresh Glade Marine - 10 ml","p":3.77,"u":"377,00 €/L","img":"https://fd9-photos.leclercdrive.fr/image.ashx?id=2506609&use=l&cat=p&typeid=i","cat":311629},{"id":203057,"n":"Recharge Touch & Fresh Glade Muguet - 10ml","p":3.13,"u":"313,00 €/L","img":"https://fd9-photos.leclercdrive.fr/image.ashx?id=2506612&use=l&cat=p&typeid=i","cat":311629},{"id":203059,"n":"Recharge Touch & Fresh Glade Sandalwood & Jasmine - 10 ml","p":3.23,"u":"323,00 €/L","img":"https://fd9-photos.leclercdrive.fr/image.ashx?id=2914744&use=l&cat=p&typeid=i","cat":311629},{"id":203060,"n":"Diffuseur Touch & Fresh Glade Relaxing Zen - 10 ml","p":3.37,"u":"337,00 €/L","img":"https://fd9-photos.leclercdrive.fr/image.ashx?id=2914753&use=l&cat=p&typeid=i","cat":311629},{"id":203062,"n":"Spray désodorisant Glade  Bois de Santal & Jasmin - 269ml","p":3.15,"u":"11,71 €/L","img":"https://fd9-photos.leclercdrive.fr/image.ashx?id=2864170&use=l&cat=p&typeid=i","cat":311629},{"id":203063,"n":"Gel désodorisant Glade  Longue durée - Muguet - x1","p":1.42,"img":"https://fd9-photos.leclercdrive.fr/image.ashx?id=2479429&use=l&cat=p&typeid=i","cat":311628},{"id":203088,"n":"Pizza moelleuse Turini  Végétale - 610g","p":3.3,"u":"5,41 €/KG","img":"https://fd9-photos.leclercdrive.fr/image.ashx?id=2816612&use=l&cat=p&typeid=i","cat":284256},{"id":203089,"n":"Pizza au feu de bois Turini Chèvre et miel - 410g","p":2.65,"u":"6,46 €/KG","img":"https://fd9-photos.leclercdrive.fr/image.ashx?id=2816615&use=l&cat=p&typeid=i","cat":284256},{"id":203310,"n":"Diffuseur Touch & Fresh Glade Marine - 10 ml","p":4.25,"img":"https://fd9-photos.leclercdrive.fr/image.ashx?id=2914750&use=l&cat=p&typeid=i","cat":311629},{"id":203393,"n":"Bière blonde Leffe 6,6% - 12x33cl canette","p":12.68,"u":"3,20 €/L","img":"https://fd9-photos.leclercdrive.fr/image.ashx?id=2596338&use=l&cat=p&typeid=i","cat":334853},{"id":203396,"n":"Crème glacée Häagen-Dazs Chocolat macarons - 364g","p":5.5,"u":"13,75 €/KG","img":"https://fd9-photos.leclercdrive.fr/image.ashx?id=2893501&use=l&cat=p&typeid=i","cat":284725},{"id":203471,"n":"Banane Eco+ x4","p":0.79,"u":"0,20 €/P","img":"https://fd9-photos.leclercdrive.fr/image.ashx?id=2600252&use=l&cat=p&typeid=i","cat":284356},{"id":203476,"n":"Mâche Eco+ 125g","p":0.99,"img":"https://fd9-photos.leclercdrive.fr/image.ashx?id=2958305&use=l&cat=p&typeid=i","cat":284352},{"id":203596,"n":"Plat cuisiné Jardin Bio Bio Lentilles à l'indienne - 680g","p":4.16,"u":"6,12 €/KG","img":"https://fd9-photos.leclercdrive.fr/image.ashx?id=2811179&use=l&cat=p&typeid=i","cat":287600},{"id":203599,"n":"Infusion Jardin Bio Rooibos D'Afrique du sud Bio - x20 -36g","p":2.39,"u":"66,39 €/KG","img":"https://fd9-photos.leclercdrive.fr/image.ashx?id=2974384&use=l&cat=p&typeid=i","cat":293234},{"id":203600,"n":"Craquant avoine Jardin Bio Equitable bio - 133g","p":2.4,"u":"18,05 €/KG","img":"https://fd9-photos.leclercdrive.fr/image.ashx?id=2967217&use=l&cat=p&typeid=i","cat":284954},{"id":203601,"n":"Infusion Rooibos Jardin Bio Vanille Bio - 30g","p":2.47,"u":"82,33 €/KG","img":"https://fd9-photos.leclercdrive.fr/image.ashx?id=3000791&use=l&cat=p&typeid=i","cat":293234},{"id":203603,"n":"Petit gourmand bio Jardin Bio A la pâte à tartiner - 155g","p":2.87,"u":"18,52 €/KG","img":"https://fd9-photos.leclercdrive.fr/image.ashx?id=2990676&use=l&cat=p&typeid=i","cat":284488},{"id":203642,"n":"Porto Tawny Eco+ 75Cl","p":5.43,"u":"7,24 €/L","img":"https://fd9-photos.leclercdrive.fr/image.ashx?id=2869841&use=l&cat=p&typeid=i","cat":284913},{"id":203648,"n":"Douche huile de Coco Cottage Extra nourrissante - 560ml","p":3.7,"u":"6,61 €/L","img":"https://fd9-photos.leclercdrive.fr/image.ashx?id=2528693&use=l&cat=p&typeid=i","cat":284594},{"id":203787,"n":"Pack Culottes Menstruelles X3 1achetée 2 offertes dentelle XS","p":13.8,"u":"4,60 €/P","img":"https://fd9-photos.leclercdrive.fr/image.ashx?id=2795273&use=l&cat=p&typeid=i","cat":284624},{"id":203789,"n":"Pack Culottes Menstruelles X3 1 achetée 2 offertes dentelle L","p":13.8,"u":"4,60 €/P","img":"https://fd9-photos.leclercdrive.fr/image.ashx?id=2795279&use=l&cat=p&typeid=i","cat":284624},{"id":203790,"n":"Pack Culottes Menstruelles X3 1achetée 2 offertes dentelle XL","p":13.57,"u":"4,52 €/P","img":"https://fd9-photos.leclercdrive.fr/image.ashx?id=2795282&use=l&cat=p&typeid=i","cat":284624},{"id":203821,"n":"Boîte chien Pedigree  Cuisinés en sauce - 6x400g","p":8.38,"u":"3,49 €/KG","img":"https://fd9-photos.leclercdrive.fr/image.ashx?id=2849722&use=l&cat=p&typeid=i","cat":288578},{"id":203832,"n":"Gel Douche extra doux Verveine Le Petit Marseillais 3x250ml","p":3.86,"u":"5,15 €/L","img":"https://fd9-photos.leclercdrive.fr/image.ashx?id=2763574&use=l&cat=p&typeid=i","cat":284594},{"id":203839,"n":"Filet pour fruits et légumes coton bio 32x35cm x1","p":0.95,"img":"https://fd9-photos.leclercdrive.fr/image.ashx?id=2486781&use=l&cat=p&typeid=i","cat":284352},{"id":203873,"n":"Culotte Feel Natural Menstruelles - x3 - Taille XL","p":12.5,"u":"4,17 €/P","img":"https://fd9-photos.leclercdrive.fr/image.ashx?id=2795240&use=l&cat=p&typeid=i","cat":291524},{"id":203910,"n":"Lames Fusion Gillette 4 + 6 lames","p":34.99,"u":"3,50 €/P","img":"https://fd9-photos.leclercdrive.fr/image.ashx?id=2490386&use=l&cat=p&typeid=i","cat":284616},{"id":203911,"n":"Lames Skinguard Gillette Aloe Vera - 4 + 6 lames","p":41.1,"u":"20,55 €/P","img":"https://fd9-photos.leclercdrive.fr/image.ashx?id=2594989&use=l&cat=p&typeid=i","cat":284616},{"id":203912,"n":"Sérum apaisant Gillette  Peau et poils pubiens - 50ml","p":12.74,"u":"254,80 €/L","img":"https://fd9-photos.leclercdrive.fr/image.ashx?id=2490764&use=l&cat=p&typeid=i","cat":325352},{"id":203913,"n":"Exfoliant Venus Satin Care Peau et poils pubiens - 177ml","p":12.46,"u":"70,40 €/L","img":"https://fd9-photos.leclercdrive.fr/image.ashx?id=2490767&use=l&cat=p&typeid=i","cat":325352},{"id":204050,"n":"Haricots vert Bio Village Bio 220g","p":1.49,"u":"6,77 €/KG","img":"https://fd9-photos.leclercdrive.fr/image.ashx?id=3002716&use=l&cat=p&typeid=i","cat":312606},{"id":204054,"n":"Thon entier Pèche Océan MSC 2x70g","p":1.59,"u":"11,36 €/KG","img":"https://fd9-photos.leclercdrive.fr/image.ashx?id=2942238&use=l&cat=p&typeid=i","cat":303867},{"id":204057,"n":"Céréales Spécial K Kellogg's Chocolat noir - 500g","p":4.09,"u":"8,18 €/KG","img":"https://fd9-photos.leclercdrive.fr/image.ashx?id=2692710&use=l&cat=p&typeid=i","cat":309512},{"id":204058,"n":"Céréales Special K Kellogg's Chocolat au Lait - 500g","p":4.4,"u":"8,80 €/KG","img":"https://fd9-photos.leclercdrive.fr/image.ashx?id=2692713&use=l&cat=p&typeid=i","cat":309512},{"id":204059,"n":"Boule tomate bio Bio Village 42g","p":0.75,"u":"17,86 €/KG","img":"https://fd9-photos.leclercdrive.fr/image.ashx?id=2487380&use=l&cat=p&typeid=i","cat":284449},{"id":204061,"n":"Mais Bio Village Bio - 285g","p":1.09,"u":"3,82 €/KG","img":"https://fd9-photos.leclercdrive.fr/image.ashx?id=3002719&use=l&cat=p&typeid=i","cat":312611},{"id":204065,"n":"Bouillon Knorr Saveur boeuf - 150g","p":1.19,"u":"7,93 €/KG","img":"https://fd9-photos.leclercdrive.fr/image.ashx?id=2866846&use=l&cat=p&typeid=i","cat":288379},{"id":204070,"n":"Pur jus de pommes NRT De Bretagne - 6x20cl","p":2.5,"u":"2,08 €/L","img":"https://fd9-photos.leclercdrive.fr/image.ashx?id=2590517&use=l&cat=p&typeid=i","cat":284522},{"id":204072,"n":"Compotes douceur du Verger Pomme Vanille - 4x100g","p":1.36,"u":"3,40 €/KG","img":"https://fd9-photos.leclercdrive.fr/image.ashx?id=2487401&use=l&cat=p&typeid=i","cat":284416},{"id":204073,"n":"Fromage Fouetté Ail Fines Herbe à tartiner Les Croisés - 150g","p":1.53,"u":"10,20 €/KG","img":"https://fd9-photos.leclercdrive.fr/image.ashx?id=2933455&use=l&cat=p&typeid=i","cat":314029},{"id":204118,"n":"Sirop de cassis NRT De Bourgogne - 70cl","p":3.2,"u":"4,57 €/L","img":"https://fd9-photos.leclercdrive.fr/image.ashx?id=2590514&use=l&cat=p&typeid=i","cat":295020},{"id":204131,"n":"Nettoyant four Decapfour  Express - 500ml","p":3.45,"u":"6,90 €/L","img":"https://fd9-photos.leclercdrive.fr/image.ashx?id=2489719&use=l&cat=p&typeid=i","cat":325363},{"id":204147,"n":"BoiteTea Time Delacre Jardin - 1kg","p":13.79,"u":"55,16 €/KG","img":"https://fd9-photos.leclercdrive.fr/image.ashx?id=2490116&use=l&cat=p&typeid=i","cat":284499},{"id":204153,"n":"Gel douche des Îles Naturé Moi Fleur de tiaré - 500ml","p":4.57,"u":"9,14 €/L","img":"https://fd9-photos.leclercdrive.fr/image.ashx?id=2753656&use=l&cat=p&typeid=i","cat":284594},{"id":204158,"n":"Pâte brisée Herta Trésor de Grand-Mère - 280g","p":1.71,"u":"6,11 €/KG","img":"https://fd9-photos.leclercdrive.fr/image.ashx?id=2833306&use=l&cat=p&typeid=i","cat":333681},{"id":204168,"n":"Rasoir xtreme 3 Wilkinson Sensitive - x24","p":19.73,"img":"https://fd9-photos.leclercdrive.fr/image.ashx?id=2844691&use=l&cat=p&typeid=i","cat":284616},{"id":204169,"n":"Sachet fraicheur chat Whiskas Festins volaille gelée - 12x85g","p":4.79,"u":"4,70 €/KG","img":"https://fd9-photos.leclercdrive.fr/image.ashx?id=2490329&use=l&cat=p&typeid=i","cat":285286},{"id":204225,"n":"Rasoir GilletteLabs Barre exfoliante - 5 lames - x1","p":55.0,"img":"https://fd9-photos.leclercdrive.fr/image.ashx?id=2623322&use=l&cat=p&typeid=i","cat":284616},{"id":204227,"n":"Lames GilletteLabs Barre exfoliante - 6 lames","p":37.9,"u":"6,32 €/P","img":"https://fd9-photos.leclercdrive.fr/image.ashx?id=2495779&use=l&cat=p&typeid=i","cat":284616},{"id":204241,"n":"Cire chaude Jolly Sugar body wax - 250ml","p":7.75,"u":"31,00 €/L","img":"https://fd9-photos.leclercdrive.fr/image.ashx?id=2509862&use=l&cat=p&typeid=i","cat":null},{"id":204244,"n":"Lames Fusion Gillette x14","p":46.9,"u":"3,35 €/P","img":"https://fd9-photos.leclercdrive.fr/image.ashx?id=2497791&use=l&cat=p&typeid=i","cat":284616},{"id":204246,"n":"Lames Gillette Labs x10","p":49.9,"u":"4,99 €/P","img":"https://fd9-photos.leclercdrive.fr/image.ashx?id=2497794&use=l&cat=p&typeid=i","cat":284616},{"id":204247,"n":"Protège-slip Vania Confort Multiformes - 1p","p":2.41,"img":"https://fd9-photos.leclercdrive.fr/image.ashx?id=2735224&use=l&cat=p&typeid=i","cat":284625},{"id":204265,"n":"Rasoirs Jetables Venus Gillette Simply 3 - 5x6","p":41.38,"u":"1,38 €/P","img":"https://fd9-photos.leclercdrive.fr/image.ashx?id=2546875&use=l&cat=p&typeid=i","cat":null},{"id":204267,"n":"Rasoirs Jetables Gillette Blue  3 - Smooth - 5x6","p":28.96,"u":"0,97 €/P","img":"https://fd9-photos.leclercdrive.fr/image.ashx?id=2525965&use=l&cat=p&typeid=i","cat":284616},{"id":204275,"n":"Soin Hydratant So Bio Etic Grenade bio - 50ml","p":10.99,"u":"219,80 €/L","img":"https://fd9-photos.leclercdrive.fr/image.ashx?id=2787110&use=l&cat=p&typeid=i","cat":325345},{"id":204302,"n":"Shampoing nutrition Ultra Doux Lait de coco - 300ml","p":3.11,"u":"10,37 €/L","img":"https://fd9-photos.leclercdrive.fr/image.ashx?id=2492788&use=l&cat=p&typeid=i","cat":284606},{"id":204303,"n":"Shampoing purifiant Ultra Doux Cheveux gras - 300ml","p":2.92,"u":"9,73 €/L","img":"https://fd9-photos.leclercdrive.fr/image.ashx?id=2492791&use=l&cat=p&typeid=i","cat":284606},{"id":204304,"n":"Shampoing Illuminant Ultra Doux Camomille - 300ml","p":2.66,"u":"8,87 €/L","img":"https://fd9-photos.leclercdrive.fr/image.ashx?id=2926596&use=l&cat=p&typeid=i","cat":284606},{"id":204305,"n":"Shampoing nutrition Ultra Doux Argan et camélia - 300ml","p":2.65,"u":"8,83 €/L","img":"https://fd9-photos.leclercdrive.fr/image.ashx?id=2492797&use=l&cat=p&typeid=i","cat":284606},{"id":204306,"n":"Shampoing nutrition Ultra Doux Cheveu Bouclé à Frisé - 300ml","p":2.57,"u":"8,57 €/L","img":"https://fd9-photos.leclercdrive.fr/image.ashx?id=2926599&use=l&cat=p&typeid=i","cat":284606},{"id":204307,"n":"Shampoing Couleur Ultra Doux Cheveux colorés - 300ml","p":2.64,"u":"8,80 €/L","img":"https://fd9-photos.leclercdrive.fr/image.ashx?id=2492803&use=l&cat=p&typeid=i","cat":284606},{"id":204308,"n":"Shampoing Enfants Ultra Doux Abricot - 300ml","p":2.66,"u":"8,87 €/L","img":"https://fd9-photos.leclercdrive.fr/image.ashx?id=2851093&use=l&cat=p&typeid=i","cat":284606},{"id":204310,"n":"Shampoing Hydratant Ultra Doux Cheveux délicats - 300ml","p":2.69,"u":"8,97 €/L","img":"https://fd9-photos.leclercdrive.fr/image.ashx?id=2492812&use=l&cat=p&typeid=i","cat":284606},{"id":204311,"n":"Shampoing doux Ultra Doux Extrait de tilleul - 300ml","p":2.7,"u":"9,00 €/L","img":"https://fd9-photos.leclercdrive.fr/image.ashx?id=2492815&use=l&cat=p&typeid=i","cat":284606},{"id":204313,"n":"Après-shampooing karité Garnier Cheveu bouclé à Frisé - 250ml","p":2.64,"u":"10,56 €/L","img":"https://fd9-photos.leclercdrive.fr/image.ashx?id=2986651&use=l&cat=p&typeid=i","cat":284607},{"id":204316,"n":"Shampoing réparateur Ultra Doux Cheveux fragiles - 300ml","p":2.69,"u":"8,97 €/L","img":"https://fd9-photos.leclercdrive.fr/image.ashx?id=2646572&use=l&cat=p&typeid=i","cat":284606},{"id":204319,"n":"Désodorisant textile Febreze Éveil printanier - 500ml","p":4.66,"u":"9,32 €/L","img":"https://fd9-photos.leclercdrive.fr/image.ashx?id=2745337&use=l&cat=p&typeid=i","cat":290451},{"id":204327,"n":"Soupe instantanée Royco  Velouté Tomates - 4x200ml","p":1.38,"u":"1,73 €/L","img":"https://fd9-photos.leclercdrive.fr/image.ashx?id=2650991&use=l&cat=p&typeid=i","cat":293527},{"id":204371,"n":"Désodorisant textile Febreze Fraîcheur matinale - 500ml","p":4.49,"u":"8,98 €/L","img":"https://fd9-photos.leclercdrive.fr/image.ashx?id=2745343&use=l&cat=p&typeid=i","cat":290451},{"id":204488,"n":"Dentifrice Aquafresh Triple Protection Blancheur - 125ml","p":1.76,"u":"14,08 €/L","img":"https://fd9-photos.leclercdrive.fr/image.ashx?id=2546755&use=l&cat=p&typeid=i","cat":284612},{"id":204515,"n":"Coloration Casting crème gloss Chocolat n°535 - x2","p":14.78,"u":"7,39 €/P","img":"https://fd9-photos.leclercdrive.fr/image.ashx?id=2493148&use=l&cat=p&typeid=i","cat":288899},{"id":204620,"n":"Purée Butternut Patate douce Notre Jardin - 750g","p":3.49,"u":"4,65 €/KG","img":"https://fd9-photos.leclercdrive.fr/image.ashx?id=2856208&use=l&cat=p&typeid=i","cat":319805},{"id":204621,"n":"Purée de courgette Céleri  Brocoli Notre Jardin - 750g","p":2.24,"u":"2,99 €/KG","img":"https://fd9-photos.leclercdrive.fr/image.ashx?id=2860031&use=l&cat=p&typeid=i","cat":319805},{"id":204659,"n":"Coloration Belle Color Garnier  5.3 Châtain clair doré - x2","p":17.7,"u":"8,85 €/P","img":"https://fd9-photos.leclercdrive.fr/image.ashx?id=2497220&use=l&cat=p&typeid=i","cat":288899},{"id":204663,"n":"Coloration Belle Color Ganier N°7.0 Blond naturel - x2","p":20.78,"u":"10,39 €/P","img":"https://fd9-photos.leclercdrive.fr/image.ashx?id=2497226&use=l&cat=p&typeid=i","cat":288899},{"id":204702,"n":"BB Crème Soin tout en 1 Garnier Teinte medium - 50ml","p":7.32,"u":"146,40 €/L","img":"https://fd9-photos.leclercdrive.fr/image.ashx?id=2494977&use=l&cat=p&typeid=i","cat":325345},{"id":204717,"n":"Soda Schweppes Saveur Agrumes Zero - 1,5L","p":1.71,"u":"1,14 €/L","img":"https://fd9-photos.leclercdrive.fr/image.ashx?id=2852444&use=l&cat=p&typeid=i","cat":284532},{"id":204718,"n":"Soda Schweppes Saveur Agrumes - 1,5L","p":1.65,"u":"1,10 €/L","img":"https://fd9-photos.leclercdrive.fr/image.ashx?id=2852447&use=l&cat=p&typeid=i","cat":284532},{"id":204719,"n":"Soda Schweppes Indian Tonic - 1,5L","p":1.65,"u":"1,10 €/L","img":"https://fd9-photos.leclercdrive.fr/image.ashx?id=2852456&use=l&cat=p&typeid=i","cat":284531},{"id":204742,"n":"Sainte-Marguerite Les Croisés 200g","p":2.37,"u":"11,85 €/KG","img":"https://fd9-photos.leclercdrive.fr/image.ashx?id=2523534&use=l&cat=p&typeid=i","cat":329558},{"id":204747,"n":"Dentifrice Aquafresh Menthe fraîche - 125ml","p":1.9,"u":"15,20 €/L","img":"https://fd9-photos.leclercdrive.fr/image.ashx?id=2546752&use=l&cat=p&typeid=i","cat":284612},{"id":204788,"n":"Gnocchi à poêler Lustucru 325g","p":1.5,"u":"4,62 €/KG","img":"https://fd9-photos.leclercdrive.fr/image.ashx?id=2975218&use=l&cat=p&typeid=i","cat":333682},{"id":204789,"n":"Gnocchi à poêler Lustucru 520g","p":2.24,"u":"4,31 €/KG","img":"https://fd9-photos.leclercdrive.fr/image.ashx?id=2792423&use=l&cat=p&typeid=i","cat":333682},{"id":204791,"n":"Gnocchi à poêler Lustucru  Format XXL - 720g","p":2.85,"u":"3,96 €/KG","img":"https://fd9-photos.leclercdrive.fr/image.ashx?id=2788556&use=l&cat=p&typeid=i","cat":333682},{"id":204792,"n":"Girasoli Lustucru Tomate Basilic Mozzarella 250g","p":2.45,"u":"9,80 €/KG","img":"https://fd9-photos.leclercdrive.fr/image.ashx?id=2974363&use=l&cat=p&typeid=i","cat":333682},{"id":204796,"n":"Tortellini Lustucru Jambon cru - 250g","p":2.38,"u":"9,52 €/KG","img":"https://fd9-photos.leclercdrive.fr/image.ashx?id=2974360&use=l&cat=p&typeid=i","cat":333682},{"id":204797,"n":"Nectar de mangue Eco+ 1L","p":1.37,"u":"1,37 €/L","img":"https://fd9-photos.leclercdrive.fr/image.ashx?id=2955608&use=l&cat=p&typeid=i","cat":284916},{"id":204871,"n":"Nectar de banane Eco+ 1L","p":1.59,"u":"1,59 €/L","img":"https://fd9-photos.leclercdrive.fr/image.ashx?id=2955611&use=l&cat=p&typeid=i","cat":284915},{"id":204944,"n":"Paëlla de volaille et moules  Eco+ - 1kg","p":3.32,"u":"3,32 €/KG","img":"https://fd9-photos.leclercdrive.fr/image.ashx?id=2781287&use=l&cat=p&typeid=i","cat":325094},{"id":204951,"n":"Thon Sauce Mayonnaise Petit Navire - 140g","p":1.64,"u":"11,71 €/KG","img":"https://fd9-photos.leclercdrive.fr/image.ashx?id=2528292&use=l&cat=p&typeid=i","cat":303867},{"id":205144,"n":"Moutarde de Dijon - Clovis 200g","p":1.77,"u":"8,85 €/KG","img":"https://fd9-photos.leclercdrive.fr/image.ashx?id=2984841&use=l&cat=p&typeid=i","cat":288850},{"id":205232,"n":"Serviettes Always Ultra Normal Plus - T1 - x14","p":2.49,"u":"0,18 €/P","img":"https://fd9-photos.leclercdrive.fr/image.ashx?id=2851321&use=l&cat=p&typeid=i","cat":284624},{"id":205235,"n":"Serviettes Always Ultra Secure night -T4 - x9","p":2.61,"u":"0,29 €/P","img":"https://fd9-photos.leclercdrive.fr/image.ashx?id=2851330&use=l&cat=p&typeid=i","cat":284624},{"id":205237,"n":"Sérum anti-âge L'Oréal Paris Revitalift Vitamine C - 30ml","p":13.67,"u":"455,67 €/L","img":"https://fd9-photos.leclercdrive.fr/image.ashx?id=3003351&use=l&cat=p&typeid=i","cat":325345},{"id":205238,"n":"Savon Eco+ Amande douce - 150g","p":0.61,"u":"4,07 €/KG","img":"https://fd9-photos.leclercdrive.fr/image.ashx?id=2499058&use=l&cat=p&typeid=i","cat":284597},{"id":205239,"n":"Nettoyant four Decapfour Confort - 500ml","p":3.65,"u":"7,30 €/L","img":"https://fd9-photos.leclercdrive.fr/image.ashx?id=2499669&use=l&cat=p&typeid=i","cat":325363},{"id":205274,"n":"AOP Vin Rosé d'Anjou Plessis Duval - BIB 3L","p":16.45,"u":"5,48 €/L","img":"https://fd9-photos.leclercdrive.fr/image.ashx?id=2501718&use=l&cat=p&typeid=i","cat":289558},{"id":205303,"n":"Gel lavant Sanytol Désinfectant cuisine - 250ml","p":2.75,"u":"11,00 €/L","img":"https://fd9-photos.leclercdrive.fr/image.ashx?id=2904661&use=l&cat=p&typeid=i","cat":284597},{"id":205305,"n":"Bandes de cire froide Expert Veet Visage Peaux sensibles x20","p":5.38,"u":"0,27 €/P","img":"https://fd9-photos.leclercdrive.fr/image.ashx?id=2915440&use=l&cat=p&typeid=i","cat":325351},{"id":205311,"n":"Masque Remède Garnier Cheveux normaux à gras - 340ml","p":4.96,"u":"14,59 €/L","img":"https://fd9-photos.leclercdrive.fr/image.ashx?id=2500171&use=l&cat=p&typeid=i","cat":284608},{"id":205313,"n":"Coloration Permanente Olia 5.0 Châtain Clair Café","p":12.03,"img":"https://fd9-photos.leclercdrive.fr/image.ashx?id=2521167&use=l&cat=p&typeid=i","cat":288899},{"id":205314,"n":"Coloration Permanente Olia 6.0 Châtain Très Clair","p":11.52,"img":"https://fd9-photos.leclercdrive.fr/image.ashx?id=2521170&use=l&cat=p&typeid=i","cat":288899},{"id":205315,"n":"Coloration Permanente Olia 8.0 Blond miel sans ammoniaque","p":11.93,"u":"11,93 €/TRC","img":"https://fd9-photos.leclercdrive.fr/image.ashx?id=2521173&use=l&cat=p&typeid=i","cat":288899},{"id":205317,"n":"Après-Shampooing Garnier Cheveux normaux à gras - 200ml","p":2.55,"u":"12,75 €/L","img":"https://fd9-photos.leclercdrive.fr/image.ashx?id=2500174&use=l&cat=p&typeid=i","cat":284607},{"id":205318,"n":"Shampoing charbon Ultra Doux Equilibrant - 250ml","p":2.44,"u":"9,76 €/L","img":"https://fd9-photos.leclercdrive.fr/image.ashx?id=2500177&use=l&cat=p&typeid=i","cat":284606},{"id":205319,"n":"Coloration Garnier Good 3.12 Châtain foncé Myrtille","p":12.67,"img":"https://fd9-photos.leclercdrive.fr/image.ashx?id=2521176&use=l&cat=p&typeid=i","cat":288899},{"id":205322,"n":"Masque remède Nutrition Garnier Avocat karité - 340ml","p":4.58,"u":"13,47 €/L","img":"https://fd9-photos.leclercdrive.fr/image.ashx?id=2875453&use=l&cat=p&typeid=i","cat":284608},{"id":205327,"n":"Pâte Nocciolata Bio cacao 250g","p":3.43,"u":"13,72 €/KG","img":"https://fd9-photos.leclercdrive.fr/image.ashx?id=2807897&use=l&cat=p&typeid=i","cat":284481},{"id":205344,"n":"Pâte à tartiner Nocciolata  Bio cacao Noisettes - 650g","p":7.55,"u":"11,62 €/KG","img":"https://fd9-photos.leclercdrive.fr/image.ashx?id=2883248&use=l&cat=p&typeid=i","cat":284481},{"id":205347,"n":"Pâte à Nocciolata  Bio Cacao - 250g","p":3.21,"u":"12,84 €/KG","img":"https://fd9-photos.leclercdrive.fr/image.ashx?id=2883251&use=l&cat=p&typeid=i","cat":284481},{"id":205363,"n":"Bière aromatisée La Bête Rouge 8° - 50cl canette","p":2.79,"u":"5,58 €/L","img":"https://fd9-photos.leclercdrive.fr/image.ashx?id=2906325&use=l&cat=p&typeid=i","cat":334853},{"id":205510,"n":"Huile L'Origine du Goût À la truffe - 25Cl","p":5.99,"u":"23,96 €/L","img":"https://fd9-photos.leclercdrive.fr/image.ashx?id=2865098&use=l&cat=p&typeid=i","cat":284453},{"id":205520,"n":"Crème glacée La Laitière Rhum Raisins - 490g","p":3.24,"pp":2.27,"u":"4,63 €/KG","img":"https://fd9-photos.leclercdrive.fr/image.ashx?id=2877877&use=l&cat=p&typeid=i","cat":284263},{"id":205522,"n":"Shampoing Réparateur Elsève Pro Bond Repair - 200ml","p":5.83,"u":"29,15 €/L","img":"https://fd9-photos.leclercdrive.fr/image.ashx?id=3008779&use=l&cat=p&typeid=i","cat":284606},{"id":205525,"n":"Démêlant Intense Elsève Pro Bond Repair - 150ml","p":5.8,"u":"38,67 €/L","img":"https://fd9-photos.leclercdrive.fr/image.ashx?id=3008782&use=l&cat=p&typeid=i","cat":284607},{"id":205569,"n":"Nectar de goyave Eco+ 1L","p":1.59,"u":"1,59 €/L","img":"https://fd9-photos.leclercdrive.fr/image.ashx?id=2955614&use=l&cat=p&typeid=i","cat":284915},{"id":205594,"n":"IGP Pruneaux d'Agen dénoyautés Nos Régions ont du Talent 375g","p":3.11,"u":"8,29 €/KG","img":"https://fd9-photos.leclercdrive.fr/image.ashx?id=2583837&use=l&cat=p&typeid=i","cat":284357},{"id":205656,"n":"Cire dépilatoire L'Arbre Vert Peaux sensibles","p":4.5,"u":"18,00 €/L","img":"https://fd9-photos.leclercdrive.fr/image.ashx?id=2609851&use=l&cat=p&typeid=i","cat":null},{"id":205657,"n":"P'tit diner Yooji Bio Carotte patate douce 300g","p":2.7,"u":"9,00 €/KG","img":"https://fd9-photos.leclercdrive.fr/image.ashx?id=2792870&use=l&cat=p&typeid=i","cat":290631},{"id":205659,"n":"Ptit diner Petit pois  Epinards et orge bio - 300g","p":3.99,"u":"13,30 €/KG","img":"https://fd9-photos.leclercdrive.fr/image.ashx?id=2832257&use=l&cat=p&typeid=i","cat":290631},{"id":205787,"n":"Saucisse de Toulouse Férial Brassé - 450g","p":4.16,"u":"9,24 €/KG","img":"https://fd9-photos.leclercdrive.fr/image.ashx?id=2761986&use=l&cat=p&typeid=i","cat":284334},{"id":205892,"n":"Nettoyant multi-usages Mr Propre - Savon noir - 1L","p":2.59,"u":"2,59 €/L","img":"https://fd9-photos.leclercdrive.fr/image.ashx?id=2889976&use=l&cat=p&typeid=i","cat":284907},{"id":205942,"n":"Couches Pampers Baby-dry T3 - x52","p":17.79,"u":"0,34 €/P","img":"https://fd9-photos.leclercdrive.fr/image.ashx?id=2655154&use=l&cat=p&typeid=i","cat":284737},{"id":205946,"n":"Couches Pampers Premium Protection - T1 - x112","p":34.5,"u":"0,31 €/P","img":"https://fd9-photos.leclercdrive.fr/image.ashx?id=2683379&use=l&cat=p&typeid=i","cat":284737},{"id":206033,"n":"Biscuits Mots Doux P'tit Déli Chocolat noisettes - 180g","p":1.89,"u":"10,50 €/KG","img":"https://fd9-photos.leclercdrive.fr/image.ashx?id=2771136&use=l&cat=p&typeid=i","cat":284488},{"id":206117,"n":"Gel lavant hydratant Sanytol Aloe Vera & Thé Vert Bio-500ml","p":4.98,"u":"9,96 €/L","img":"https://fd9-photos.leclercdrive.fr/image.ashx?id=2512131&use=l&cat=p&typeid=i","cat":284597},{"id":206120,"n":"Crème dépilatoire Expert Veet Corps Peaux sensibles 200ml","p":5.41,"u":"27,05 €/L","img":"https://fd9-photos.leclercdrive.fr/image.ashx?id=2970804&use=l&cat=p&typeid=i","cat":325351},{"id":206126,"n":"Infusion La Tisanière Nuit calme - x20 - 28g","p":2.68,"u":"95,71 €/KG","img":"https://fd9-photos.leclercdrive.fr/image.ashx?id=2907863&use=l&cat=p&typeid=i","cat":293234},{"id":206128,"n":"Pâte à tartiner Nocciolata Bio Praliné Noisettes - 250g","p":3.44,"u":"13,76 €/KG","img":"https://fd9-photos.leclercdrive.fr/image.ashx?id=2883254&use=l&cat=p&typeid=i","cat":284481},{"id":206139,"n":"Sirop Teisseire Cassis - 60cl","p":3.3,"u":"5,50 €/L","img":"https://fd9-photos.leclercdrive.fr/image.ashx?id=2508588&use=l&cat=p&typeid=i","cat":295020},{"id":206140,"n":"Sirop concentré Teisseire Citron vert - 60cl","p":3.3,"u":"5,50 €/L","img":"https://fd9-photos.leclercdrive.fr/image.ashx?id=2508591&use=l&cat=p&typeid=i","cat":295020},{"id":206142,"n":"Sirop Teisseire  Fraise - 60cl","p":3.3,"u":"5,50 €/L","img":"https://fd9-photos.leclercdrive.fr/image.ashx?id=2771750&use=l&cat=p&typeid=i","cat":295020},{"id":206143,"n":"Sirop Teisseire  Pêche - 60cl","p":3.3,"u":"5,50 €/L","img":"https://fd9-photos.leclercdrive.fr/image.ashx?id=2508597&use=l&cat=p&typeid=i","cat":295020},{"id":206147,"n":"Boisson concentrée Teisseire Menthe verte sans sucres - 60cl","p":2.72,"u":"4,53 €/L","img":"https://fd9-photos.leclercdrive.fr/image.ashx?id=2508603&use=l&cat=p&typeid=i","cat":295020},{"id":206149,"n":"Boisson concentrée Teisseire Citron sans sucres - 60cl","p":2.72,"u":"4,53 €/L","img":"https://fd9-photos.leclercdrive.fr/image.ashx?id=2508606&use=l&cat=p&typeid=i","cat":295020},{"id":206169,"n":"Sirop Tesseire Citron - 60cl","p":2.25,"u":"3,75 €/L","img":"https://fd9-photos.leclercdrive.fr/image.ashx?id=2771747&use=l&cat=p&typeid=i","cat":295020},{"id":206172,"n":"Biscuits Kinder Tronky fourrés Cacao et au lait  - 90g","p":1.97,"u":"21,89 €/KG","img":"https://fd9-photos.leclercdrive.fr/image.ashx?id=2916462&use=l&cat=p&typeid=i","cat":284488},{"id":206192,"n":"Soda Schweppes Saveur Agrumes - 4x1,5L","p":6.65,"u":"1,11 €/L","img":"https://fd9-photos.leclercdrive.fr/image.ashx?id=2852453&use=l&cat=p&typeid=i","cat":284532},{"id":206211,"n":"Olives vertes dénoyautées  À la Provençale - 200g","p":2.94,"u":"14,70 €/KG","img":"https://fd9-photos.leclercdrive.fr/image.ashx?id=2647796&use=l&cat=p&typeid=i","cat":316002},{"id":206315,"n":"Boisson énergisante  Monster - Juiced khaotic 50cl","p":1.63,"u":"3,26 €/L","img":"https://fd9-photos.leclercdrive.fr/image.ashx?id=2511047&use=l&cat=p&typeid=i","cat":284533},{"id":206582,"n":"Liquide vaiselle Paic Bi Activ Vinaigre et citron - 750ml","p":2.95,"u":"3,93 €/L","img":"https://fd9-photos.leclercdrive.fr/image.ashx?id=2966797&use=l&cat=p&typeid=i","cat":284655},{"id":206583,"n":"Liquide vaiselle Paic Bi Activ Vinaigre et menthol - 750ml","p":3.29,"u":"4,39 €/L","img":"https://fd9-photos.leclercdrive.fr/image.ashx?id=2512075&use=l&cat=p&typeid=i","cat":284655},{"id":206596,"n":"Boisson à base de vin Very Cassis - BIB 3L","p":9.0,"u":"3,00 €/L","img":"https://fd9-photos.leclercdrive.fr/image.ashx?id=2854423&use=l&cat=p&typeid=i","cat":304569},{"id":206606,"n":"Bâtonnets Trium Vanille chocolat blanc x4 314g","p":2.8,"u":"8,92 €/KG","img":"https://fd9-photos.leclercdrive.fr/image.ashx?id=2791392&use=l&cat=p&typeid=i","cat":284265},{"id":206615,"n":"Boisson aux fruits Oasis Tropical sans sucres - 1,5L","p":2.0,"u":"1,33 €/L","img":"https://fd9-photos.leclercdrive.fr/image.ashx?id=2681739&use=l&cat=p&typeid=i","cat":295018},{"id":206617,"n":"Lessive liquide Arbre Vert Recharge x34 - 1.53L","p":6.08,"u":"3,97 €/L","img":"https://fd9-photos.leclercdrive.fr/image.ashx?id=2680209&use=l&cat=p&typeid=i","cat":284640},{"id":206651,"n":"Mélange fruits exotiques DDV Sirop léger - 340g","p":1.99,"u":"5,85 €/KG","img":"https://fd9-photos.leclercdrive.fr/image.ashx?id=2512511&use=l&cat=p&typeid=i","cat":284507},{"id":206661,"n":"Pré shampooing Elsève  Pro Bond Repair - 200ml","p":8.16,"u":"40,80 €/L","img":"https://fd9-photos.leclercdrive.fr/image.ashx?id=2870680&use=l&cat=p&typeid=i","cat":284606},{"id":206721,"n":"Sundae Ben & Jerry's Dulce de-delish - 342g","p":5.55,"u":"15,86 €/KG","img":"https://fd9-photos.leclercdrive.fr/image.ashx?id=2805654&use=l&cat=p&typeid=i","cat":284725},{"id":206725,"n":"Bâtonnet Magnum Double Sunlover x4 - 300g","p":3.78,"u":"12,60 €/KG","img":"https://fd9-photos.leclercdrive.fr/image.ashx?id=2886397&use=l&cat=p&typeid=i","cat":284265},{"id":206935,"n":"Thon entier Eco+ 140g","p":1.33,"u":"9,50 €/KG","img":"https://fd9-photos.leclercdrive.fr/image.ashx?id=2755004&use=l&cat=p&typeid=i","cat":303867},{"id":206936,"n":"Légum' Vapeur Notre Jardin Petits pois & carottes 265g","p":1.45,"u":"5,47 €/KG","img":"https://fd9-photos.leclercdrive.fr/image.ashx?id=3002647&use=l&cat=p&typeid=i","cat":312607},{"id":206950,"n":"Gaufrettes P'tit Déli Fourrés - 128g","p":1.59,"u":"12,42 €/KG","img":"https://fd9-photos.leclercdrive.fr/image.ashx?id=2842522&use=l&cat=p&typeid=i","cat":284488},{"id":206953,"n":"Tortilla chips chili Eco+ 300g","p":1.14,"u":"3,80 €/KG","img":"https://fd9-photos.leclercdrive.fr/image.ashx?id=2839818&use=l&cat=p&typeid=i","cat":287899},{"id":206963,"n":"Morceaux et coeurs de palmier  250g","p":1.99,"u":"7,96 €/KG","img":"https://fd9-photos.leclercdrive.fr/image.ashx?id=2670365&use=l&cat=p&typeid=i","cat":312611},{"id":206985,"n":"Haché de jambon Fleury Michon À poêler x2 - 190g","p":1.97,"u":"10,37 €/KG","img":"https://fd9-photos.leclercdrive.fr/image.ashx?id=2518649&use=l&cat=p&typeid=i","cat":316009},{"id":206997,"n":"Couscous à la marocaine légumes Fleury Michon - 450g","p":3.85,"u":"8,56 €/KG","img":"https://fd9-photos.leclercdrive.fr/image.ashx?id=2656724&use=l&cat=p&typeid=i","cat":333665},{"id":207017,"n":"Monster Top Speed Zero 50CL","p":1.53,"u":"3,06 €/L","img":"https://fd9-photos.leclercdrive.fr/image.ashx?id=2861174&use=l&cat=p&typeid=i","cat":284533},{"id":207044,"n":"Recharge Lessive l'Arbre Vert Amande Douce 34 lavages 1,53L","p":6.85,"u":"4,48 €/L","img":"https://fd9-photos.leclercdrive.fr/image.ashx?id=2684503&use=l&cat=p&typeid=i","cat":284640},{"id":207047,"n":"Beurre de cacahuètes Menguy's 454g","p":4.07,"u":"8,96 €/KG","img":"https://fd9-photos.leclercdrive.fr/image.ashx?id=2844088&use=l&cat=p&typeid=i","cat":284481},{"id":207069,"n":"Glace Extrême Mini Fraise Vanille - x8 - 312g","p":4.2,"u":"13,46 €/KG","img":"https://fd9-photos.leclercdrive.fr/image.ashx?id=2732941&use=l&cat=p&typeid=i","cat":284264},{"id":207074,"n":"Vaisselle mains L'Arbre Vert Peaux sensibles - 500ml","p":1.62,"u":"3,24 €/L","img":"https://fd9-photos.leclercdrive.fr/image.ashx?id=2845428&use=l&cat=p&typeid=i","cat":284655},{"id":207075,"n":"Vaisselle Main L'Arbre Vert Amande - 500ml","p":1.54,"u":"3,08 €/L","img":"https://fd9-photos.leclercdrive.fr/image.ashx?id=2845431&use=l&cat=p&typeid=i","cat":284655},{"id":207078,"n":"Nectar orange  Cidou Bio - 1L","p":2.68,"u":"2,68 €/L","img":"https://fd9-photos.leclercdrive.fr/image.ashx?id=2520237&use=l&cat=p&typeid=i","cat":284521},{"id":207101,"n":"Boîte Cotons tiges Feel Natural Blanc - Bambou - x200","p":0.91,"pp":0.55,"img":"https://fd9-photos.leclercdrive.fr/image.ashx?id=2544888&use=l&cat=p&typeid=i","cat":284636},{"id":207104,"n":"Culotte Feel Natural  Menstruelle - Taille XL","p":16.49,"pp":9.89,"img":"https://fd9-photos.leclercdrive.fr/image.ashx?id=2795255&use=l&cat=p&typeid=i","cat":284624},{"id":207117,"n":"Crème Solaire Spray Nivea Sun FPS 30 Protect&Bronze - 200ml","p":12.34,"u":"61,70 €/L","img":"https://fd9-photos.leclercdrive.fr/image.ashx?id=3008969&use=l&cat=p&typeid=i","cat":325355},{"id":207137,"n":"Assouplissant Minidou Vent de fraîcheur - 1L - x50","p":4.22,"u":"4,22 €/L","img":"https://fd9-photos.leclercdrive.fr/image.ashx?id=2795887&use=l&cat=p&typeid=i","cat":284650},{"id":207139,"n":"Serviettes hygiéniques Always  Ultra - Secure night - x18","p":4.67,"u":"0,26 €/P","img":"https://fd9-photos.leclercdrive.fr/image.ashx?id=2849436&use=l&cat=p&typeid=i","cat":284624},{"id":207141,"n":"Préservatifs Durex Nude Extra Fins Peau contre Peau x10","p":7.35,"u":"0,74 €/P","img":"https://fd9-photos.leclercdrive.fr/image.ashx?id=2962017&use=l&cat=p&typeid=i","cat":284631},{"id":207154,"n":"Thon naturel Petit Navire 112g","p":2.07,"u":"18,48 €/KG","img":"https://fd9-photos.leclercdrive.fr/image.ashx?id=3003092&use=l&cat=p&typeid=i","cat":303867},{"id":207155,"n":"Cocktail prêt à boire Tails Fruit de la passion 14,9° -50cl","p":14.99,"u":"29,98 €/L","img":"https://fd9-photos.leclercdrive.fr/image.ashx?id=2858273&use=l&cat=p&typeid=i","cat":284551},{"id":207157,"n":"Biscuits La Biscuiterie Delacre Caramel intense - 130g","p":2.44,"u":"18,77 €/KG","img":"https://fd9-photos.leclercdrive.fr/image.ashx?id=2926323&use=l&cat=p&typeid=i","cat":284490},{"id":207158,"n":"Biscuits La Biscuiterie Delacre Sablés chocolat Noir - 130g","p":2.58,"u":"19,85 €/KG","img":"https://fd9-photos.leclercdrive.fr/image.ashx?id=2674092&use=l&cat=p&typeid=i","cat":284490},{"id":207181,"n":"Sucre Saint Louis Spécial Espresso - 1kg","p":2.4,"u":"2,40 €/KG","img":"https://fd9-photos.leclercdrive.fr/image.ashx?id=2521413&use=l&cat=p&typeid=i","cat":284502},{"id":207198,"n":"Recharge lessive liquide  Rainette Aloe vera - 1.6L","p":5.99,"u":"3,74 €/L","img":"https://fd9-photos.leclercdrive.fr/image.ashx?id=2858684&use=l&cat=p&typeid=i","cat":284640},{"id":207199,"n":"Recharge lessive liquide  Rainett Savon de Marseille 1.6L","p":6.42,"u":"4,01 €/L","img":"https://fd9-photos.leclercdrive.fr/image.ashx?id=2842129&use=l&cat=p&typeid=i","cat":284640},{"id":207209,"n":"Yaourt nature Calin Extra 8x100g","p":1.94,"u":"2,43 €/KG","img":"https://fd9-photos.leclercdrive.fr/image.ashx?id=2973745&use=l&cat=p&typeid=i","cat":284409},{"id":207210,"n":"Fromage à tartiner Kiri Délicieusement fouetté - 125g","p":2.27,"u":"18,16 €/KG","img":"https://fd9-photos.leclercdrive.fr/image.ashx?id=2686591&use=l&cat=p&typeid=i","cat":314029},{"id":207236,"n":"Nuxuriance ultra anti-âge Nuxe  Contour yeux et lèvres - 15ml","p":31.86,"img":"https://fd9-photos.leclercdrive.fr/image.ashx?id=2540601&use=l&cat=p&typeid=i","cat":291172},{"id":207238,"n":"Liqueur Whisky Fireball - 70cl 33% vol.","p":18.65,"u":"26,64 €/L","img":"https://fd9-photos.leclercdrive.fr/image.ashx?id=2531649&use=l&cat=p&typeid=i","cat":286032},{"id":207258,"n":"Spray nettoyant Mr Propre Flash propreté - 800ml","p":5.05,"u":"6,31 €/L","img":"https://fd9-photos.leclercdrive.fr/image.ashx?id=2737342&use=l&cat=p&typeid=i","cat":325357},{"id":207262,"n":"Capsules Nescafé Dolce Gusto  Grande - x16","p":4.53,"u":"33,31 €/KG","img":"https://fd9-photos.leclercdrive.fr/image.ashx?id=2964153&use=l&cat=p&typeid=i","cat":293239},{"id":207302,"n":"Café dosettes L'Or Espresso Classique Tassimo 2x16 - 208g","p":8.94,"u":"42,98 €/KG","img":"https://fd9-photos.leclercdrive.fr/image.ashx?id=2871238&use=l&cat=p&typeid=i","cat":293240},{"id":207305,"n":"Filet de poulet  600g","p":6.96,"u":"11,60 €/KG","img":"https://fd9-photos.leclercdrive.fr/image.ashx?id=2524808&use=l&cat=p&typeid=i","cat":284336},{"id":207307,"n":"Culotte Feel Natural Taille S","p":16.49,"pp":9.89,"img":"https://fd9-photos.leclercdrive.fr/image.ashx?id=2795246&use=l&cat=p&typeid=i","cat":284624},{"id":207308,"n":"Cuisse de poulet  1kg","p":4.46,"u":"4,46 €/KG","img":"https://fd9-photos.leclercdrive.fr/image.ashx?id=2524811&use=l&cat=p&typeid=i","cat":284336},{"id":207311,"n":"Culotte Feel Natural Menstruelle - Taille M","p":16.49,"pp":9.89,"img":"https://fd9-photos.leclercdrive.fr/image.ashx?id=2795249&use=l&cat=p&typeid=i","cat":284624},{"id":207312,"n":"Café dosette L'or Tassimo Long classique 2x16 - 208g","p":8.94,"u":"42,98 €/KG","img":"https://fd9-photos.leclercdrive.fr/image.ashx?id=2871241&use=l&cat=p&typeid=i","cat":293240},{"id":207319,"n":"Culotte Feel Natural Menstruelle-détachable-Taille S","p":14.24,"pp":8.54,"img":"https://fd9-photos.leclercdrive.fr/image.ashx?id=2525165&use=l&cat=p&typeid=i","cat":284624},{"id":207321,"n":"Culotte Feel Natural Menstruelle-détachable-Taille M","p":14.24,"pp":8.54,"img":"https://fd9-photos.leclercdrive.fr/image.ashx?id=2525168&use=l&cat=p&typeid=i","cat":284624},{"id":207326,"n":"Super sérum anti-âge Nuxe  Concentré universel - 30ml","p":58.99,"img":"https://fd9-photos.leclercdrive.fr/image.ashx?id=2827308&use=l&cat=p&typeid=i","cat":291168},{"id":207401,"n":"Adoucissant Soupline  Éclat de Fraîcheur - 28p","p":6.12,"u":"0,22 €/P","img":"https://fd9-photos.leclercdrive.fr/image.ashx?id=2583509&use=l&cat=p&typeid=i","cat":284650},{"id":207402,"n":"Adoucissant Soupline  Hypoallergénique - 28p","p":6.16,"u":"0,22 €/P","img":"https://fd9-photos.leclercdrive.fr/image.ashx?id=2818827&use=l&cat=p&typeid=i","cat":284650},{"id":207414,"n":"Café dosettes L'Or Tassimo Long intense - 256g","p":8.94,"u":"34,92 €/KG","img":"https://fd9-photos.leclercdrive.fr/image.ashx?id=2624757&use=l&cat=p&typeid=i","cat":293240},{"id":207456,"n":"Purée de fruits Eco+ x8 - 800g","p":1.79,"u":"2,24 €/KG","img":"https://fd9-photos.leclercdrive.fr/image.ashx?id=2523507&use=l&cat=p&typeid=i","cat":284416},{"id":207457,"n":"Yaourt nature sucré Eco+ 4x125g","p":0.89,"u":"1,78 €/KG","img":"https://fd9-photos.leclercdrive.fr/image.ashx?id=2523510&use=l&cat=p&typeid=i","cat":284409},{"id":207467,"n":"Moutarde Forte Amora 430g","p":1.48,"u":"3,44 €/KG","img":"https://fd9-photos.leclercdrive.fr/image.ashx?id=2526079&use=l&cat=p&typeid=i","cat":288850},{"id":207469,"n":"Moutarde Forte Amora 185g","p":1.54,"u":"8,32 €/KG","img":"https://fd9-photos.leclercdrive.fr/image.ashx?id=2526082&use=l&cat=p&typeid=i","cat":288850},{"id":207471,"n":"Moutarde Mi-forte Amora 415g","p":1.49,"u":"3,59 €/KG","img":"https://fd9-photos.leclercdrive.fr/image.ashx?id=2993176&use=l&cat=p&typeid=i","cat":288850},{"id":207476,"n":"Moutarde de Dijon Fine MAILLE L'Original Bocal - 360g","p":1.44,"u":"4,00 €/KG","img":"https://fd9-photos.leclercdrive.fr/image.ashx?id=2945841&use=l&cat=p&typeid=i","cat":288850},{"id":207489,"n":"Pizza Feu de bois Turini Saisonnière - 450g","p":2.99,"u":"6,64 €/KG","img":"https://fd9-photos.leclercdrive.fr/image.ashx?id=2816618&use=l&cat=p&typeid=i","cat":284256},{"id":207498,"n":"Marsala Radicati  Aux amandes 15% 75cl","p":4.66,"u":"6,21 €/L","img":"https://fd9-photos.leclercdrive.fr/image.ashx?id=2524224&use=l&cat=p&typeid=i","cat":304569},{"id":207507,"n":"Piles Boutons Lithium Duracell CR 2430 - x2","p":5.99,"img":"https://fd9-photos.leclercdrive.fr/image.ashx?id=2525396&use=l&cat=p&typeid=i","cat":300572},{"id":207508,"n":"Piles Boutons Lithium Duracell CR 2450 - x2","p":4.1,"img":"https://fd9-photos.leclercdrive.fr/image.ashx?id=2594542&use=l&cat=p&typeid=i","cat":300572},{"id":207528,"n":"Lessive liquide L'Arbre Vert Peaux sensibles - x34 - 1.53L","p":6.98,"u":"4,56 €/L","img":"https://fd9-photos.leclercdrive.fr/image.ashx?id=3008536&use=l&cat=p&typeid=i","cat":284640},{"id":207529,"n":"Recharge lessive L'Arbre Vert Peaux sensibles - x34 - 1.53L","p":6.18,"u":"4,04 €/L","img":"https://fd9-photos.leclercdrive.fr/image.ashx?id=2680212&use=l&cat=p&typeid=i","cat":284640},{"id":207530,"n":"Vaisselle mains L'Arbre Vert Peaux sensibles - 750ml","p":1.8,"u":"2,40 €/L","img":"https://fd9-photos.leclercdrive.fr/image.ashx?id=2850575&use=l&cat=p&typeid=i","cat":284655},{"id":207533,"n":"Préservatifs Durex Feeling  Extra Fins Extra Lubrifiés x12","p":6.08,"img":"https://fd9-photos.leclercdrive.fr/image.ashx?id=2962014&use=l&cat=p&typeid=i","cat":284631},{"id":207535,"n":"Préservatifs Durex Classic Jeans Confort et Confiance  x12","p":5.64,"img":"https://fd9-photos.leclercdrive.fr/image.ashx?id=2730475&use=l&cat=p&typeid=i","cat":284631},{"id":207536,"n":"Préservatifs Durex Nude Sans Latex Extra Lubrifié x10","p":7.81,"img":"https://fd9-photos.leclercdrive.fr/image.ashx?id=2730478&use=l&cat=p&typeid=i","cat":284631},{"id":207537,"n":"Culotte dentelle Menstruelle - Taille L","p":16.49,"pp":9.89,"img":"https://fd9-photos.leclercdrive.fr/image.ashx?id=2795252&use=l&cat=p&typeid=i","cat":284624},{"id":207538,"n":"Culotte détachable Feel Natural Menstruelle - Taille L","p":14.24,"pp":8.54,"img":"https://fd9-photos.leclercdrive.fr/image.ashx?id=2527058&use=l&cat=p&typeid=i","cat":284624},{"id":207540,"n":"Croûtons Tipiak Ail - 75g","p":1.52,"u":"20,27 €/KG","img":"https://fd9-photos.leclercdrive.fr/image.ashx?id=2684461&use=l&cat=p&typeid=i","cat":284464},{"id":207545,"n":"Bandes de cire froide Aiselles Veet Expert Peaux sensibles x16","p":4.89,"u":"0,31 €/P","img":"https://fd9-photos.leclercdrive.fr/image.ashx?id=2970801&use=l&cat=p&typeid=i","cat":325351},{"id":207557,"n":"Préservatifs Durex Feeling  Extra Lubrifié Extra Fins x20","p":9.81,"u":"0,49 €/P","img":"https://fd9-photos.leclercdrive.fr/image.ashx?id=2964965&use=l&cat=p&typeid=i","cat":284631},{"id":207558,"n":"Préservatifs Durex Nude Extra Large Extra Fins x8","p":8.18,"u":"1,02 €/P","img":"https://fd9-photos.leclercdrive.fr/image.ashx?id=2773328&use=l&cat=p&typeid=i","cat":284631},{"id":207559,"n":"Préservatifs Durex Pleasure me Perlés et Nervurés x12","p":7.28,"u":"0,61 €/P","img":"https://fd9-photos.leclercdrive.fr/image.ashx?id=2730466&use=l&cat=p&typeid=i","cat":284631},{"id":207560,"n":"Préservatifs Durex Feeling  Extra Large Extra Fins x10","p":7.63,"u":"0,76 €/P","img":"https://fd9-photos.leclercdrive.fr/image.ashx?id=2730472&use=l&cat=p&typeid=i","cat":284631},{"id":207561,"n":"Recharge Savon Mains Dettol Miel et Beurre de Karité 250ml","p":3.44,"u":"13,76 €/L","img":"https://fd9-photos.leclercdrive.fr/image.ashx?id=2971751&use=l&cat=p&typeid=i","cat":284597},{"id":207604,"n":"Bandes de cire froide Maillot Veet Expert Peaux sensibles x16","p":5.85,"u":"0,37 €/P","img":"https://fd9-photos.leclercdrive.fr/image.ashx?id=2970798&use=l&cat=p&typeid=i","cat":325351},{"id":207620,"n":"Sérum Diadermine Expert Actif hyaluronique - 30ml","p":14.13,"u":"471,00 €/L","img":"https://fd9-photos.leclercdrive.fr/image.ashx?id=2527865&use=l&cat=p&typeid=i","cat":325345},{"id":207621,"n":"Carrés démaquillant Feel Natural - +Filet de lavage - x6","p":8.69,"pp":5.21,"img":"https://fd9-photos.leclercdrive.fr/image.ashx?id=2528066&use=l&cat=p&typeid=i","cat":285593},{"id":207622,"n":"Culotte Dentelle Feel Natural Menstruelle - Taille XS","p":16.49,"pp":9.89,"img":"https://fd9-photos.leclercdrive.fr/image.ashx?id=2795243&use=l&cat=p&typeid=i","cat":284624},{"id":207637,"n":"Calculatrice Fx-92 Casio Collège - Classwiz - x1","p":19.63,"u":"Dont 0,05 € d'éco-part.","img":"https://fd9-photos.leclercdrive.fr/image.ashx?id=2544915&use=l&cat=p&typeid=i","cat":334133},{"id":207713,"n":"Sac Borne Airness Ace Noir - 2 compartiments","p":47.9,"img":"https://fd9-photos.leclercdrive.fr/image.ashx?id=2729479&use=l&cat=p&typeid=i","cat":334133},{"id":207881,"n":"Cahier spirale Clairefontaine Orange - 16x22cm-160 pages","p":2.57,"img":"https://fd9-photos.leclercdrive.fr/image.ashx?id=2541850&use=l&cat=p&typeid=i","cat":284697},{"id":207891,"n":"Cahier spirale Clairefontaine Orange - 16x22cm - 160 pages","p":2.6,"img":"https://fd9-photos.leclercdrive.fr/image.ashx?id=2541880&use=l&cat=p&typeid=i","cat":284697},{"id":207892,"n":"Cahier spirale Clairefontaine Violet - 16x22cm - 160 pages","p":2.6,"img":"https://fd9-photos.leclercdrive.fr/image.ashx?id=2541883&use=l&cat=p&typeid=i","cat":284697},{"id":207893,"n":"Cahier spirale Clairefontaine Bleu foncé -16x22cm -160 pages","p":2.6,"img":"https://fd9-photos.leclercdrive.fr/image.ashx?id=2541886&use=l&cat=p&typeid=i","cat":284697},{"id":207894,"n":"Cahier spirale Clairefontaine Vert paon-16x22cm - 160 pages","p":2.6,"img":"https://fd9-photos.leclercdrive.fr/image.ashx?id=2541889&use=l&cat=p&typeid=i","cat":284697},{"id":207895,"n":"Cahier de texte Dragonball Bleu - 17x22cm - 148 pages","p":3.1,"img":"https://fd9-photos.leclercdrive.fr/image.ashx?id=2541892&use=l&cat=p&typeid=i","cat":334133},{"id":207896,"n":"Cahier de texte Dragonball Rouge - 17x22cm - 148 pages","p":3.1,"img":"https://fd9-photos.leclercdrive.fr/image.ashx?id=2541895&use=l&cat=p&typeid=i","cat":334133},{"id":207897,"n":"Cahier de texte Dragonball Violet - 17x22cm - 148 pages","p":3.1,"img":"https://fd9-photos.leclercdrive.fr/image.ashx?id=2541898&use=l&cat=p&typeid=i","cat":334133},{"id":208052,"n":"Stylos-feutres Stabilo Pastel - Pointe fine -Point 88","p":6.5,"img":"https://fd9-photos.leclercdrive.fr/image.ashx?id=2528093&use=l&cat=p&typeid=i","cat":284696},{"id":208055,"n":"Chemise Viquel Violet pastel-Milkshake-Polypro","p":4.65,"img":"https://fd9-photos.leclercdrive.fr/image.ashx?id=2549995&use=l&cat=p&typeid=i","cat":284745},{"id":208058,"n":"Classeur Viquel Jaune - Milkshake - Dos 35mm","p":5.9,"img":"https://fd9-photos.leclercdrive.fr/image.ashx?id=2543774&use=l&cat=p&typeid=i","cat":284745},{"id":208059,"n":"Gourde unie Aqua Viquel Rose pastel - Inox - 350ml","p":16.64,"img":"https://fd9-photos.leclercdrive.fr/image.ashx?id=2541705&use=l&cat=p&typeid=i","cat":284710},{"id":208060,"n":"Gourde unie Viquel Vert pastel - Inox - 350ml","p":16.64,"img":"https://fd9-photos.leclercdrive.fr/image.ashx?id=2541708&use=l&cat=p&typeid=i","cat":284710},{"id":208061,"n":"Gourde unie Viquel Bleu pastel - Inox - 350ml","p":16.64,"img":"https://fd9-photos.leclercdrive.fr/image.ashx?id=2541711&use=l&cat=p&typeid=i","cat":284710},{"id":208065,"n":"Trieur à soufflets Viquel Rose - 8 positions","p":8.65,"img":"https://fd9-photos.leclercdrive.fr/image.ashx?id=2542932&use=l&cat=p&typeid=i","cat":284745},{"id":208066,"n":"Trieur à soufflets Viquel Incolore - 8 positions","p":8.65,"img":"https://fd9-photos.leclercdrive.fr/image.ashx?id=2542935&use=l&cat=p&typeid=i","cat":284745},{"id":208067,"n":"Trieur à soufflets Viquel Lavande - 8 positions","p":8.65,"img":"https://fd9-photos.leclercdrive.fr/image.ashx?id=2542938&use=l&cat=p&typeid=i","cat":284745},{"id":208068,"n":"Trieur à soufflets Viquel Pêche - 8 positions","p":8.65,"img":"https://fd9-photos.leclercdrive.fr/image.ashx?id=2542941&use=l&cat=p&typeid=i","cat":284745},{"id":208069,"n":"Trieur à soufflets Viquel Vert - 8 positions","p":8.65,"img":"https://fd9-photos.leclercdrive.fr/image.ashx?id=2542944&use=l&cat=p&typeid=i","cat":284745},{"id":208070,"n":"Trieur à soufflets Viquel Bleu - 8 positions","p":8.65,"img":"https://fd9-photos.leclercdrive.fr/image.ashx?id=2542947&use=l&cat=p&typeid=i","cat":284745},{"id":208071,"n":"Trieur Rainbow Pastel Viquel Bleu - 12 positions - Polypro","p":7.68,"img":"https://fd9-photos.leclercdrive.fr/image.ashx?id=2542950&use=l&cat=p&typeid=i","cat":284745},{"id":208072,"n":"Trieur Rainbow Pastel Viquel Nude - 12 positions - Polypro","p":7.68,"img":"https://fd9-photos.leclercdrive.fr/image.ashx?id=2542953&use=l&cat=p&typeid=i","cat":284745},{"id":208073,"n":"Trieur Rainbow Pastel Viquel Bleu - 6 positions - Polypro","p":5.63,"img":"https://fd9-photos.leclercdrive.fr/image.ashx?id=2542956&use=l&cat=p&typeid=i","cat":284745},{"id":208154,"n":"Huile prodigieuse or Nuxe  Visage, corps, cheveux - 100ml","p":25.89,"u":"258,90 €/L","img":"https://fd9-photos.leclercdrive.fr/image.ashx?id=2651489&use=l&cat=p&typeid=i","cat":290422},{"id":208197,"n":"Crème Solaire Visage Nivea Sun FPS50+ Anti-taches - 40ml","p":10.67,"u":"266,75 €/L","img":"https://fd9-photos.leclercdrive.fr/image.ashx?id=2967373&use=l&cat=p&typeid=i","cat":325355},{"id":208271,"n":"Capsules café L'Or Espresso Forza N°9 x50","p":14.37,"u":"55,27 €/KG","img":"https://fd9-photos.leclercdrive.fr/image.ashx?id=3000471&use=l&cat=p&typeid=i","cat":284749},{"id":208273,"n":"Doc Prosecco Vilaveroni Blanc Brut 150cl","p":16.94,"u":"11,29 €/L","img":"https://fd9-photos.leclercdrive.fr/image.ashx?id=2540499&use=l&cat=p&typeid=i","cat":289461},{"id":208356,"n":"Rasoirs jetables Gillette  Blue3 - 3x4","p":12.91,"u":"1,08 €/P","img":"https://fd9-photos.leclercdrive.fr/image.ashx?id=2637613&use=l&cat=p&typeid=i","cat":284616},{"id":208385,"n":"Capsules café L'Or Espresso Delizioso N°5 x50","p":14.37,"u":"55,27 €/KG","img":"https://fd9-photos.leclercdrive.fr/image.ashx?id=2788064&use=l&cat=p&typeid=i","cat":284749},{"id":208417,"n":"Capsules café L'Or Espresso Ristretto N°11 x50","p":14.37,"u":"55,27 €/KG","img":"https://fd9-photos.leclercdrive.fr/image.ashx?id=3000474&use=l&cat=p&typeid=i","cat":284749},{"id":208421,"n":"Infusion fruits rouges Elephant Touche de menthe - 40g","p":2.8,"u":"70,00 €/KG","img":"https://fd9-photos.leclercdrive.fr/image.ashx?id=2813104&use=l&cat=p&typeid=i","cat":293234},{"id":208426,"n":"Infusion Eléphant Tilleul Citron  - x20 - 28g","p":2.78,"u":"99,29 €/KG","img":"https://fd9-photos.leclercdrive.fr/image.ashx?id=2530284&use=l&cat=p&typeid=i","cat":293234},{"id":208507,"n":"AOC Rosé d'Anjou rosé Plessis-Duval - 75cl","p":5.05,"u":"6,73 €/L","img":"https://fd9-photos.leclercdrive.fr/image.ashx?id=2731789&use=l&cat=p&typeid=i","cat":289558},{"id":208611,"n":"Yaourt à boire Eco+ Vanille - 850g","p":1.33,"u":"1,56 €/KG","img":"https://fd9-photos.leclercdrive.fr/image.ashx?id=2543507&use=l&cat=p&typeid=i","cat":284415},{"id":208632,"n":"Crème glacée La Laitière Crème brulée - 490g","p":3.24,"pp":2.27,"u":"4,63 €/KG","img":"https://fd9-photos.leclercdrive.fr/image.ashx?id=2877880&use=l&cat=p&typeid=i","cat":284263},{"id":208651,"n":"Purée Mousline  x8 - 1.04 kg","p":4.38,"u":"4,21 €/KG","img":"https://fd9-photos.leclercdrive.fr/image.ashx?id=2986780&use=l&cat=p&typeid=i","cat":284431},{"id":208658,"n":"Biscuit P'tit Deli Chocolat lait blanc - 150g","p":1.75,"u":"11,67 €/KG","img":"https://fd9-photos.leclercdrive.fr/image.ashx?id=2684835&use=l&cat=p&typeid=i","cat":284488},{"id":208749,"n":"Riz long grain 10 min Lustucru  x5 - 900g","p":2.15,"u":"2,39 €/KG","img":"https://fd9-photos.leclercdrive.fr/image.ashx?id=2963739&use=l&cat=p&typeid=i","cat":284428},{"id":208751,"n":"Riz long grain 10 min Lustucru x5 - 450g","p":1.43,"u":"3,18 €/KG","img":"https://fd9-photos.leclercdrive.fr/image.ashx?id=2955830&use=l&cat=p&typeid=i","cat":284428},{"id":208759,"n":"Purée Mousline  Presse purée - 375g","p":2.74,"u":"7,31 €/KG","img":"https://fd9-photos.leclercdrive.fr/image.ashx?id=2940117&use=l&cat=p&typeid=i","cat":284431},{"id":208763,"n":"Dentifrice Colgate Max Fresh Cristaux fraicheur - 75ml","p":1.89,"u":"25,20 €/L","img":"https://fd9-photos.leclercdrive.fr/image.ashx?id=2957311&use=l&cat=p&typeid=i","cat":284612},{"id":208773,"n":"Thon Petit Navire À la sauce Catalane - 3x140g","p":4.99,"u":"11,88 €/KG","img":"https://fd9-photos.leclercdrive.fr/image.ashx?id=2999216&use=l&cat=p&typeid=i","cat":303867},{"id":208774,"n":"Crème corps nourrissante Mixa Peaux extra sèches - 400ml","p":4.58,"u":"11,45 €/L","img":"https://fd9-photos.leclercdrive.fr/image.ashx?id=2533862&use=l&cat=p&typeid=i","cat":325350},{"id":208778,"n":"Thon Petit Navire  Mayonnaise - 3x140g","p":4.98,"u":"11,86 €/KG","img":"https://fd9-photos.leclercdrive.fr/image.ashx?id=2835854&use=l&cat=p&typeid=i","cat":303867},{"id":208788,"n":"Thé glacé Lipton Ice Tea Pêche  Sans sucres bouteille de 1.25L","p":1.61,"u":"1,29 €/L","img":"https://fd9-photos.leclercdrive.fr/image.ashx?id=2731570&use=l&cat=p&typeid=i","cat":295019},{"id":208806,"n":"Grilletine blé complet Pasquier Sans sucre ajouté - 255g","p":2.17,"u":"8,51 €/KG","img":"https://fd9-photos.leclercdrive.fr/image.ashx?id=2533559&use=l&cat=p&typeid=i","cat":284479},{"id":208811,"n":"Pancake mix Lenny 250g","p":4.39,"u":"17,56 €/KG","img":"https://fd9-photos.leclercdrive.fr/image.ashx?id=3011521&use=l&cat=p&typeid=i","cat":284504},{"id":208820,"n":"Peanut butter Lenny 510g","p":6.02,"u":"11,80 €/KG","img":"https://fd9-photos.leclercdrive.fr/image.ashx?id=2533844&use=l&cat=p&typeid=i","cat":284481},{"id":208859,"n":"Sérum Colgate Max White Blancheur - Nuit - 3ml","p":14.65,"img":"https://fd9-photos.leclercdrive.fr/image.ashx?id=2834095&use=l&cat=p&typeid=i","cat":284612},{"id":208865,"n":"Spray nasal Prorhinel Aloe Vera - Enfant/Adulte 100ml","p":5.79,"u":"57,90 €/L","img":"https://fd9-photos.leclercdrive.fr/image.ashx?id=2917861&use=l&cat=p&typeid=i","cat":284630},{"id":208867,"n":"Serum physiologique Prorhinel 30x5ml","p":3.1,"u":"20,67 €/L","img":"https://fd9-photos.leclercdrive.fr/image.ashx?id=2878303&use=l&cat=p&typeid=i","cat":284741},{"id":209057,"n":"Céréales bébé P'TITE CEREALE chocolat biscuit 12M+ - 415g","p":3.24,"u":"7,81 €/KG","img":"https://fd9-photos.leclercdrive.fr/image.ashx?id=2537303&use=l&cat=p&typeid=i","cat":312225},{"id":209059,"n":"P'tite céréale Nestlé Noisettes Biscuit - 12M+ - 415g","p":3.45,"u":"8,31 €/KG","img":"https://fd9-photos.leclercdrive.fr/image.ashx?id=2679389&use=l&cat=p&typeid=i","cat":312225},{"id":209061,"n":"Sauce pesto Florelli A la genovese - 190g","p":2.42,"u":"12,74 €/KG","img":"https://fd9-photos.leclercdrive.fr/image.ashx?id=2787452&use=l&cat=p&typeid=i","cat":299047},{"id":209064,"n":"Céréales bébé BABICAO Cacao 10M+ - 400g","p":3.48,"u":"8,70 €/KG","img":"https://fd9-photos.leclercdrive.fr/image.ashx?id=2537294&use=l&cat=p&typeid=i","cat":312225},{"id":209066,"n":"Céréales bébé P'TITE CEREALE Vanille Biscuit 12M+ - 415g","p":3.24,"u":"7,81 €/KG","img":"https://fd9-photos.leclercdrive.fr/image.ashx?id=2537297&use=l&cat=p&typeid=i","cat":312225},{"id":209093,"n":"Adoucissant Soupline Magnolia & lavande - x60 1.28L","p":5.83,"u":"4,48 €/L","img":"https://fd9-photos.leclercdrive.fr/image.ashx?id=2832569&use=l&cat=p&typeid=i","cat":284650},{"id":209094,"n":"Adoucissant Soupline Concentré Mandarine Vanille x60 - 1.28ml","p":5.43,"u":"4,24 €/L","img":"https://fd9-photos.leclercdrive.fr/image.ashx?id=2832572&use=l&cat=p&typeid=i","cat":284650},{"id":209113,"n":"Pâtes Collezione Barilla Farfalle Generose - 500g","p":1.64,"u":"3,28 €/KG","img":"https://fd9-photos.leclercdrive.fr/image.ashx?id=2654122&use=l&cat=p&typeid=i","cat":284427},{"id":209137,"n":"Blanc de poulet Tradilège Doré au four - 240g","p":1.97,"u":"8,21 €/KG","img":"https://fd9-photos.leclercdrive.fr/image.ashx?id=2925759&use=l&cat=p&typeid=i","cat":316010},{"id":209154,"n":"Compotes Pom'Potes  Assortiment x64 - 5.76kg","p":28.39,"pp":19.87,"u":"3,45 €/KG","img":"https://fd9-photos.leclercdrive.fr/image.ashx?id=2977261&use=l&cat=p&typeid=i","cat":284508},{"id":209156,"n":"Capsules lave-vaisselle Finish  Ultimate Plus Citron - x25","p":7.91,"u":"25,93 €/KG","img":"https://fd9-photos.leclercdrive.fr/image.ashx?id=2735554&use=l&cat=p&typeid=i","cat":284656},{"id":209159,"n":"Capsules lave-vaisselle Finish  Ultimate Plus - x25","p":7.48,"u":"24,52 €/KG","img":"https://fd9-photos.leclercdrive.fr/image.ashx?id=2749398&use=l&cat=p&typeid=i","cat":284656},{"id":209179,"n":"Crème dépilatoire Expert Veet Bikini Maillot Intégral 200ml","p":9.56,"u":"95,60 €/L","img":"https://fd9-photos.leclercdrive.fr/image.ashx?id=2964968&use=l&cat=p&typeid=i","cat":325351},{"id":209208,"n":"Sauce soja Suzi Wan Sucrée - 135ml","p":2.05,"u":"15,19 €/KG","img":"https://fd9-photos.leclercdrive.fr/image.ashx?id=2892931&use=l&cat=p&typeid=i","cat":288992},{"id":209302,"n":"Thé glacé Lipton Ice Tea Citron/citron vert - 1.25L","p":1.56,"u":"1,25 €/L","img":"https://fd9-photos.leclercdrive.fr/image.ashx?id=2731573&use=l&cat=p&typeid=i","cat":295019},{"id":209339,"n":"Mélange Sainte Lucie Tex Mex - 46g","p":2.24,"u":"48,70 €/KG","img":"https://fd9-photos.leclercdrive.fr/image.ashx?id=2975179&use=l&cat=p&typeid=i","cat":298297},{"id":209345,"n":"Chair de crabe Côte de Mer 102g","p":2.83,"u":"26,95 €/KG","img":"https://fd9-photos.leclercdrive.fr/image.ashx?id=2557482&use=l&cat=p&typeid=i","cat":305147},{"id":209351,"n":"Pointes d'asperges Géant Vert blanches - 110g","p":3.65,"u":"17,22 €/L","img":"https://fd9-photos.leclercdrive.fr/image.ashx?id=2840557&use=l&cat=p&typeid=i","cat":312611},{"id":209367,"n":"Sauce pesto rouge Florelli 190g","p":2.37,"u":"12,47 €/KG","img":"https://fd9-photos.leclercdrive.fr/image.ashx?id=2787455&use=l&cat=p&typeid=i","cat":289010},{"id":209368,"n":"Thé glacé Lipton Ice Tea Pêche La bouteille de 1.75L","p":1.87,"u":"1,07 €/L","img":"https://fd9-photos.leclercdrive.fr/image.ashx?id=2731594&use=l&cat=p&typeid=i","cat":295019},{"id":209430,"n":"Skyr Danone Citron 0%mg - 2x140g","p":2.36,"u":"8,43 €/KG","img":"https://fd9-photos.leclercdrive.fr/image.ashx?id=2851728&use=l&cat=p&typeid=i","cat":315000},{"id":209494,"n":"Salade & Cie Sodebo Roma Jambon Speck - 320g","p":3.04,"u":"9,50 €/KG","img":"https://fd9-photos.leclercdrive.fr/image.ashx?id=2732413&use=l&cat=p&typeid=i","cat":333657},{"id":209495,"n":"Salade & Cie Sodebo Manhattan Poulet rôti - 320g","p":2.87,"u":"8,97 €/KG","img":"https://fd9-photos.leclercdrive.fr/image.ashx?id=2732407&use=l&cat=p&typeid=i","cat":333657},{"id":209496,"n":"Salade & Cie Sodebo Montmartre Jambon supérieur - 320g","p":3.1,"u":"9,69 €/KG","img":"https://fd9-photos.leclercdrive.fr/image.ashx?id=2868945&use=l&cat=p&typeid=i","cat":333657},{"id":209514,"n":"Chips Lay's Nature - 135g","p":1.33,"u":"9,85 €/KG","img":"https://fd9-photos.leclercdrive.fr/image.ashx?id=2994482&use=l&cat=p&typeid=i","cat":284447},{"id":209557,"n":"Litière chats Eco+ Minérale agglomérante - 5L","p":1.77,"img":"https://fd9-photos.leclercdrive.fr/image.ashx?id=2545479&use=l&cat=p&typeid=i","cat":284683},{"id":209597,"n":"Compote Allégée en sucres Eco+ Bocal pomme poire - 720g","p":1.13,"u":"1,57 €/KG","img":"https://fd9-photos.leclercdrive.fr/image.ashx?id=2953206&use=l&cat=p&typeid=i","cat":284508},{"id":209598,"n":"Compote Allégée en sucres Eco+ Bocal pomme banane - 720g","p":1.03,"u":"1,43 €/KG","img":"https://fd9-photos.leclercdrive.fr/image.ashx?id=2953209&use=l&cat=p&typeid=i","cat":284508},{"id":209601,"n":"Thé vert Lipton Menthe intense - x20 - 32g","p":1.6,"u":"50,00 €/KG","img":"https://fd9-photos.leclercdrive.fr/image.ashx?id=2540907&use=l&cat=p&typeid=i","cat":293233},{"id":209641,"n":"AOP Château-Chalon blanc Auguste Pirou - 62cl","p":35.5,"u":"57,26 €/L","img":"https://fd9-photos.leclercdrive.fr/image.ashx?id=2744815&use=l&cat=p&typeid=i","cat":289557},{"id":209686,"n":"Thé vert Lipton Myrtille et mure - x20 - 32g","p":2.32,"u":"72,50 €/KG","img":"https://fd9-photos.leclercdrive.fr/image.ashx?id=2542816&use=l&cat=p&typeid=i","cat":293233},{"id":209688,"n":"Thé vert menthe Lipton Asie - x30s - 48g","p":2.68,"u":"55,83 €/KG","img":"https://fd9-photos.leclercdrive.fr/image.ashx?id=2542819&use=l&cat=p&typeid=i","cat":293233},{"id":209691,"n":"Thé vert Lipton x30s - 39g","p":2.64,"u":"67,69 €/KG","img":"https://fd9-photos.leclercdrive.fr/image.ashx?id=2542822&use=l&cat=p&typeid=i","cat":293233},{"id":209722,"n":"Dessert Glacé Viennetta Caramel beurre salé - 320g","p":2.07,"u":"6,47 €/KG","img":"https://fd9-photos.leclercdrive.fr/image.ashx?id=2802836&use=l&cat=p&typeid=i","cat":284266},{"id":209724,"n":"Dessert Glacé Viennetta Chocolat -  320g","p":2.63,"u":"8,22 €/KG","img":"https://fd9-photos.leclercdrive.fr/image.ashx?id=3009287&use=l&cat=p&typeid=i","cat":284266},{"id":209733,"n":"Dessert Glacé Viennetta Vanille -  320g","p":2.28,"u":"7,13 €/KG","img":"https://fd9-photos.leclercdrive.fr/image.ashx?id=3009182&use=l&cat=p&typeid=i","cat":284266},{"id":209739,"n":"Adoucissant concentré Soupline Hypoallergénique 64 lav. 1,35L","p":5.18,"u":"3,84 €/L","img":"https://fd9-photos.leclercdrive.fr/image.ashx?id=2831185&use=l&cat=p&typeid=i","cat":284650},{"id":209801,"n":"Rasoirs jetables Wilkinson Xtreme 3 - Pure sensitive - x12","p":11.3,"u":"0,94 €/P","img":"https://fd9-photos.leclercdrive.fr/image.ashx?id=2861719&use=l&cat=p&typeid=i","cat":284616},{"id":209804,"n":"Rasoirs jetables Wilkinson Xtreme 3 Ultimate confort - x8","p":10.18,"img":"https://fd9-photos.leclercdrive.fr/image.ashx?id=2846478&use=l&cat=p&typeid=i","cat":284616},{"id":209850,"n":"Thé vert Lipton  Classique Asie  - x50 - 65g","p":4.35,"u":"66,92 €/KG","img":"https://fd9-photos.leclercdrive.fr/image.ashx?id=2544632&use=l&cat=p&typeid=i","cat":293233},{"id":209854,"n":"Thé vert citron Lipton Asie - x30 - 48g","p":2.55,"u":"53,13 €/KG","img":"https://fd9-photos.leclercdrive.fr/image.ashx?id=2544635&use=l&cat=p&typeid=i","cat":293233},{"id":209855,"n":"Thé vert Tchae menthe x20 - 40g","p":2.41,"u":"60,25 €/KG","img":"https://fd9-photos.leclercdrive.fr/image.ashx?id=2544638&use=l&cat=p&typeid=i","cat":293233},{"id":209856,"n":"Thé vert Tchaé orient  Lipton  x20 - 35g","p":2.41,"u":"68,86 €/KG","img":"https://fd9-photos.leclercdrive.fr/image.ashx?id=2544641&use=l&cat=p&typeid=i","cat":293233},{"id":209857,"n":"Thé vert Lipton Pamplemousse Mandarine x20 32g","p":2.49,"u":"77,81 €/KG","img":"https://fd9-photos.leclercdrive.fr/image.ashx?id=2544623&use=l&cat=p&typeid=i","cat":293233},{"id":209859,"n":"Déboucheur Liquide Destop  4 doses - 950ml","p":3.37,"u":"3,55 €/L","img":"https://fd9-photos.leclercdrive.fr/image.ashx?id=2832161&use=l&cat=p&typeid=i","cat":284908},{"id":209860,"n":"Déboucheur Gel Destop  Express - 4 doses - 950ml","p":2.85,"u":"3,00 €/L","img":"https://fd9-photos.leclercdrive.fr/image.ashx?id=2832164&use=l&cat=p&typeid=i","cat":284908},{"id":209870,"n":"Désodorisant diffuseur Airwick  FreshMatic Agrumes - 250ml","p":8.16,"u":"32,64 €/L","img":"https://fd9-photos.leclercdrive.fr/image.ashx?id=2544389&use=l&cat=p&typeid=i","cat":311629},{"id":209873,"n":"Capsules lave-vaisselle Finish  Ultimate 0% - x30","p":7.78,"u":"0,26 €/P","img":"https://fd9-photos.leclercdrive.fr/image.ashx?id=2740151&use=l&cat=p&typeid=i","cat":284656},{"id":209878,"n":"Spray vitres Ajax Triple action - 750ml","p":2.01,"u":"2,68 €/L","img":"https://fd9-photos.leclercdrive.fr/image.ashx?id=2544581&use=l&cat=p&typeid=i","cat":325363},{"id":209889,"n":"Capsules lave-vaisselle Finish  Quantum Citron - x33","p":7.48,"u":"21,81 €/KG","img":"https://fd9-photos.leclercdrive.fr/image.ashx?id=2749551&use=l&cat=p&typeid=i","cat":284656},{"id":209894,"n":"Adoucissant concentré Soupline  Lavande 60 lavages 1,35 L","p":5.43,"u":"4,02 €/L","img":"https://fd9-photos.leclercdrive.fr/image.ashx?id=2912716&use=l&cat=p&typeid=i","cat":284650},{"id":209935,"n":"Rumsteck tournedos*** limousine L'Atelier Boucherie x2 - 280g","p":8.37,"u":"29,89 €/KG","img":"https://fd9-photos.leclercdrive.fr/image.ashx?id=2546914&use=l&cat=p&typeid=i","cat":284328},{"id":209936,"n":"Roti de bœuf*** limousine  L'atelier Boucherie - 600G","p":16.49,"u":"27,48 €/KG","img":"https://fd9-photos.leclercdrive.fr/image.ashx?id=2546917&use=l&cat=p&typeid=i","cat":284328},{"id":209938,"n":"Steak de bœuf *** limousine  L'atelier Boucherie x2 - 260G","p":7.59,"u":"29,19 €/KG","img":"https://fd9-photos.leclercdrive.fr/image.ashx?id=2562756&use=l&cat=p&typeid=i","cat":284328},{"id":209940,"n":"Steak de bœuf ** limousine  L'atelier Boucherie x2 - 260G","p":6.99,"u":"26,88 €/KG","img":"https://fd9-photos.leclercdrive.fr/image.ashx?id=2546908&use=l&cat=p&typeid=i","cat":284328},{"id":209996,"n":"Détachant Gel Vanish  750ml","p":5.51,"u":"7,35 €/L","img":"https://fd9-photos.leclercdrive.fr/image.ashx?id=2878108&use=l&cat=p&typeid=i","cat":284651},{"id":210015,"n":"Nettoyant ménager La Croix Spray - Ultra cuisine - 500ml","p":1.82,"u":"3,64 €/L","img":"https://fd9-photos.leclercdrive.fr/image.ashx?id=2545216&use=l&cat=p&typeid=i","cat":325357},{"id":210043,"n":"Bain de bouche Elmex Anti-caries - 400ml","p":4.62,"u":"11,55 €/L","img":"https://fd9-photos.leclercdrive.fr/image.ashx?id=2545204&use=l&cat=p&typeid=i","cat":284613},{"id":210067,"n":"Riz Lustucru 900g","p":2.61,"u":"2,90 €/KG","img":"https://fd9-photos.leclercdrive.fr/image.ashx?id=2963742&use=l&cat=p&typeid=i","cat":284428},{"id":210142,"n":"Soin nuit repulpant So'Bio Etic Bio - 50ml","p":12.03,"u":"240,60 €/L","img":"https://fd9-photos.leclercdrive.fr/image.ashx?id=2997013&use=l&cat=p&typeid=i","cat":325345},{"id":210144,"n":"Nettoyant visage SoBio Etic bio Solide surgras - Aloe vera 70g","p":4.1,"u":"58,57 €/KG","img":"https://fd9-photos.leclercdrive.fr/image.ashx?id=2811251&use=l&cat=p&typeid=i","cat":284603},{"id":210145,"n":"Crème anti-âge So'Bio Etic Eau thermale - 40ml","p":13.71,"u":"342,75 €/L","img":"https://fd9-photos.leclercdrive.fr/image.ashx?id=2735044&use=l&cat=p&typeid=i","cat":325345},{"id":210147,"n":"Baume hydratant bio So'Bio Etic Apaisant - Eau thermale 50ML","p":8.5,"u":"170,00 €/L","img":"https://fd9-photos.leclercdrive.fr/image.ashx?id=2889634&use=l&cat=p&typeid=i","cat":325345},{"id":210152,"n":"Brosse à dents Electrique Oral-B - Rose - IO 3S","p":95.28,"u":"Dont 0,19 € d'éco-part.","img":"https://fd9-photos.leclercdrive.fr/image.ashx?id=2566542&use=l&cat=p&typeid=i","cat":297133},{"id":210153,"n":"Brosse à dents Electrique Oral-B - Noire - IO3S","p":95.35,"u":"Dont 0,10 € d'éco-part.","img":"https://fd9-photos.leclercdrive.fr/image.ashx?id=2553311&use=l&cat=p&typeid=i","cat":297133},{"id":210214,"n":"Farine multi-usages Chaque jour sans gluten - 1kg","p":4.93,"u":"4,93 €/KG","img":"https://fd9-photos.leclercdrive.fr/image.ashx?id=2872460&use=l&cat=p&typeid=i","cat":284503},{"id":210221,"n":"Pain aux céréales  Chaque jour sans gluten - 300g","p":2.96,"u":"9,87 €/KG","img":"https://fd9-photos.leclercdrive.fr/image.ashx?id=2545708&use=l&cat=p&typeid=i","cat":284477},{"id":210262,"n":"Lames Gillette Venus  Satin Care x12","p":44.34,"img":"https://fd9-photos.leclercdrive.fr/image.ashx?id=2546851&use=l&cat=p&typeid=i","cat":null},{"id":210264,"n":"Fromage blanc Calin Yoplait Nature 0%MG - 8x100g","p":1.94,"u":"2,43 €/KG","img":"https://fd9-photos.leclercdrive.fr/image.ashx?id=2973742&use=l&cat=p&typeid=i","cat":284409},{"id":210364,"n":"Fromage enfant La Vache qui rit Jambon 8P à tartiner - 133g","p":2.36,"u":"17,74 €/KG","img":"https://fd9-photos.leclercdrive.fr/image.ashx?id=2546308&use=l&cat=p&typeid=i","cat":314029},{"id":210517,"n":"Culotte Menstruelle noire Feel Nature - T40/42","p":13.08,"pp":7.85,"img":"https://fd9-photos.leclercdrive.fr/image.ashx?id=2795225&use=l&cat=p&typeid=i","cat":284624},{"id":210518,"n":"Culotte Menstruelle noire Feel nature - T36/38","p":13.08,"pp":7.85,"img":"https://fd9-photos.leclercdrive.fr/image.ashx?id=2795219&use=l&cat=p&typeid=i","cat":284624},{"id":210527,"n":"Madeleines individuelles  Saint-Michel - 600g + 33%offert","p":2.93,"u":"3,67 €/KG","img":"https://fd9-photos.leclercdrive.fr/image.ashx?id=3000671&use=l&cat=p&typeid=i","cat":284492},{"id":210641,"n":"Corbeille à courrier Blanc - liseré orange","p":8.74,"img":"https://fd9-photos.leclercdrive.fr/image.ashx?id=2521407&use=l&cat=p&typeid=i","cat":284745},{"id":210647,"n":"Corbeille à courrier Noir - liseré orange","p":8.74,"img":"https://fd9-photos.leclercdrive.fr/image.ashx?id=2521407&use=l&cat=p&typeid=i","cat":284745},{"id":210703,"n":"Terrine Tous mes amis Volaille carottes - 1.2kg","p":1.95,"u":"1,63 €/KG","img":"https://fd9-photos.leclercdrive.fr/image.ashx?id=2815758&use=l&cat=p&typeid=i","cat":288578},{"id":210705,"n":"Dragées chocolatées M&M's Cacahuètes - 250g","p":3.09,"u":"12,36 €/KG","img":"https://fd9-photos.leclercdrive.fr/image.ashx?id=3003393&use=l&cat=p&typeid=i","cat":304238},{"id":210708,"n":"Coulis Sainte Lucie Fruits rouges  - 110g","p":2.95,"u":"26,82 €/KG","img":"https://fd9-photos.leclercdrive.fr/image.ashx?id=2551093&use=l&cat=p&typeid=i","cat":284504},{"id":210717,"n":"Boulettes de boeuf Eco+ 1.2kg","p":1.53,"img":"https://fd9-photos.leclercdrive.fr/image.ashx?id=2815740&use=l&cat=p&typeid=i","cat":288578},{"id":210739,"n":"Herbes de provence Sainte Lucie Label rouge - 18g","p":2.69,"u":"149,44 €/KG","img":"https://fd9-photos.leclercdrive.fr/image.ashx?id=2975167&use=l&cat=p&typeid=i","cat":298297},{"id":210803,"n":"Adoucissant Hyperdou Douceur de pêche - 1.9L - x27","p":2.42,"u":"1,27 €/L","img":"https://fd9-photos.leclercdrive.fr/image.ashx?id=2974834&use=l&cat=p&typeid=i","cat":284650},{"id":210804,"n":"Adoucissant Hyperdou Rêve de fraîcheur - 1.9L - x27","p":2.15,"u":"1,13 €/L","img":"https://fd9-photos.leclercdrive.fr/image.ashx?id=2958762&use=l&cat=p&typeid=i","cat":284650},{"id":210806,"n":"Adoucissant Hyperdou Senstive - 1.9L - x27","p":2.38,"u":"1,25 €/L","img":"https://fd9-photos.leclercdrive.fr/image.ashx?id=2974843&use=l&cat=p&typeid=i","cat":284650},{"id":210821,"n":"Pommes rissolées Findus 590g","p":2.45,"u":"4,15 €/KG","img":"https://fd9-photos.leclercdrive.fr/image.ashx?id=2790099&use=l&cat=p&typeid=i","cat":319792},{"id":210827,"n":"Adoucissant Hyperdou Plaisir de vanille - 1.9L - x27","p":1.99,"u":"1,05 €/L","img":"https://fd9-photos.leclercdrive.fr/image.ashx?id=2974837&use=l&cat=p&typeid=i","cat":284650},{"id":210889,"n":"Yaourt à boire Eco+ Fraise - 850g","p":1.33,"u":"1,56 €/KG","img":"https://fd9-photos.leclercdrive.fr/image.ashx?id=2552033&use=l&cat=p&typeid=i","cat":284415},{"id":210948,"n":"Margarine Planta Fin Doux 100% végétal - 450g","p":2.48,"u":"5,51 €/KG","img":"https://fd9-photos.leclercdrive.fr/image.ashx?id=2989477&use=l&cat=p&typeid=i","cat":315229},{"id":210953,"n":"Île flottante Eco+ 4x95g","p":1.62,"u":"4,26 €/KG","img":"https://fd9-photos.leclercdrive.fr/image.ashx?id=2885753&use=l&cat=p&typeid=i","cat":284419},{"id":210956,"n":"Yaourt gourmand Délisse Coco - 2x150g","p":1.09,"u":"3,63 €/KG","img":"https://fd9-photos.leclercdrive.fr/image.ashx?id=2556532&use=l&cat=p&typeid=i","cat":314999},{"id":210957,"n":"Yaourt gourmand Délisse Cerise - 2x150g","p":1.09,"u":"3,63 €/KG","img":"https://fd9-photos.leclercdrive.fr/image.ashx?id=2552502&use=l&cat=p&typeid=i","cat":314999},{"id":210958,"n":"Yaourt gourrmand Délisse  2x150g","p":1.13,"u":"3,77 €/KG","img":"https://fd9-photos.leclercdrive.fr/image.ashx?id=2552505&use=l&cat=p&typeid=i","cat":314999},{"id":210960,"n":"Bouchées Tous les Amis 1.2kg","p":2.15,"u":"1,79 €/KG","img":"https://fd9-photos.leclercdrive.fr/image.ashx?id=2815767&use=l&cat=p&typeid=i","cat":288578},{"id":210962,"n":"Emincés en sauce Tous les Amis Assortiment - 6x400g","p":5.28,"u":"2,20 €/KG","img":"https://fd9-photos.leclercdrive.fr/image.ashx?id=2815761&use=l&cat=p&typeid=i","cat":285601},{"id":210963,"n":"Boulettes de bœuf Eco+ 400g","p":0.66,"u":"1,65 €/KG","img":"https://fd9-photos.leclercdrive.fr/image.ashx?id=2619704&use=l&cat=p&typeid=i","cat":285601},{"id":210964,"n":"Cœurs en sucre Vahiné 20g","p":2.8,"u":"140,00 €/KG","img":"https://fd9-photos.leclercdrive.fr/image.ashx?id=2890875&use=l&cat=p&typeid=i","cat":284504},{"id":211041,"n":"Fromage à tartiner Kiri Délicieusement fouetté - 210g","p":3.28,"u":"15,62 €/KG","img":"https://fd9-photos.leclercdrive.fr/image.ashx?id=2686594&use=l&cat=p&typeid=i","cat":314029},{"id":211044,"n":"Gel Toilette Intime Extra Doux Intima Natural Hamamélis 500ml","p":5.88,"u":"11,76 €/L","img":"https://fd9-photos.leclercdrive.fr/image.ashx?id=2959877&use=l&cat=p&typeid=i","cat":284627},{"id":211079,"n":"Terrine Tous Mes Amis 3x1.2kg","p":5.85,"u":"1,63 €/KG","img":"https://fd9-photos.leclercdrive.fr/image.ashx?id=2815770&use=l&cat=p&typeid=i","cat":288578},{"id":211080,"n":"Pectine sucrée Sainte Lucie 35g","p":2.75,"u":"78,57 €/KG","img":"https://fd9-photos.leclercdrive.fr/image.ashx?id=2554094&use=l&cat=p&typeid=i","cat":284504},{"id":211081,"n":"Pâte Sainte Lucie Pistache  - 220g","p":8.67,"u":"39,41 €/KG","img":"https://fd9-photos.leclercdrive.fr/image.ashx?id=2554097&use=l&cat=p&typeid=i","cat":284504},{"id":211083,"n":"Persillade Sainte Lucie 24g","p":3.1,"u":"129,17 €/KG","img":"https://fd9-photos.leclercdrive.fr/image.ashx?id=2974345&use=l&cat=p&typeid=i","cat":298297},{"id":211085,"n":"Thé glacé Lipton Ice Tea pêche Le lot de 4x1.25L","p":5.76,"u":"1,15 €/L","img":"https://fd9-photos.leclercdrive.fr/image.ashx?id=2554133&use=l&cat=p&typeid=i","cat":295019},{"id":211089,"n":"Pâte à sucre rose Vahiné  250g","p":3.4,"u":"13,60 €/KG","img":"https://fd9-photos.leclercdrive.fr/image.ashx?id=2554154&use=l&cat=p&typeid=i","cat":284504},{"id":211091,"n":"Porto blanc Eco+ 18% vol - 75cl","p":5.87,"u":"7,83 €/L","img":"https://fd9-photos.leclercdrive.fr/image.ashx?id=2869850&use=l&cat=p&typeid=i","cat":284913},{"id":211093,"n":"Coulis d'abricots Sainte Lucie 110g","p":3.09,"u":"28,09 €/KG","img":"https://fd9-photos.leclercdrive.fr/image.ashx?id=2554100&use=l&cat=p&typeid=i","cat":284504},{"id":211098,"n":"Emincée Tous Mes Amis Poissons - 4x400g","p":4.02,"u":"2,51 €/KG","img":"https://fd9-photos.leclercdrive.fr/image.ashx?id=2815764&use=l&cat=p&typeid=i","cat":285601},{"id":211103,"n":"Ail des ours Sainte Lucie 9g","p":2.37,"u":"263,33 €/KG","img":"https://fd9-photos.leclercdrive.fr/image.ashx?id=2554091&use=l&cat=p&typeid=i","cat":298297},{"id":211113,"n":"Poivre 5 baies Sainte Lucie 80g","p":3.95,"u":"49,38 €/KG","img":"https://fd9-photos.leclercdrive.fr/image.ashx?id=2554106&use=l&cat=p&typeid=i","cat":298297},{"id":211114,"n":"Bigarreaux confits Vahiné Provence - 150g","p":3.19,"u":"21,27 €/KG","img":"https://fd9-photos.leclercdrive.fr/image.ashx?id=2554136&use=l&cat=p&typeid=i","cat":284504},{"id":211127,"n":"Pignons de pin Vahiné  150g","p":12.28,"u":"81,87 €/KG","img":"https://fd9-photos.leclercdrive.fr/image.ashx?id=2554142&use=l&cat=p&typeid=i","cat":284357},{"id":211128,"n":"Cerneaux de noix 50g","p":2.88,"u":"57,60 €/KG","img":"https://fd9-photos.leclercdrive.fr/image.ashx?id=2554148&use=l&cat=p&typeid=i","cat":284357},{"id":211223,"n":"Piment d'Espelette Ducros et origan - 25g","p":9.81,"u":"392,40 €/KG","img":"https://fd9-photos.leclercdrive.fr/image.ashx?id=2555340&use=l&cat=p&typeid=i","cat":298297},{"id":211225,"n":"Poivre blanc Ducros Grains 100g","p":4.34,"u":"43,40 €/KG","img":"https://fd9-photos.leclercdrive.fr/image.ashx?id=2555334&use=l&cat=p&typeid=i","cat":284457},{"id":211320,"n":"Sirop Oasis Grenadine - 75cl","p":3.2,"u":"4,27 €/L","img":"https://fd9-photos.leclercdrive.fr/image.ashx?id=2555418&use=l&cat=p&typeid=i","cat":295020},{"id":211321,"n":"Sirop Oasis  Menthe Citron - 75cl","p":3.2,"u":"4,27 €/L","img":"https://fd9-photos.leclercdrive.fr/image.ashx?id=2555421&use=l&cat=p&typeid=i","cat":295020},{"id":211398,"n":"Amandes  Tokapi 200g","p":2.78,"u":"13,90 €/KG","img":"https://fd9-photos.leclercdrive.fr/image.ashx?id=2793326&use=l&cat=p&typeid=i","cat":284448},{"id":211402,"n":"Melange non salé Tokapi 150g","p":2.3,"u":"15,33 €/KG","img":"https://fd9-photos.leclercdrive.fr/image.ashx?id=2793323&use=l&cat=p&typeid=i","cat":284448},{"id":211409,"n":"AOP Crémant d'Alsace Rebmann Demi sec - 75cl","p":5.95,"u":"7,93 €/L","img":"https://fd9-photos.leclercdrive.fr/image.ashx?id=2874759&use=l&cat=p&typeid=i","cat":284545},{"id":211410,"n":"Curry fort Sainte Lucie 55g","p":1.95,"u":"35,45 €/KG","img":"https://fd9-photos.leclercdrive.fr/image.ashx?id=2556102&use=l&cat=p&typeid=i","cat":298297},{"id":211411,"n":"Noix de muscade Sainte Lucie 18g","p":2.95,"u":"163,89 €/KG","img":"https://fd9-photos.leclercdrive.fr/image.ashx?id=2975176&use=l&cat=p&typeid=i","cat":298297},{"id":211412,"n":"Gommes acacia Confiseo Citron miel - 250g","p":1.89,"u":"7,56 €/KG","img":"https://fd9-photos.leclercdrive.fr/image.ashx?id=2934772&use=l&cat=p&typeid=i","cat":304250},{"id":211413,"n":"Céréales Kit Kat 330g","p":3.69,"u":"11,18 €/KG","img":"https://fd9-photos.leclercdrive.fr/image.ashx?id=2989453&use=l&cat=p&typeid=i","cat":309513},{"id":211414,"n":"Céréales Miel Pops Kellogg's 330g","p":2.24,"u":"6,79 €/KG","img":"https://fd9-photos.leclercdrive.fr/image.ashx?id=3003423&use=l&cat=p&typeid=i","cat":309513},{"id":211426,"n":"Pain burger Eco+ Nature x6 - 330g","p":0.88,"u":"2,67 €/KG","img":"https://fd9-photos.leclercdrive.fr/image.ashx?id=2854195&use=l&cat=p&typeid=i","cat":325067},{"id":211430,"n":"Persil Sainte Lucie Feuilles coupées - 60g","p":3.5,"u":"58,33 €/KG","img":"https://fd9-photos.leclercdrive.fr/image.ashx?id=2557326&use=l&cat=p&typeid=i","cat":298297},{"id":211434,"n":"Tonifiant sexuel Vitavea Gingembre ginseng  15g","p":6.86,"u":"0,23 €/P","img":"https://fd9-photos.leclercdrive.fr/image.ashx?id=2651131&use=l&cat=p&typeid=i","cat":313217},{"id":211436,"n":"Weetabix crispy  Minis choco - 500g","p":3.91,"u":"7,82 €/KG","img":"https://fd9-photos.leclercdrive.fr/image.ashx?id=2971311&use=l&cat=p&typeid=i","cat":309512},{"id":211470,"n":"Dentifrice Signal Professionnel Action Sensibilité Complet 75ml","p":2.92,"u":"38,93 €/L","img":"https://fd9-photos.leclercdrive.fr/image.ashx?id=2961326&use=l&cat=p&typeid=i","cat":284612},{"id":211481,"n":"Biscottes Pasquier Sans sel et sucre ajoutés - 300","p":1.78,"u":"5,93 €/KG","img":"https://fd9-photos.leclercdrive.fr/image.ashx?id=2899407&use=l&cat=p&typeid=i","cat":284479},{"id":211520,"n":"Dentifrice Signal Professionnel Sensibilité Gencives 75ml","p":3.54,"u":"47,20 €/L","img":"https://fd9-photos.leclercdrive.fr/image.ashx?id=2961329&use=l&cat=p&typeid=i","cat":284612},{"id":211522,"n":"Dentifrice Signal Professionnel Sensibilité Blancheur 75ml","p":2.92,"u":"38,93 €/L","img":"https://fd9-photos.leclercdrive.fr/image.ashx?id=2961332&use=l&cat=p&typeid=i","cat":284612},{"id":211547,"n":"Adoucissant Cajoline Rose & Lilas blanc - 1.035L x45","p":4.95,"u":"4,78 €/L","img":"https://fd9-photos.leclercdrive.fr/image.ashx?id=2960273&use=l&cat=p&typeid=i","cat":284650},{"id":211550,"n":"Sel Regénérant Sun Lave Vaisselle Standard 1Kg","p":1.07,"u":"1,07 €/KG","img":"https://fd9-photos.leclercdrive.fr/image.ashx?id=2729434&use=l&cat=p&typeid=i","cat":284657},{"id":211555,"n":"Sun Capsules Lave-Vaisselle Tout en 1 Absolu Brillance x28","p":7.9,"u":"18,81 €/KG","img":"https://fd9-photos.leclercdrive.fr/image.ashx?id=2961350&use=l&cat=p&typeid=i","cat":284656},{"id":211556,"n":"Sun Capsules Lave-Vaisselle Tout en1 Absolu Dégraissant x28","p":7.9,"u":"18,81 €/KG","img":"https://fd9-photos.leclercdrive.fr/image.ashx?id=2961353&use=l&cat=p&typeid=i","cat":284656},{"id":211564,"n":"Adoucissant concentré Soupline Coco fleurs blanches - 1.28L","p":5.43,"u":"4,24 €/L","img":"https://fd9-photos.leclercdrive.fr/image.ashx?id=2832566&use=l&cat=p&typeid=i","cat":284650},{"id":211584,"n":"Déodorant spray homme Axe Aqua bergamot - 150ml","p":4.05,"u":"27,00 €/L","img":"https://fd9-photos.leclercdrive.fr/image.ashx?id=3004453&use=l&cat=p&typeid=i","cat":284618},{"id":211589,"n":"Coulis de tomate Alro Basilic - 680g","p":2.26,"u":"3,32 €/KG","img":"https://fd9-photos.leclercdrive.fr/image.ashx?id=2994542&use=l&cat=p&typeid=i","cat":289010},{"id":211598,"n":"Yaourt protéiné Hipro Stracciatella 0%mg - 2x160g","p":2.03,"u":"6,34 €/KG","img":"https://fd9-photos.leclercdrive.fr/image.ashx?id=2807438&use=l&cat=p&typeid=i","cat":315000},{"id":211632,"n":"Desserts Lactés P'TIT ONCTUEUX Nature 6M+ - 8x90g","p":4.29,"u":"5,96 €/KG","img":"https://fd9-photos.leclercdrive.fr/image.ashx?id=2559161&use=l&cat=p&typeid=i","cat":312392},{"id":211637,"n":"Tortellini à poêler Lustucru Poulet crème - 300g","p":2.49,"u":"8,30 €/KG","img":"https://fd9-photos.leclercdrive.fr/image.ashx?id=2792417&use=l&cat=p&typeid=i","cat":333682},{"id":211723,"n":"Gel douche Adidas Active Skin & Mind- Deep Care - 250ml","p":2.71,"u":"10,84 €/L","img":"https://fd9-photos.leclercdrive.fr/image.ashx?id=2990778&use=l&cat=p&typeid=i","cat":284594},{"id":211808,"n":"Olives Noires Confites Tramier  Dénoyautées 150g","p":1.77,"u":"11,80 €/KG","img":"https://fd9-photos.leclercdrive.fr/image.ashx?id=2840829&use=l&cat=p&typeid=i","cat":284450},{"id":211864,"n":"Nouilles de blé Tien Shan Canard - 2x85g+85g offerts","p":1.7,"u":"6,67 €/KG","img":"https://fd9-photos.leclercdrive.fr/image.ashx?id=2562435&use=l&cat=p&typeid=i","cat":288992},{"id":211866,"n":"Nouilles de blé Tien Shan Curry - 2x85g+85g offerts","p":1.64,"u":"6,43 €/KG","img":"https://fd9-photos.leclercdrive.fr/image.ashx?id=2562441&use=l&cat=p&typeid=i","cat":288992},{"id":211867,"n":"Nouilles de blé Tien Shan Boeuf - 2x85g+85g offerts","p":1.64,"u":"6,43 €/KG","img":"https://fd9-photos.leclercdrive.fr/image.ashx?id=2562444&use=l&cat=p&typeid=i","cat":288992},{"id":211965,"n":"Mâche Panier du Primeur 150g","p":1.49,"u":"9,93 €/KG","img":"https://fd9-photos.leclercdrive.fr/image.ashx?id=2960523&use=l&cat=p&typeid=i","cat":284352},{"id":212107,"n":"Brosse à dents Colgate Extra-clean médium - x4","p":1.81,"u":"0,45 €/P","img":"https://fd9-photos.leclercdrive.fr/image.ashx?id=2564309&use=l&cat=p&typeid=i","cat":284614},{"id":212110,"n":"Adoucissant Hyperdou Senteur de provence - 1.9L x 27","p":2.39,"u":"1,26 €/L","img":"https://fd9-photos.leclercdrive.fr/image.ashx?id=2603021&use=l&cat=p&typeid=i","cat":284650},{"id":212126,"n":"Boisson aux fruits Oasis Tropical - 24x33cl","p":12.52,"u":"1,58 €/L","img":"https://fd9-photos.leclercdrive.fr/image.ashx?id=2900815&use=l&cat=p&typeid=i","cat":295018},{"id":212128,"n":"Boisson gazeuse Schweppes Agrumes - 24x33cl","p":11.57,"u":"1,46 €/L","img":"https://fd9-photos.leclercdrive.fr/image.ashx?id=2852429&use=l&cat=p&typeid=i","cat":284532},{"id":212248,"n":"Crème glacée La Laitière Chocolat avec copeaux - 490g","p":3.24,"pp":2.27,"u":"4,63 €/KG","img":"https://fd9-photos.leclercdrive.fr/image.ashx?id=3000012&use=l&cat=p&typeid=i","cat":284263},{"id":212268,"n":"Crème de soin DermaXPro Hydratation - 145ml","p":4.64,"u":"32,00 €/L","img":"https://fd9-photos.leclercdrive.fr/image.ashx?id=2565431&use=l&cat=p&typeid=i","cat":284608},{"id":212274,"n":"Crème de soin DermaXPro Apaise - 145ml","p":5.6,"u":"38,62 €/L","img":"https://fd9-photos.leclercdrive.fr/image.ashx?id=2565425&use=l&cat=p&typeid=i","cat":284608},{"id":212275,"n":"Après-shampooing DermaXPro Apaise - Cheveux secs - 200ml","p":4.62,"u":"23,10 €/L","img":"https://fd9-photos.leclercdrive.fr/image.ashx?id=2565422&use=l&cat=p&typeid=i","cat":284607},{"id":212276,"n":"Après-shampooing DermaXPro Répare - 200ml","p":5.84,"u":"29,20 €/L","img":"https://fd9-photos.leclercdrive.fr/image.ashx?id=2565437&use=l&cat=p&typeid=i","cat":284607},{"id":212291,"n":"Couches-culottes Pampers Baby-Dry Taille 3 - x48","p":17.59,"u":"0,37 €/P","img":"https://fd9-photos.leclercdrive.fr/image.ashx?id=2565924&use=l&cat=p&typeid=i","cat":290633},{"id":212463,"n":"Gel douche Le Petit Marseillais Homme - Orange/Argan - 250ml","p":2.1,"u":"8,40 €/L","img":"https://fd9-photos.leclercdrive.fr/image.ashx?id=2684554&use=l&cat=p&typeid=i","cat":284619},{"id":212466,"n":"Protège-slip Protection Vania Long voile Bio - x24","p":3.3,"img":"https://fd9-photos.leclercdrive.fr/image.ashx?id=2735218&use=l&cat=p&typeid=i","cat":284625},{"id":212469,"n":"Protège-slip Protection Vania Long Fresh - x40","p":2.72,"img":"https://fd9-photos.leclercdrive.fr/image.ashx?id=2735239&use=l&cat=p&typeid=i","cat":284625},{"id":212472,"n":"Capsules lave-vaisselle Finish Ultimate Plus Citron - x33","p":10.6,"u":"26,30 €/KG","img":"https://fd9-photos.leclercdrive.fr/image.ashx?id=2567077&use=l&cat=p&typeid=i","cat":284656},{"id":212475,"n":"Capsules lave-vaisselle Finish  Quantum - x80","p":18.44,"u":"22,16 €/KG","img":"https://fd9-photos.leclercdrive.fr/image.ashx?id=2811338&use=l&cat=p&typeid=i","cat":284656},{"id":212486,"n":"Film étirable Elembal 50m","p":1.8,"u":"0,04 €/MT","img":"https://fd9-photos.leclercdrive.fr/image.ashx?id=2566146&use=l&cat=p&typeid=i","cat":285194},{"id":212546,"n":"Macaroni et boulette Côté Table À la tomate - 280g","p":2.04,"u":"7,29 €/KG","img":"https://fd9-photos.leclercdrive.fr/image.ashx?id=2764149&use=l&cat=p&typeid=i","cat":333665},{"id":212582,"n":"Blanquette de poulet Côté Table 300g","p":2.79,"u":"9,30 €/KG","img":"https://fd9-photos.leclercdrive.fr/image.ashx?id=2764146&use=l&cat=p&typeid=i","cat":333665},{"id":212583,"n":"Saucisse de Toulouse purée Côté Table - 290g","p":2.99,"u":"10,31 €/KG","img":"https://fd9-photos.leclercdrive.fr/image.ashx?id=2567613&use=l&cat=p&typeid=i","cat":333665},{"id":212584,"n":"Penne au saumon Côté Table 280g","p":2.68,"u":"9,57 €/KG","img":"https://fd9-photos.leclercdrive.fr/image.ashx?id=2794761&use=l&cat=p&typeid=i","cat":333665},{"id":212585,"n":"Parmentier de canard Côté Table 320g","p":3.29,"u":"10,28 €/KG","img":"https://fd9-photos.leclercdrive.fr/image.ashx?id=2846571&use=l&cat=p&typeid=i","cat":333665},{"id":212593,"n":"Litière chats Tous mes Amis Triple action blanche - 5L","p":4.2,"u":"0,84 €/L","img":"https://fd9-photos.leclercdrive.fr/image.ashx?id=2568361&use=l&cat=p&typeid=i","cat":284683},{"id":212595,"n":"Litière chats Tous mes Amis Parfumée grise - 5L","p":3.1,"u":"0,62 €/L","img":"https://fd9-photos.leclercdrive.fr/image.ashx?id=2568358&use=l&cat=p&typeid=i","cat":284683},{"id":212599,"n":"Amandes décortiquées Couleurs Vives - 200g","p":2.78,"u":"13,90 €/KG","img":"https://fd9-photos.leclercdrive.fr/image.ashx?id=2567592&use=l&cat=p&typeid=i","cat":284357},{"id":212600,"n":"Cranberries Couleurs Vives 200g","p":1.99,"u":"9,95 €/KG","img":"https://fd9-photos.leclercdrive.fr/image.ashx?id=2567595&use=l&cat=p&typeid=i","cat":284357},{"id":212601,"n":"Fruits secs Mix Couleurs Vives 200g","p":2.79,"u":"13,95 €/KG","img":"https://fd9-photos.leclercdrive.fr/image.ashx?id=2567607&use=l&cat=p&typeid=i","cat":284357},{"id":212602,"n":"Raisins Golden Couleurs Vives 250g","p":1.89,"u":"7,56 €/KG","img":"https://fd9-photos.leclercdrive.fr/image.ashx?id=2567598&use=l&cat=p&typeid=i","cat":284357},{"id":212603,"n":"Fruits secs Mix croquant Couleurs Vives - 200g","p":2.99,"u":"14,95 €/KG","img":"https://fd9-photos.leclercdrive.fr/image.ashx?id=2567601&use=l&cat=p&typeid=i","cat":284357},{"id":212604,"n":"Fruits secs Mix Gourmand Couleurs Vives - 200g","p":2.55,"u":"12,75 €/KG","img":"https://fd9-photos.leclercdrive.fr/image.ashx?id=2567604&use=l&cat=p&typeid=i","cat":284357},{"id":212605,"n":"Mini samoussas Tables du Monde Légumes Crevettes x8 - 240g","p":3.39,"u":"14,13 €/KG","img":"https://fd9-photos.leclercdrive.fr/image.ashx?id=2567651&use=l&cat=p&typeid=i","cat":316003},{"id":212647,"n":"Rhum Arhumatik Isautier Ananas 24° - 70cl","p":24.3,"u":"34,71 €/L","img":"https://fd9-photos.leclercdrive.fr/image.ashx?id=2570232&use=l&cat=p&typeid=i","cat":284551},{"id":212648,"n":"Arhumatik Isautier Passion 24%vol. - 70cl","p":25.75,"u":"36,79 €/L","img":"https://fd9-photos.leclercdrive.fr/image.ashx?id=2569539&use=l&cat=p&typeid=i","cat":284551},{"id":212650,"n":"Arhumatik Isautier Coco 24%vol. - 70cl","p":25.3,"u":"36,14 €/L","img":"https://fd9-photos.leclercdrive.fr/image.ashx?id=2570235&use=l&cat=p&typeid=i","cat":284551},{"id":212679,"n":"Céréales Coco Pops Chocos Kellogg's - 330g","p":2.54,"u":"7,70 €/KG","img":"https://fd9-photos.leclercdrive.fr/image.ashx?id=2571683&use=l&cat=p&typeid=i","cat":309513},{"id":212770,"n":"Ail & poivre Ducros 45g","p":2.94,"u":"65,33 €/KG","img":"https://fd9-photos.leclercdrive.fr/image.ashx?id=2570166&use=l&cat=p&typeid=i","cat":298297},{"id":212771,"n":"Pepites de chocolats Vahiné  Noisettes - 100g","p":3.01,"u":"30,10 €/KG","img":"https://fd9-photos.leclercdrive.fr/image.ashx?id=2570190&use=l&cat=p&typeid=i","cat":284504},{"id":212774,"n":"Copeaux chocolat Sainte Lucie 100g","p":3.2,"u":"32,00 €/KG","img":"https://fd9-photos.leclercdrive.fr/image.ashx?id=2570157&use=l&cat=p&typeid=i","cat":284504},{"id":212817,"n":"Nettoyant vitres Ajax Triple action Recharge - 750ml","p":1.7,"u":"2,27 €/L","img":"https://fd9-photos.leclercdrive.fr/image.ashx?id=2842969&use=l&cat=p&typeid=i","cat":325363},{"id":212822,"n":"Biscuits Petit dejeuner Gerblé Bio pépites de chocolat -132g","p":2.18,"u":"16,52 €/KG","img":"https://fd9-photos.leclercdrive.fr/image.ashx?id=2574101&use=l&cat=p&typeid=i","cat":284491},{"id":212824,"n":"Poivre moulu Sainte Lucie Brésil - 45g","p":2.46,"u":"54,67 €/KG","img":"https://fd9-photos.leclercdrive.fr/image.ashx?id=2975173&use=l&cat=p&typeid=i","cat":284457},{"id":212825,"n":"Safran Sainte Lucie En filaments - 0.20g","p":4.29,"img":"https://fd9-photos.leclercdrive.fr/image.ashx?id=2571173&use=l&cat=p&typeid=i","cat":298297},{"id":212826,"n":"Poivre et épices Ducros 200g","p":8.48,"u":"42,40 €/KG","img":"https://fd9-photos.leclercdrive.fr/image.ashx?id=2571194&use=l&cat=p&typeid=i","cat":284457},{"id":212876,"n":"AOP Champagne Moët & Chandon Brut impérial - 75cl","p":38.12,"u":"50,83 €/L","img":"https://fd9-photos.leclercdrive.fr/image.ashx?id=2578951&use=l&cat=p&typeid=i","cat":284542},{"id":212900,"n":"Lames Hydro 5 Wilkinson Skin protect - 10+2","p":25.86,"u":"2,16 €/P","img":"https://fd9-photos.leclercdrive.fr/image.ashx?id=2676810&use=l&cat=p&typeid=i","cat":284616},{"id":212901,"n":"Pile bouton lithium Varta CR2032 - x4+1 offerte","p":8.11,"u":"1,62 €/P","img":"https://fd9-photos.leclercdrive.fr/image.ashx?id=2572323&use=l&cat=p&typeid=i","cat":300572},{"id":212902,"n":"Pile alcaline Varta  Longlife Power D - x2","p":3.99,"u":"2,00 €/P","img":"https://fd9-photos.leclercdrive.fr/image.ashx?id=2575819&use=l&cat=p&typeid=i","cat":300572},{"id":212916,"n":"Vodka Poliakov Lime 32% vol. - 70cl","p":12.28,"u":"17,54 €/L","img":"https://fd9-photos.leclercdrive.fr/image.ashx?id=2816850&use=l&cat=p&typeid=i","cat":284550},{"id":212934,"n":"Lait bébé poudre Guigoz Optipro 3ème âge - dès 12 mois - 830g","p":10.26,"u":"12,36 €/KG","img":"https://fd9-photos.leclercdrive.fr/image.ashx?id=2895059&use=l&cat=p&typeid=i","cat":290219},{"id":212951,"n":"Aérosol guêpes frelons Catch 400ml","p":3.43,"u":"8,58 €/L","img":"https://fd9-photos.leclercdrive.fr/image.ashx?id=2572523&use=l&cat=p&typeid=i","cat":298368},{"id":212971,"n":"Barre Enrobage Blanc Lion x6 barres - 180g","p":2.44,"u":"13,56 €/KG","img":"https://fd9-photos.leclercdrive.fr/image.ashx?id=2813044&use=l&cat=p&typeid=i","cat":284498},{"id":213023,"n":"Pâtée et morceaux chiens Eco+ Boeuf - 1.2kg","p":1.67,"u":"1,39 €/KG","img":"https://fd9-photos.leclercdrive.fr/image.ashx?id=2815743&use=l&cat=p&typeid=i","cat":288578},{"id":213024,"n":"Boulettes volaille Eco+ 800g","p":1.47,"u":"1,84 €/KG","img":"https://fd9-photos.leclercdrive.fr/image.ashx?id=2815734&use=l&cat=p&typeid=i","cat":285601},{"id":213025,"n":"Boulettes à la volaille Eco+ 1.2kg","p":1.54,"u":"1,28 €/KG","img":"https://fd9-photos.leclercdrive.fr/image.ashx?id=2815737&use=l&cat=p&typeid=i","cat":288578},{"id":213060,"n":"Bière ambrée 3 Monts 33cl","p":1.71,"u":"5,18 €/L","img":"https://fd9-photos.leclercdrive.fr/image.ashx?id=2866388&use=l&cat=p&typeid=i","cat":334852},{"id":213173,"n":"Tropico l'original 6x33cl","p":3.51,"u":"1,77 €/L","img":"https://fd9-photos.leclercdrive.fr/image.ashx?id=2678155&use=l&cat=p&typeid=i","cat":295018},{"id":213181,"n":"Dentifrice Elmex Sensitive Nettoyage fraîcheur - 2x75ml","p":9.42,"u":"62,80 €/L","img":"https://fd9-photos.leclercdrive.fr/image.ashx?id=2692878&use=l&cat=p&typeid=i","cat":284612},{"id":213189,"n":"Milky fromage enfant à tartiner Les Croisés 24 portions - 432g","p":3.59,"u":"8,31 €/KG","img":"https://fd9-photos.leclercdrive.fr/image.ashx?id=2791899&use=l&cat=p&typeid=i","cat":314030},{"id":213190,"n":"Milky fromage enfant à tartiner Les Croisés 12 portions - 216g","p":1.85,"u":"8,56 €/KG","img":"https://fd9-photos.leclercdrive.fr/image.ashx?id=2791914&use=l&cat=p&typeid=i","cat":314030},{"id":213251,"n":"Rasoirs jetables Wilkinson  Xtreme3 Comfort Sensitive - x16","p":14.67,"u":"0,92 €/P","img":"https://fd9-photos.leclercdrive.fr/image.ashx?id=2736334&use=l&cat=p&typeid=i","cat":325352},{"id":213289,"n":"Tartine complète Avoine Gerblé  Sans Gluten  - 210g","p":3.61,"u":"17,19 €/KG","img":"https://fd9-photos.leclercdrive.fr/image.ashx?id=2662886&use=l&cat=p&typeid=i","cat":318654},{"id":213300,"n":"Bain de bouche bio Bionaïa  500ml","p":2.49,"u":"4,98 €/L","img":"https://fd9-photos.leclercdrive.fr/image.ashx?id=2577200&use=l&cat=p&typeid=i","cat":284613},{"id":213403,"n":"Crème panthénol Mixa 400ml","p":6.77,"u":"16,93 €/L","img":"https://fd9-photos.leclercdrive.fr/image.ashx?id=2579026&use=l&cat=p&typeid=i","cat":325350},{"id":213417,"n":"Thé vert bio Jardin Bio Duo de citron - 30g","p":2.72,"u":"90,67 €/KG","img":"https://fd9-photos.leclercdrive.fr/image.ashx?id=2579008&use=l&cat=p&typeid=i","cat":293233},{"id":213420,"n":"Tablettes lave-vaisselle Sun Nettoyant machine - 2x60g","p":7.56,"u":"63,00 €/KG","img":"https://fd9-photos.leclercdrive.fr/image.ashx?id=2580242&use=l&cat=p&typeid=i","cat":284656},{"id":213454,"n":"Petits pois Eco+ 1kg","p":1.52,"u":"1,52 €/KG","img":"https://fd9-photos.leclercdrive.fr/image.ashx?id=2796025&use=l&cat=p&typeid=i","cat":319805},{"id":213455,"n":"Champignons Eco+ 1kg","p":1.45,"u":"1,45 €/KG","img":"https://fd9-photos.leclercdrive.fr/image.ashx?id=2593339&use=l&cat=p&typeid=i","cat":319805},{"id":213456,"n":"Quart de jambon sec Eco+ 14 tranches - 200g","p":2.33,"u":"11,65 €/KG","img":"https://fd9-photos.leclercdrive.fr/image.ashx?id=2579219&use=l&cat=p&typeid=i","cat":316007},{"id":213457,"n":"Cônes Eco+ Vanille fraise x8 - 512g","p":2.07,"u":"4,04 €/KG","img":"https://fd9-photos.leclercdrive.fr/image.ashx?id=2615576&use=l&cat=p&typeid=i","cat":284264},{"id":213458,"n":"Dés de poulet Eco+ 150g","p":1.69,"u":"11,27 €/KG","img":"https://fd9-photos.leclercdrive.fr/image.ashx?id=2930939&use=l&cat=p&typeid=i","cat":316011},{"id":213464,"n":"Panés Spécial Burger Père Dodu  Chapelure Corn Flakes - x2 - 18","p":2.8,"u":"15,56 €/KG","img":"https://fd9-photos.leclercdrive.fr/image.ashx?id=2957221&use=l&cat=p&typeid=i","cat":333684},{"id":213487,"n":"Crème semi-épaisse UHT Délisse Entière - 30% MG - 2x25cl","p":3.21,"u":"6,42 €/L","img":"https://fd9-photos.leclercdrive.fr/image.ashx?id=2579396&use=l&cat=p&typeid=i","cat":284381},{"id":213496,"n":"Boisson Noisette choco Végé 1L Végé - 200g","p":1.99,"u":"1,99 €/L","img":"https://fd9-photos.leclercdrive.fr/image.ashx?id=2903974&use=l&cat=p&typeid=i","cat":316067},{"id":213537,"n":"Glace Viennetta Façon Cappuccino - 320g","p":2.55,"u":"7,97 €/KG","img":"https://fd9-photos.leclercdrive.fr/image.ashx?id=2580239&use=l&cat=p&typeid=i","cat":284266},{"id":213570,"n":"Gel douche Le Petit Marseillais Bois de cade & fougère  - 250ml","p":1.93,"u":"7,72 €/MT","img":"https://fd9-photos.leclercdrive.fr/image.ashx?id=2684545&use=l&cat=p&typeid=i","cat":284619},{"id":213582,"n":"Crème Douche surgras Bio Cadum Karité - 450ml","p":2.79,"u":"6,20 €/L","img":"https://fd9-photos.leclercdrive.fr/image.ashx?id=2580801&use=l&cat=p&typeid=i","cat":284594},{"id":213604,"n":"Crème Douche Hydratation Cadum Huile d'Amandes Douces - 450ml","p":2.66,"u":"5,91 €/L","img":"https://fd9-photos.leclercdrive.fr/image.ashx?id=2582282&use=l&cat=p&typeid=i","cat":284594},{"id":213614,"n":"Lentilles corail Notre Jardin 500g","p":1.72,"u":"3,44 €/KG","img":"https://fd9-photos.leclercdrive.fr/image.ashx?id=2983835&use=l&cat=p&typeid=i","cat":284430},{"id":213626,"n":"Foie de morue Connétable MSC Nature - 2x121g","p":3.99,"u":"16,49 €/KG","img":"https://fd9-photos.leclercdrive.fr/image.ashx?id=2581259&use=l&cat=p&typeid=i","cat":305147},{"id":213627,"n":"Foie de morue Connétable MSC Goût fumé - 2x121g","p":3.99,"u":"16,49 €/KG","img":"https://fd9-photos.leclercdrive.fr/image.ashx?id=2581262&use=l&cat=p&typeid=i","cat":305147},{"id":213629,"n":"Foie de morue Connétable MSC Au citron - 2x121g","p":3.99,"u":"16,49 €/KG","img":"https://fd9-photos.leclercdrive.fr/image.ashx?id=2581265&use=l&cat=p&typeid=i","cat":305147},{"id":213673,"n":"Pur jus d'orange pressée Andros 1L","p":2.87,"u":"2,87 €/L","img":"https://fd9-photos.leclercdrive.fr/image.ashx?id=2963430&use=l&cat=p&typeid=i","cat":284354},{"id":213676,"n":"Pur jus d'oranges Andros Sans pulpe - 1L","p":2.87,"u":"2,87 €/L","img":"https://fd9-photos.leclercdrive.fr/image.ashx?id=2928873&use=l&cat=p&typeid=i","cat":284354},{"id":213685,"n":"Douche Crème Dop Bonbons Multicolors - 290ml","p":2.09,"u":"7,21 €/L","img":"https://fd9-photos.leclercdrive.fr/image.ashx?id=2582309&use=l&cat=p&typeid=i","cat":284594},{"id":213692,"n":"Shampooing Franck Provost Cheveux colorés - 500ml","p":4.06,"u":"8,12 €/L","img":"https://fd9-photos.leclercdrive.fr/image.ashx?id=2582321&use=l&cat=p&typeid=i","cat":284606},{"id":213724,"n":"Bouchée pour chien Eco+ Boeuf, pâtes, carottes - 1.2kg","p":1.93,"u":"1,61 €/KG","img":"https://fd9-photos.leclercdrive.fr/image.ashx?id=2815728&use=l&cat=p&typeid=i","cat":288578},{"id":213749,"n":"Bière blonde Pélican 6x33cl","p":8.1,"u":"4,09 €/L","img":"https://fd9-photos.leclercdrive.fr/image.ashx?id=2946922&use=l&cat=p&typeid=i","cat":334872},{"id":213751,"n":"Bière blonde Pélican 50cl","p":1.98,"u":"3,96 €/L","img":"https://fd9-photos.leclercdrive.fr/image.ashx?id=2805876&use=l&cat=p&typeid=i","cat":334853},{"id":213830,"n":"Adoucissant Soupline concentré  3D Grand air - 1,35L","p":5.48,"u":"4,06 €/L","img":"https://fd9-photos.leclercdrive.fr/image.ashx?id=2924950&use=l&cat=p&typeid=i","cat":284650},{"id":213834,"n":"Brosse à dents Colgate Extra-clean souple - x4","p":1.99,"u":"0,50 €/P","img":"https://fd9-photos.leclercdrive.fr/image.ashx?id=3011950&use=l&cat=p&typeid=i","cat":284614},{"id":213857,"n":"Recharges WC Canard Fresh Disc  Fraîcheur Marine - 2x6 disques","p":5.27,"u":"2,64 €/P","img":"https://fd9-photos.leclercdrive.fr/image.ashx?id=2754824&use=l&cat=p&typeid=i","cat":284662},{"id":213865,"n":"Mélange Pizza Ducros 12g","p":2.49,"u":"207,50 €/KG","img":"https://fd9-photos.leclercdrive.fr/image.ashx?id=2583344&use=l&cat=p&typeid=i","cat":298297},{"id":213868,"n":"Mélange pour salade Ducros 17g","p":4.9,"u":"288,24 €/KG","img":"https://fd9-photos.leclercdrive.fr/image.ashx?id=2583341&use=l&cat=p&typeid=i","cat":298297},{"id":213871,"n":"Mélange pour Poisson Ducros  37g","p":2.61,"u":"70,54 €/KG","img":"https://fd9-photos.leclercdrive.fr/image.ashx?id=2583359&use=l&cat=p&typeid=i","cat":298297},{"id":213930,"n":"Fromage enfant La Vache qui rit Original 24P à tartiner - 384g","p":3.82,"u":"9,95 €/KG","img":"https://fd9-photos.leclercdrive.fr/image.ashx?id=2945451&use=l&cat=p&typeid=i","cat":314030},{"id":213953,"n":"Recharges WC Canard fresh disc Citron - 2x6 disques","p":4.92,"u":"2,46 €/P","img":"https://fd9-photos.leclercdrive.fr/image.ashx?id=2754821&use=l&cat=p&typeid=i","cat":284662},{"id":213954,"n":"Protège-slips Vania Pocket Normal - x30","p":2.2,"u":"0,07 €/P","img":"https://fd9-photos.leclercdrive.fr/image.ashx?id=2735245&use=l&cat=p&typeid=i","cat":284625},{"id":213958,"n":"Crème Corps Hydratante Mixa Peau très Sèche, terne - 400ml","p":4.85,"u":"12,13 €/L","img":"https://fd9-photos.leclercdrive.fr/image.ashx?id=2595767&use=l&cat=p&typeid=i","cat":325350},{"id":213961,"n":"Terrine chiens Tous Mes Amis Viandes carottes - 1.2kg","p":1.95,"u":"1,63 €/KG","img":"https://fd9-photos.leclercdrive.fr/image.ashx?id=2815755&use=l&cat=p&typeid=i","cat":288578},{"id":213962,"n":"Patée pour chiens Eco+ Volaille - 150g","p":0.47,"u":"3,13 €/KG","img":"https://fd9-photos.leclercdrive.fr/image.ashx?id=2584913&use=l&cat=p&typeid=i","cat":284673},{"id":213963,"n":"Patée pour chiens Eco+ Boeuf - 150g","p":0.47,"u":"3,13 €/KG","img":"https://fd9-photos.leclercdrive.fr/image.ashx?id=2586360&use=l&cat=p&typeid=i","cat":284673},{"id":214083,"n":"Moutarde de Dijon Rustica Fine et forte - 200g","p":1.29,"u":"6,45 €/KG","img":"https://fd9-photos.leclercdrive.fr/image.ashx?id=2954388&use=l&cat=p&typeid=i","cat":288850},{"id":214087,"n":"Soda Coca-Cola Original Bouteille - 1,75L","p":2.35,"u":"1,34 €/L","img":"https://fd9-photos.leclercdrive.fr/image.ashx?id=2971745&use=l&cat=p&typeid=i","cat":284530},{"id":214104,"n":"Toasts Seigle spécial huîtres Tranches épaisses Harrys 250G","p":1.75,"u":"7,00 €/KG","img":"https://fd9-photos.leclercdrive.fr/image.ashx?id=2599200&use=l&cat=p&typeid=i","cat":285454},{"id":214295,"n":"Rasoir jetable Gillette Blue 3 Smooth - 3x6 rasoirs","p":19.99,"img":"https://fd9-photos.leclercdrive.fr/image.ashx?id=2588133&use=l&cat=p&typeid=i","cat":284616},{"id":214297,"n":"Ampoule LED Osram 5W B22 - x3","p":7.9,"u":"Dont 0,36 € d'éco-part.","img":"https://fd9-photos.leclercdrive.fr/image.ashx?id=2653960&use=l&cat=p&typeid=i","cat":300573},{"id":214332,"n":"Chili Cheese Nuggets Pickers By McCain - 230g","p":3.64,"u":"15,83 €/KG","img":"https://fd9-photos.leclercdrive.fr/image.ashx?id=2958678&use=l&cat=p&typeid=i","cat":319822},{"id":214392,"n":"Gel douche Le Petit Marseillais Homme - Minéraux & bois - 250ml","p":1.64,"u":"6,56 €/L","img":"https://fd9-photos.leclercdrive.fr/image.ashx?id=2684548&use=l&cat=p&typeid=i","cat":284619},{"id":214393,"n":"Gel douche Le Petit Marseillais Homme - Pin & eucalyptus 250ml","p":1.89,"u":"7,56 €/L","img":"https://fd9-photos.leclercdrive.fr/image.ashx?id=2684551&use=l&cat=p&typeid=i","cat":284619},{"id":214400,"n":"Shampooing Nature Box Cheveux abîmés flacon  - 385ml","p":6.4,"u":"16,62 €/L","img":"https://fd9-photos.leclercdrive.fr/image.ashx?id=2589278&use=l&cat=p&typeid=i","cat":284606},{"id":214403,"n":"Lessive liquide Bonux L'original 50 Lavages - 2.25L","p":9.69,"u":"4,31 €/L","img":"https://fd9-photos.leclercdrive.fr/image.ashx?id=2881993&use=l&cat=p&typeid=i","cat":284640},{"id":214412,"n":"Vin Blanc Mousseux Brut  Café de Paris - 75cl","p":4.49,"u":"5,99 €/L","img":"https://fd9-photos.leclercdrive.fr/image.ashx?id=2848692&use=l&cat=p&typeid=i","cat":284544},{"id":214413,"n":"Vin Blanc Mousseux Demi-sec Café de Paris - 75cl","p":4.49,"u":"5,99 €/L","img":"https://fd9-photos.leclercdrive.fr/image.ashx?id=2848695&use=l&cat=p&typeid=i","cat":284544},{"id":214414,"n":"Vin Rosé Mousseux Demi-sec Café de Paris - 75cl","p":4.49,"u":"5,99 €/L","img":"https://fd9-photos.leclercdrive.fr/image.ashx?id=2914477&use=l&cat=p&typeid=i","cat":284544},{"id":214467,"n":"Pastis de Marseille 1932 Ricard 45° - 1L","p":20.99,"u":"20,99 €/L","img":"https://fd9-photos.leclercdrive.fr/image.ashx?id=2590181&use=l&cat=p&typeid=i","cat":284548},{"id":214498,"n":"Tablette de chocolat noir  L'original Côte d'Or 100g","p":1.37,"u":"13,70 €/KG","img":"https://fd9-photos.leclercdrive.fr/image.ashx?id=2961221&use=l&cat=p&typeid=i","cat":284956},{"id":214593,"n":"Mini drone Mario Carrera R/C Dès 8 ans","p":34.8,"u":"Dont 0,22 € d'éco-part.","img":"https://fd9-photos.leclercdrive.fr/image.ashx?id=2593342&use=l&cat=p&typeid=i","cat":334382},{"id":214595,"n":"Manon set docteur Kidway Dès 2 ans","p":12.9,"u":"Dont 0,10 € d'éco-part.","img":"https://fd9-photos.leclercdrive.fr/image.ashx?id=2593851&use=l&cat=p&typeid=i","cat":334379},{"id":214601,"n":"Pêche à la ligne Kidway 2 à 4 joueurs - Dès 3 ans","p":7.9,"u":"Dont 0,12 € d'éco-part.","img":"https://fd9-photos.leclercdrive.fr/image.ashx?id=2593842&use=l&cat=p&typeid=i","cat":334379},{"id":214610,"n":"Voiture radiocommandée Quiksand Hopper - Dès 3 ans","p":21.9,"u":"Dont 0,20 € d'éco-part.","img":"https://fd9-photos.leclercdrive.fr/image.ashx?id=2593381&use=l&cat=p&typeid=i","cat":334382},{"id":214611,"n":"2 véhicules construction Kidway Dès 3 ans","p":24.9,"u":"Dont 0,22 € d'éco-part.","img":"https://fd9-photos.leclercdrive.fr/image.ashx?id=2593486&use=l&cat=p&typeid=i","cat":334382},{"id":214617,"n":"Yoko Le robot rigolo Clementoni Dès 12 mois","p":24.9,"u":"Dont 0,20 € d'éco-part.","img":"https://fd9-photos.leclercdrive.fr/image.ashx?id=2593399&use=l&cat=p&typeid=i","cat":334379},{"id":214633,"n":"Smartwatch Kidizoom  Dx2 VTech Framboise - Dès 5 ans","p":52.9,"img":"https://fd9-photos.leclercdrive.fr/image.ashx?id=2593444&use=l&cat=p&typeid=i","cat":334378},{"id":214638,"n":"Kidicom Max 3.0 + étui VTech Rose - Dès 3 ans","p":119.9,"img":"https://fd9-photos.leclercdrive.fr/image.ashx?id=2593435&use=l&cat=p&typeid=i","cat":334378},{"id":214639,"n":"Ordi Genius Kid VTech Rose - Dès 3 ans","p":18.9,"u":"Dont 0,22 € d'éco-part.","img":"https://fd9-photos.leclercdrive.fr/image.ashx?id=2593354&use=l&cat=p&typeid=i","cat":334378},{"id":214641,"n":"Manon Lumi mouton Nuit Etoilée De 0 à 6 mois","p":34.9,"u":"Dont 0,12 € d'éco-part.","img":"https://fd9-photos.leclercdrive.fr/image.ashx?id=2593357&use=l&cat=p&typeid=i","cat":334379},{"id":214642,"n":"Le livre-jeu éducatif VTech Pat'Patrouille - Dès 3 ans","p":25.99,"u":"Dont 0,20 € d'éco-part.","img":"https://fd9-photos.leclercdrive.fr/image.ashx?id=2593417&use=l&cat=p&typeid=i","cat":334378},{"id":214643,"n":"Le livre-jeu éducatif VTech Mickey - Dès 3 ans","p":25.99,"u":"Dont 0,20 € d'éco-part.","img":"https://fd9-photos.leclercdrive.fr/image.ashx?id=2593411&use=l&cat=p&typeid=i","cat":334378},{"id":214723,"n":"Biscuit bébé Kiddylicious  Wafers fraise dès 6 mois 4x2p","p":1.46,"u":"91,25 €/KG","img":"https://fd9-photos.leclercdrive.fr/image.ashx?id=2929152&use=l&cat=p&typeid=i","cat":312394},{"id":214724,"n":"Biscuit bébé Kiddylicious Wafers Banane dès 6 mois (4x2p)","p":1.42,"u":"88,75 €/KG","img":"https://fd9-photos.leclercdrive.fr/image.ashx?id=2929149&use=l&cat=p&typeid=i","cat":312394},{"id":214731,"n":"Thon entier Petit Navire Huile d'olive - Lot de 2x160g","p":5.75,"u":"17,97 €/KG","img":"https://fd9-photos.leclercdrive.fr/image.ashx?id=2592222&use=l&cat=p&typeid=i","cat":303867},{"id":214762,"n":"Nouilles Banzai Noodle poulet  cup - 67g","p":1.25,"u":"18,66 €/KG","img":"https://fd9-photos.leclercdrive.fr/image.ashx?id=2730004&use=l&cat=p&typeid=i","cat":288992},{"id":214779,"n":"Lait en poudre bio Modilac Croissance - 800g","p":18.11,"u":"22,64 €/KG","img":"https://fd9-photos.leclercdrive.fr/image.ashx?id=2981175&use=l&cat=p&typeid=i","cat":290219},{"id":214801,"n":"Croquettes petit chien   Pedigree à la volaille - 2kg","p":7.72,"u":"3,86 €/KG","img":"https://fd9-photos.leclercdrive.fr/image.ashx?id=2832323&use=l&cat=p&typeid=i","cat":294526},{"id":214809,"n":"Capsule Nescafé Dolce Gusto Neo  Lungo - x12","p":4.21,"pp":2.78,"u":"40,29 €/KG","img":"https://fd9-photos.leclercdrive.fr/image.ashx?id=2775041&use=l&cat=p&typeid=i","cat":293241},{"id":214811,"n":"Capsule Nescafé Dolce Gusto Neo  Hot Chocolate - x12","p":4.33,"pp":2.86,"u":"13,24 €/KG","img":"https://fd9-photos.leclercdrive.fr/image.ashx?id=2927702&use=l&cat=p&typeid=i","cat":293241},{"id":214812,"n":"Capsule Nescafé Dolce Gusto Neo  Cappuccino - x6 - 122g","p":4.31,"pp":2.84,"u":"23,28 €/KG","img":"https://fd9-photos.leclercdrive.fr/image.ashx?id=2947228&use=l&cat=p&typeid=i","cat":293241},{"id":214814,"n":"Ail en semoule Ducro 335g","p":8.21,"u":"24,51 €/KG","img":"https://fd9-photos.leclercdrive.fr/image.ashx?id=2595665&use=l&cat=p&typeid=i","cat":298297},{"id":214827,"n":"Crème dessert Mont Blanc Caramel - 6x125g","p":3.22,"u":"4,29 €/KG","img":"https://fd9-photos.leclercdrive.fr/image.ashx?id=2598579&use=l&cat=p&typeid=i","cat":284506},{"id":214835,"n":"Pastis 51 1L - 45%","p":19.96,"u":"19,96 €/L","img":"https://fd9-photos.leclercdrive.fr/image.ashx?id=2595212&use=l&cat=p&typeid=i","cat":284548},{"id":214848,"n":"Champignons blancs de Paris  Eco+ - 200g","p":0.95,"u":"4,75 €/KG","img":"https://fd9-photos.leclercdrive.fr/image.ashx?id=2742685&use=l&cat=p&typeid=i","cat":284352},{"id":214900,"n":"Rénovateur d'émail Rubson Vernis - Blanc - 12ml","p":7.75,"u":"645,83 €/L","img":"https://fd9-photos.leclercdrive.fr/image.ashx?id=2595218&use=l&cat=p&typeid=i","cat":300576},{"id":214901,"n":"Blanchisseur joints carrelage Rubson - 7ml","p":7.55,"img":"https://fd9-photos.leclercdrive.fr/image.ashx?id=2595221&use=l&cat=p&typeid=i","cat":300576},{"id":214902,"n":"Colle Loctite Super glue 3 - 20g","p":14.45,"u":"722,50 €/KG","img":"https://fd9-photos.leclercdrive.fr/image.ashx?id=2595215&use=l&cat=p&typeid=i","cat":300576},{"id":214903,"n":"Colle ni clous ni vis Pattex Extra forte et rapide - 260g","p":7.32,"u":"28,15 €/KG","img":"https://fd9-photos.leclercdrive.fr/image.ashx?id=2664431&use=l&cat=p&typeid=i","cat":300576},{"id":215017,"n":"Croutons ail Tipiak 220g","p":3.29,"u":"14,95 €/KG","img":"https://fd9-photos.leclercdrive.fr/image.ashx?id=2688872&use=l&cat=p&typeid=i","cat":284464},{"id":215091,"n":"Complément Alimentaire Juvamine Vitamine C 500 x30","p":3.91,"u":"61,09 €/KG","img":"https://fd9-photos.leclercdrive.fr/image.ashx?id=2749724&use=l&cat=p&typeid=i","cat":313217},{"id":215093,"n":"Complément Alimentaire Juvamine Vitamine C 500 x30","p":2.45,"u":"31,82 €/KG","img":"https://fd9-photos.leclercdrive.fr/image.ashx?id=2749727&use=l&cat=p&typeid=i","cat":313217},{"id":215098,"n":"Complément Alimentaire Juvamine Magnésium & Vitamines x30","p":2.99,"u":"0,10 €/P","img":"https://fd9-photos.leclercdrive.fr/image.ashx?id=2731495&use=l&cat=p&typeid=i","cat":313217},{"id":215100,"n":"Complément Alimentaire Juvamine Vitamine C Magnésium x30","p":4.51,"u":"66,32 €/KG","img":"https://fd9-photos.leclercdrive.fr/image.ashx?id=2731501&use=l&cat=p&typeid=i","cat":313217},{"id":215101,"n":"Complément Alimentaire Juvamine Vitamine C, D et Calcium - x30","p":2.61,"u":"33,90 €/KG","img":"https://fd9-photos.leclercdrive.fr/image.ashx?id=2749739&use=l&cat=p&typeid=i","cat":313217},{"id":215125,"n":"Caramel Fudges Vahiné 70g","p":3.62,"u":"51,71 €/KG","img":"https://fd9-photos.leclercdrive.fr/image.ashx?id=2596868&use=l&cat=p&typeid=i","cat":284504},{"id":215126,"n":"Chocolat au lait chunks Vahiné 100g","p":2.57,"u":"25,70 €/KG","img":"https://fd9-photos.leclercdrive.fr/image.ashx?id=2596865&use=l&cat=p&typeid=i","cat":284504},{"id":215174,"n":"Lasagnes Côté Table Chèvre épinards - 350g","p":2.99,"u":"8,54 €/KG","img":"https://fd9-photos.leclercdrive.fr/image.ashx?id=2596790&use=l&cat=p&typeid=i","cat":333665},{"id":215176,"n":"Mini nems Tables du Monde Crevettes légumes x10 - 220g","p":2.99,"u":"13,59 €/KG","img":"https://fd9-photos.leclercdrive.fr/image.ashx?id=2908864&use=l&cat=p&typeid=i","cat":333673},{"id":215208,"n":"Dentifrice Oral-B Pro-Science Advanced Calm Original - 75ml","p":4.84,"u":"64,53 €/L","img":"https://fd9-photos.leclercdrive.fr/image.ashx?id=2737792&use=l&cat=p&typeid=i","cat":284612},{"id":215211,"n":"Dentifrice Oral-B Pro-science Advanced Nettoyage intense 75ml","p":4.84,"u":"64,53 €/L","img":"https://fd9-photos.leclercdrive.fr/image.ashx?id=2737789&use=l&cat=p&typeid=i","cat":284612},{"id":215212,"n":"Dentifrice Oral-B Pro-science Advanced - Pro repair - 75ml","p":5.14,"u":"68,53 €/L","img":"https://fd9-photos.leclercdrive.fr/image.ashx?id=2737795&use=l&cat=p&typeid=i","cat":284612},{"id":215213,"n":"Sérum visage repulpant Garnier Acide Hyaluronique & Aloe Vera","p":8.98,"u":"299,33 €/L","img":"https://fd9-photos.leclercdrive.fr/image.ashx?id=2979911&use=l&cat=p&typeid=i","cat":325345},{"id":215214,"n":"Brossettes Oral-B Pro Sensitive clean - x2","p":12.86,"u":"6,43 €/PRT","img":"https://fd9-photos.leclercdrive.fr/image.ashx?id=2909254&use=l&cat=p&typeid=i","cat":297133},{"id":215215,"n":"Rasoir électrique Wilkinson Intuition Bikini - x1","p":14.89,"u":"Dont 0,07 € d'éco-part.","img":"https://fd9-photos.leclercdrive.fr/image.ashx?id=2597531&use=l&cat=p&typeid=i","cat":325352},{"id":215216,"n":"Lames rasoir Wilkinson Intuition - 2 en 1 - 3 lames","p":10.44,"u":"3,48 €/P","img":"https://fd9-photos.leclercdrive.fr/image.ashx?id=2849427&use=l&cat=p&typeid=i","cat":325352},{"id":215231,"n":"Petites gambas Fleury Ichon À la persillade - 280g","p":4.11,"u":"14,68 €/KG","img":"https://fd9-photos.leclercdrive.fr/image.ashx?id=2889499&use=l&cat=p&typeid=i","cat":333665},{"id":215235,"n":"Foin Tous Mes amis 1kg","p":1.96,"u":"1,96 €/KG","img":"https://fd9-photos.leclercdrive.fr/image.ashx?id=2652332&use=l&cat=p&typeid=i","cat":284677},{"id":215237,"n":"Menu complet Lapin 800G","p":1.88,"u":"2,35 €/KG","img":"https://fd9-photos.leclercdrive.fr/image.ashx?id=2646818&use=l&cat=p&typeid=i","cat":284677},{"id":215238,"n":"Menu complet Lapin 3KG","p":6.6,"u":"2,20 €/KG","img":"https://fd9-photos.leclercdrive.fr/image.ashx?id=2646815&use=l&cat=p&typeid=i","cat":284677},{"id":215239,"n":"Menu complet Tous Mes Amis 800g","p":1.88,"u":"2,35 €/KG","img":"https://fd9-photos.leclercdrive.fr/image.ashx?id=2646812&use=l&cat=p&typeid=i","cat":284677},{"id":215242,"n":"Tomates séchées bio Gusti Amo 280g","p":4.92,"u":"17,57 €/KG","img":"https://fd9-photos.leclercdrive.fr/image.ashx?id=2598181&use=l&cat=p&typeid=i","cat":312608},{"id":215278,"n":"Bonbons Copains Copines Bouée bi-goût acide - 250 g","p":1.59,"u":"6,36 €/KG","img":"https://fd9-photos.leclercdrive.fr/image.ashx?id=2934763&use=l&cat=p&typeid=i","cat":304250},{"id":215281,"n":"Bonbons Copains Copines Soda fruit acide - 200 g","p":1.19,"u":"5,95 €/KG","img":"https://fd9-photos.leclercdrive.fr/image.ashx?id=2934766&use=l&cat=p&typeid=i","cat":304250},{"id":215282,"n":"Bonbons Copains Copines Unicone - 200 g","p":1.29,"u":"6,45 €/KG","img":"https://fd9-photos.leclercdrive.fr/image.ashx?id=2934769&use=l&cat=p&typeid=i","cat":304250},{"id":215283,"n":"Bonbons DinoAcid' Copains Copines - 200g","p":1.19,"u":"5,95 €/KG","img":"https://fd9-photos.leclercdrive.fr/image.ashx?id=2597345&use=l&cat=p&typeid=i","cat":304250},{"id":215378,"n":"Sérum Visage Post-Acné Nivea Anti-taches Luminous - 30ml","p":19.16,"u":"638,67 €/L","img":"https://fd9-photos.leclercdrive.fr/image.ashx?id=2836124&use=l&cat=p&typeid=i","cat":325345},{"id":215379,"n":"Sérum Visage Anti-âge Nivea Anti-taches Luminous - 30ml","p":17.71,"u":"590,33 €/L","img":"https://fd9-photos.leclercdrive.fr/image.ashx?id=2985492&use=l&cat=p&typeid=i","cat":325345},{"id":215399,"n":"Noix de Saint-Jacques Nautilus Au naturel - 111g","p":6.95,"u":"62,61 €/KG","img":"https://fd9-photos.leclercdrive.fr/image.ashx?id=2598510&use=l&cat=p&typeid=i","cat":305147},{"id":215405,"n":"Rasoirs Wilkinson Xtreme 3 Ultimate comfort - 2x8","p":14.04,"u":"0,88 €/P","img":"https://fd9-photos.leclercdrive.fr/image.ashx?id=2861716&use=l&cat=p&typeid=i","cat":284616},{"id":215442,"n":"Panettone emballé main Pasticceria del Casato - 750g","p":11.78,"u":"15,71 €/KG","img":"https://fd9-photos.leclercdrive.fr/image.ashx?id=2600021&use=l&cat=p&typeid=i","cat":289010},{"id":215456,"n":"Jeu 4 tapis Tech9 Univ - Tuft - x4","p":19.29,"u":"4,82 €/P","img":"https://fd9-photos.leclercdrive.fr/image.ashx?id=2606731&use=l&cat=p&typeid=i","cat":298252},{"id":215497,"n":"Chocolat liqueur  Abtey Poire williams - x10 - 200g","p":5.81,"u":"29,05 €/KG","img":"https://fd9-photos.leclercdrive.fr/image.ashx?id=2599583&use=l&cat=p&typeid=i","cat":327601},{"id":215501,"n":"Casier chocolat  liqueur Abtey x12 -  155g","p":7.24,"u":"46,71 €/KG","img":"https://fd9-photos.leclercdrive.fr/image.ashx?id=2731174&use=l&cat=p&typeid=i","cat":327601},{"id":215502,"n":"Casier chocolat liqueur Abtey Rhum arrangé x12 - 155g","p":6.37,"u":"41,10 €/KG","img":"https://fd9-photos.leclercdrive.fr/image.ashx?id=2599586&use=l&cat=p&typeid=i","cat":327601},{"id":215549,"n":"Calendrier de l'Avent Peppa Pig 75g","p":3.5,"u":"46,67 €/KG","img":"https://fd9-photos.leclercdrive.fr/image.ashx?id=2924938&use=l&cat=p&typeid=i","cat":327590},{"id":215551,"n":"Calendrier de l'Avent Miraculous - 75g","p":2.28,"u":"30,40 €/KG","img":"https://fd9-photos.leclercdrive.fr/image.ashx?id=2906883&use=l&cat=p&typeid=i","cat":327590},{"id":215564,"n":"Boules praliné lait Jacquot Eclat de noisettes 1 Kg","p":14.88,"u":"14,88 €/KG","img":"https://fd9-photos.leclercdrive.fr/image.ashx?id=2599607&use=l&cat=p&typeid=i","cat":327595},{"id":215571,"n":"Père Noël Jacquot moulage chocolat 100g","p":2.28,"u":"22,80 €/KG","img":"https://fd9-photos.leclercdrive.fr/image.ashx?id=2855876&use=l&cat=p&typeid=i","cat":327592},{"id":215574,"n":"Assortiment Jacquot  310g","p":4.41,"u":"14,23 €/KG","img":"https://fd9-photos.leclercdrive.fr/image.ashx?id=2599598&use=l&cat=p&typeid=i","cat":327592},{"id":215617,"n":"Bauli creazioni di panettone Pistacchio 750g","p":22.95,"u":"30,60 €/KG","img":"https://fd9-photos.leclercdrive.fr/image.ashx?id=2740304&use=l&cat=p&typeid=i","cat":327607},{"id":215618,"n":"Bauli creazioni di panettone Nocciola Piemonte IGP 750g","p":11.5,"u":"15,33 €/KG","img":"https://fd9-photos.leclercdrive.fr/image.ashx?id=2740307&use=l&cat=p&typeid=i","cat":327607},{"id":215619,"n":"Bauli panettone 3 chocolats  750g","p":17.54,"u":"23,39 €/KG","img":"https://fd9-photos.leclercdrive.fr/image.ashx?id=2881509&use=l&cat=p&typeid=i","cat":327607},{"id":215620,"n":"Bauli pandoro stracciatella  750g","p":19.37,"u":"25,83 €/KG","img":"https://fd9-photos.leclercdrive.fr/image.ashx?id=2740310&use=l&cat=p&typeid=i","cat":327607},{"id":215621,"n":"Bauli pandoro limoncèlo 750g","p":19.37,"u":"25,83 €/KG","img":"https://fd9-photos.leclercdrive.fr/image.ashx?id=2740301&use=l&cat=p&typeid=i","cat":327607},{"id":215626,"n":"Fizzy la tribu du père Noël 50g","p":6.35,"u":"127,00 €/KG","img":"https://fd9-photos.leclercdrive.fr/image.ashx?id=3000147&use=l&cat=p&typeid=i","cat":327789},{"id":215628,"n":"Fizzy funny sweat musical  Funny sweat musical - 50g","p":9.66,"u":"193,20 €/KG","img":"https://fd9-photos.leclercdrive.fr/image.ashx?id=3000150&use=l&cat=p&typeid=i","cat":327789},{"id":215631,"n":"Fizzy mug Mr et Mme  100g","p":6.8,"u":"68,00 €/KG","img":"https://fd9-photos.leclercdrive.fr/image.ashx?id=2851009&use=l&cat=p&typeid=i","cat":327789},{"id":215639,"n":"Fizzy fizzou'nours Fizzou'nours - 135g","p":16.42,"u":"121,63 €/KG","img":"https://fd9-photos.leclercdrive.fr/image.ashx?id=2851012&use=l&cat=p&typeid=i","cat":327789},{"id":215718,"n":"Mini Délices Assortiment Milka 320g","p":11.8,"u":"36,88 €/KG","img":"https://fd9-photos.leclercdrive.fr/image.ashx?id=2904467&use=l&cat=p&typeid=i","cat":327597},{"id":215719,"n":"Mini délices oreo & cacao Milka 320g","p":11.8,"u":"36,88 €/KG","img":"https://fd9-photos.leclercdrive.fr/image.ashx?id=2599952&use=l&cat=p&typeid=i","cat":327597},{"id":215722,"n":"Boules Noël chocolat Milka Lait blanc - 350g","p":8.49,"u":"24,26 €/KG","img":"https://fd9-photos.leclercdrive.fr/image.ashx?id=2832398&use=l&cat=p&typeid=i","cat":327592},{"id":215749,"n":"Authentique Revillon Noir et  Lait- 360g","p":9.99,"u":"27,75 €/KG","img":"https://fd9-photos.leclercdrive.fr/image.ashx?id=2618399&use=l&cat=p&typeid=i","cat":327597},{"id":215764,"n":"Lutins et boules Rohan 245g","p":5.99,"u":"24,45 €/KG","img":"https://fd9-photos.leclercdrive.fr/image.ashx?id=2620296&use=l&cat=p&typeid=i","cat":327592},{"id":215890,"n":"Piles alcalines Varta V23GA - x2","p":2.42,"u":"1,21 €/P","img":"https://fd9-photos.leclercdrive.fr/image.ashx?id=2600770&use=l&cat=p&typeid=i","cat":300572},{"id":215900,"n":"Moules apéritives à la catalane Pêche Océan - 350ml","p":2.69,"u":"7,69 €/L","img":"https://fd9-photos.leclercdrive.fr/image.ashx?id=2605005&use=l&cat=p&typeid=i","cat":285094},{"id":215910,"n":"Bain de bouche Expert Dentamyl Blanche - 500ml","p":1.97,"u":"3,94 €/L","img":"https://fd9-photos.leclercdrive.fr/image.ashx?id=2600627&use=l&cat=p&typeid=i","cat":284613},{"id":215917,"n":"Liquide de Rinçage Finish  800ml","p":4.99,"u":"6,24 €/L","img":"https://fd9-photos.leclercdrive.fr/image.ashx?id=2864678&use=l&cat=p&typeid=i","cat":284657},{"id":215984,"n":"Rhum Trois Rivières  Cellar réserve - 40° - 70cl","p":31.9,"u":"45,57 €/L","img":"https://fd9-photos.leclercdrive.fr/image.ashx?id=2759981&use=l&cat=p&typeid=i","cat":284550},{"id":216007,"n":"Petits pots bébé P'TIT SOUPER Quinotto carottes 8M+ - 2x200g","p":2.14,"u":"5,35 €/KG","img":"https://fd9-photos.leclercdrive.fr/image.ashx?id=2737762&use=l&cat=p&typeid=i","cat":312239},{"id":216014,"n":"Feta bio Bio Village 150g","p":2.49,"u":"16,60 €/KG","img":"https://fd9-photos.leclercdrive.fr/image.ashx?id=2615813&use=l&cat=p&typeid=i","cat":314026},{"id":216093,"n":"Chips Tortilla Doritos Goût barbecue style - 160g","p":2.0,"u":"12,50 €/KG","img":"https://fd9-photos.leclercdrive.fr/image.ashx?id=2880718&use=l&cat=p&typeid=i","cat":287899},{"id":216095,"n":"Chips Tortilla Doritos Goût nacho cheese - 160g","p":1.53,"u":"9,56 €/KG","img":"https://fd9-photos.leclercdrive.fr/image.ashx?id=2990478&use=l&cat=p&typeid=i","cat":287899},{"id":216096,"n":"Chips Tortilla Doritos Goût Nature Sel - 160g","p":1.91,"u":"11,94 €/KG","img":"https://fd9-photos.leclercdrive.fr/image.ashx?id=2880715&use=l&cat=p&typeid=i","cat":287899},{"id":216097,"n":"Chips Tortilla Doritos Goût paprika - 160g","p":2.07,"u":"12,94 €/KG","img":"https://fd9-photos.leclercdrive.fr/image.ashx?id=2890091&use=l&cat=p&typeid=i","cat":287899},{"id":216098,"n":"Chips Tortilla Doritos Goût sweet chili - 160g","p":1.93,"u":"12,06 €/KG","img":"https://fd9-photos.leclercdrive.fr/image.ashx?id=2990475&use=l&cat=p&typeid=i","cat":287899},{"id":216099,"n":"Chips Tortilla Doritos Goût sour cream - 160g","p":1.98,"u":"12,38 €/KG","img":"https://fd9-photos.leclercdrive.fr/image.ashx?id=2890088&use=l&cat=p&typeid=i","cat":287899},{"id":216119,"n":"Yaourt Panier de Yoplait Fruits Jaunes - 8x125g","p":2.76,"u":"2,76 €/KG","img":"https://fd9-photos.leclercdrive.fr/image.ashx?id=2811965&use=l&cat=p&typeid=i","cat":284410},{"id":216120,"n":"Yaourt Fruits Panier de Yoplait Fraise Framboise Cerise -8x125g","p":2.77,"u":"2,77 €/KG","img":"https://fd9-photos.leclercdrive.fr/image.ashx?id=2811968&use=l&cat=p&typeid=i","cat":284410},{"id":216123,"n":"Yaourt Fruits Panier de Yoplait Panaché - 16x125g","p":4.56,"u":"2,28 €/KG","img":"https://fd9-photos.leclercdrive.fr/image.ashx?id=2884489&use=l&cat=p&typeid=i","cat":284410},{"id":216259,"n":"Coulis de mangue Sainte-Lucie - 110g","p":2.62,"u":"23,82 €/KG","img":"https://fd9-photos.leclercdrive.fr/image.ashx?id=2604608&use=l&cat=p&typeid=i","cat":284504},{"id":216262,"n":"Sirop de glucose Sainte-Lucie - 260g","p":4.13,"u":"15,88 €/KG","img":"https://fd9-photos.leclercdrive.fr/image.ashx?id=2604602&use=l&cat=p&typeid=i","cat":284504},{"id":216291,"n":"Foie gras de canard Delpeyrat 125g","p":10.99,"u":"87,92 €/KG","img":"https://fd9-photos.leclercdrive.fr/image.ashx?id=2605455&use=l&cat=p&typeid=i","cat":305148},{"id":216303,"n":"Riz Méditerranée Ben's original  Express 2mn - 220g","p":1.31,"u":"5,24 €/KG","img":"https://fd9-photos.leclercdrive.fr/image.ashx?id=2995301&use=l&cat=p&typeid=i","cat":287600},{"id":216325,"n":"Gel douche Adidas Active Skin & Mind - Energy Kick - 250ml","p":2.47,"u":"9,88 €/L","img":"https://fd9-photos.leclercdrive.fr/image.ashx?id=2990784&use=l&cat=p&typeid=i","cat":284619},{"id":216353,"n":"Émincés de porc caramel L'Atelier Boucherie - 300g","p":4.59,"u":"15,30 €/KG","img":"https://fd9-photos.leclercdrive.fr/image.ashx?id=2854297&use=l&cat=p&typeid=i","cat":284331},{"id":216381,"n":"Émincés de boeuf Tex-Mex L'Atelier Boucherie - 200g","p":4.79,"u":"23,95 €/KG","img":"https://fd9-photos.leclercdrive.fr/image.ashx?id=2854282&use=l&cat=p&typeid=i","cat":284328},{"id":216383,"n":"Émincés de boeuf chinois L'Atelier Boucherie - 200g","p":4.79,"u":"23,95 €/KG","img":"https://fd9-photos.leclercdrive.fr/image.ashx?id=2854288&use=l&cat=p&typeid=i","cat":284328},{"id":216519,"n":"Skyr Siggi's  Stracciatella - 2x140g","p":2.2,"u":"7,86 €/KG","img":"https://fd9-photos.leclercdrive.fr/image.ashx?id=2606885&use=l&cat=p&typeid=i","cat":315000},{"id":216563,"n":"Chocolat Révillon Caramel et Nougatine d'Exception - 340g","p":11.13,"u":"32,74 €/KG","img":"https://fd9-photos.leclercdrive.fr/image.ashx?id=2608728&use=l&cat=p&typeid=i","cat":327597},{"id":216737,"n":"Bloc foie gras canard Delpeyrat À l'Armagnac - 260g","p":21.21,"u":"81,58 €/KG","img":"https://fd9-photos.leclercdrive.fr/image.ashx?id=2968106&use=l&cat=p&typeid=i","cat":316008},{"id":216738,"n":"Foie gras de canard Delpeyrat  Poivre de Madagascar -260g","p":19.9,"u":"76,54 €/KG","img":"https://fd9-photos.leclercdrive.fr/image.ashx?id=2886693&use=l&cat=p&typeid=i","cat":316008},{"id":216741,"n":"Sauce tomate Gusti Amo Bio tomate basilic  - 350g","p":3.17,"u":"9,06 €/KG","img":"https://fd9-photos.leclercdrive.fr/image.ashx?id=2608872&use=l&cat=p&typeid=i","cat":288384},{"id":216746,"n":"Sauce tomate Gusti Amo Bio ricotta - 350g","p":3.28,"u":"9,37 €/KG","img":"https://fd9-photos.leclercdrive.fr/image.ashx?id=2608869&use=l&cat=p&typeid=i","cat":288384},{"id":216749,"n":"Sauce pesto Gusti Amo Bio Pesto verde - 130g","p":3.03,"u":"23,31 €/KG","img":"https://fd9-photos.leclercdrive.fr/image.ashx?id=2608875&use=l&cat=p&typeid=i","cat":299047},{"id":216999,"n":"Pétales céréales Grainea Nature - 750g","p":2.99,"u":"3,99 €/KG","img":"https://fd9-photos.leclercdrive.fr/image.ashx?id=2609438&use=l&cat=p&typeid=i","cat":309512},{"id":217003,"n":"Céréales coco pops Kellogg's Au chocolat - 550g","p":3.76,"u":"6,84 €/KG","img":"https://fd9-photos.leclercdrive.fr/image.ashx?id=2611080&use=l&cat=p&typeid=i","cat":309513},{"id":217020,"n":"Vin blanc Menetou-Salou Domaine de Boisbelle - 75cl","p":12.5,"u":"16,67 €/L","img":"https://fd9-photos.leclercdrive.fr/image.ashx?id=2910344&use=l&cat=p&typeid=i","cat":289557},{"id":217041,"n":"Gin London Dry Brighton's 37.5% vol - 50cl","p":13.47,"u":"26,94 €/L","img":"https://fd9-photos.leclercdrive.fr/image.ashx?id=2869883&use=l&cat=p&typeid=i","cat":284550},{"id":217145,"n":"Rhum Don Papa Baroko  40% vol. - 70cl","p":36.9,"u":"52,71 €/L","img":"https://fd9-photos.leclercdrive.fr/image.ashx?id=2654017&use=l&cat=p&typeid=i","cat":284550},{"id":217377,"n":"Gel Anti-Mites Raid Senteur Lavande - 2 pièces","p":3.91,"u":"1,96 €/P","img":"https://fd9-photos.leclercdrive.fr/image.ashx?id=2612760&use=l&cat=p&typeid=i","cat":298368},{"id":217471,"n":"Assiette Bio village  Bio Légumes - 12 mois - 230g","p":1.59,"u":"6,91 €/KG","img":"https://fd9-photos.leclercdrive.fr/image.ashx?id=2900253&use=l&cat=p&typeid=i","cat":312239},{"id":217607,"n":"Les Authentiques Bistro Émile x40 - 477g","p":8.95,"u":"18,76 €/KG","img":"https://fd9-photos.leclercdrive.fr/image.ashx?id=2614059&use=l&cat=p&typeid=i","cat":319774},{"id":217610,"n":"Café en grain  Bio Village Bio Pur arabica - 500g","p":8.39,"u":"16,78 €/KG","img":"https://fd9-photos.leclercdrive.fr/image.ashx?id=2615376&use=l&cat=p&typeid=i","cat":293237},{"id":217611,"n":"Chataigne Bio Village Bio - 195g","p":3.71,"u":"19,03 €/KG","img":"https://fd9-photos.leclercdrive.fr/image.ashx?id=2613747&use=l&cat=p&typeid=i","cat":312612},{"id":217618,"n":"Velouté bio Jardin Bio Potiron patate douce 1L","p":3.07,"u":"3,07 €/L","img":"https://fd9-photos.leclercdrive.fr/image.ashx?id=2615077&use=l&cat=p&typeid=i","cat":284462},{"id":217622,"n":"Concassé de tomates bio Jardin Bio - 400g","p":1.52,"u":"3,80 €/KG","img":"https://fd9-photos.leclercdrive.fr/image.ashx?id=2615071&use=l&cat=p&typeid=i","cat":288384},{"id":217917,"n":"IGP Nids d'Alsace 500g","p":2.69,"u":"5,38 €/KG","img":"https://fd9-photos.leclercdrive.fr/image.ashx?id=2856624&use=l&cat=p&typeid=i","cat":284427},{"id":217935,"n":"Désodorisant diffuseur Airwick  Active Fresh Coton - 75ml","p":3.69,"u":"49,20 €/L","img":"https://fd9-photos.leclercdrive.fr/image.ashx?id=2616186&use=l&cat=p&typeid=i","cat":311629},{"id":217946,"n":"Détachant textile Texil Multi-usage - 500g","p":2.8,"u":"5,60 €/KG","img":"https://fd9-photos.leclercdrive.fr/image.ashx?id=2988132&use=l&cat=p&typeid=i","cat":284651},{"id":217968,"n":"Dentifrice Oral-B Pro-science Advanced - Blancheur - 75ml","p":5.34,"u":"71,20 €/L","img":"https://fd9-photos.leclercdrive.fr/image.ashx?id=2616288&use=l&cat=p&typeid=i","cat":284612},{"id":217973,"n":"Culottes Huggies® Extra Care® Taille 4 x26 (9-14 kg)","p":12.7,"u":"0,49 €/P","img":"https://fd9-photos.leclercdrive.fr/image.ashx?id=2831405&use=l&cat=p&typeid=i","cat":290633},{"id":217982,"n":"Dentifrice Integral 8 Signal Complet Effet Prébiotique 75ml","p":1.69,"u":"22,53 €/L","img":"https://fd9-photos.leclercdrive.fr/image.ashx?id=2974665&use=l&cat=p&typeid=i","cat":284612},{"id":217989,"n":"Dentifrice Integral 8 Signal HaleineFraîche Prébiotique 75ml","p":2.4,"u":"32,00 €/L","img":"https://fd9-photos.leclercdrive.fr/image.ashx?id=2985660&use=l&cat=p&typeid=i","cat":284612},{"id":217993,"n":"Dentifrice Integral 8 Signal Blancheur Prébiotique 75ml","p":1.69,"u":"22,53 €/L","img":"https://fd9-photos.leclercdrive.fr/image.ashx?id=2974668&use=l&cat=p&typeid=i","cat":284612},{"id":218000,"n":"Dentifrice Signal Système Blancheur 1 semaine - 75ml","p":1.79,"u":"23,87 €/L","img":"https://fd9-photos.leclercdrive.fr/image.ashx?id=2777516&use=l&cat=p&typeid=i","cat":284612},{"id":218002,"n":"Dentifrice Signal Système Blancheur Eclat brillance 75ml","p":2.55,"u":"34,00 €/L","img":"https://fd9-photos.leclercdrive.fr/image.ashx?id=2981424&use=l&cat=p&typeid=i","cat":284612},{"id":218042,"n":"Saumon naturel Pêche Océan ASC 112g","p":3.1,"u":"27,68 €/KG","img":"https://fd9-photos.leclercdrive.fr/image.ashx?id=2615937&use=l&cat=p&typeid=i","cat":305147},{"id":218059,"n":"Coquillettes d'Alsace IGP Nos Régions ont du talent -500g","p":2.49,"u":"4,98 €/KG","img":"https://fd9-photos.leclercdrive.fr/image.ashx?id=2856627&use=l&cat=p&typeid=i","cat":284427},{"id":218108,"n":"Chocolats liqueurs Abtey Collection chardons - x20  280g","p":9.55,"u":"34,11 €/KG","img":"https://fd9-photos.leclercdrive.fr/image.ashx?id=2616559&use=l&cat=p&typeid=i","cat":327601},{"id":218154,"n":"Vodka Absolut  Watermelon - 38% vol. 70cl","p":18.59,"u":"26,56 €/L","img":"https://fd9-photos.leclercdrive.fr/image.ashx?id=2645687&use=l&cat=p&typeid=i","cat":284550},{"id":218178,"n":"Nuggets de dinde Côté Croc 1kg","p":5.99,"img":"https://fd9-photos.leclercdrive.fr/image.ashx?id=2837072&use=l&cat=p&typeid=i","cat":333684},{"id":218198,"n":"Foie gras canard Larnaudie Entier - Ma création - 120g","p":11.99,"u":"99,92 €/KG","img":"https://fd9-photos.leclercdrive.fr/image.ashx?id=2617825&use=l&cat=p&typeid=i","cat":305148},{"id":218212,"n":"Gummies Appetit' Control Vitea 90g","p":9.35,"u":"103,89 €/KG","img":"https://fd9-photos.leclercdrive.fr/image.ashx?id=2744896&use=l&cat=p&typeid=i","cat":313217},{"id":218254,"n":"Couches Pampers  Baby Dry x28 17kg+","p":17.75,"u":"0,63 €/P","img":"https://fd9-photos.leclercdrive.fr/image.ashx?id=2655538&use=l&cat=p&typeid=i","cat":284737},{"id":218304,"n":"Cordon bleu de dinde Côté Croc 1kg","p":5.99,"u":"5,99 €/KG","img":"https://fd9-photos.leclercdrive.fr/image.ashx?id=2617319&use=l&cat=p&typeid=i","cat":333683},{"id":218305,"n":"Saucisses de Montbéliard IGP NRT - 500g","p":5.99,"u":"11,98 €/KG","img":"https://fd9-photos.leclercdrive.fr/image.ashx?id=2991509&use=l&cat=p&typeid=i","cat":316012},{"id":218311,"n":"Pain de mie Epi d'Or Cérales & Graines - 580g","p":2.54,"u":"4,38 €/KG","img":"https://fd9-photos.leclercdrive.fr/image.ashx?id=2728270&use=l&cat=p&typeid=i","cat":284477},{"id":218332,"n":"Pizza feu de bois Turini Montagnarde - 450g","p":3.24,"u":"7,20 €/KG","img":"https://fd9-photos.leclercdrive.fr/image.ashx?id=2816621&use=l&cat=p&typeid=i","cat":284256},{"id":218333,"n":"Yakitori poulet Ajinomoto Sauce Teriaki - 200g","p":4.44,"u":"22,20 €/KG","img":"https://fd9-photos.leclercdrive.fr/image.ashx?id=2692596&use=l&cat=p&typeid=i","cat":319774},{"id":218336,"n":"Bûche glacée Erhard Marron vanille - 420g","p":9.97,"pp":6.98,"u":"16,62 €/KG","img":"https://fd9-photos.leclercdrive.fr/image.ashx?id=2631135&use=l&cat=p&typeid=i","cat":284266},{"id":218370,"n":"Pizza Turini Poulet - 400g","p":3.35,"u":"8,38 €/KG","img":"https://fd9-photos.leclercdrive.fr/image.ashx?id=2888971&use=l&cat=p&typeid=i","cat":333679},{"id":218399,"n":"Mélange BBQ Ducros 27g","p":1.02,"u":"37,78 €/KG","img":"https://fd9-photos.leclercdrive.fr/image.ashx?id=2731552&use=l&cat=p&typeid=i","cat":298297},{"id":218402,"n":"Badiane Ducros 25g","p":2.68,"u":"107,20 €/KG","img":"https://fd9-photos.leclercdrive.fr/image.ashx?id=2618891&use=l&cat=p&typeid=i","cat":298297},{"id":218407,"n":"Melange pour curry Ducros 20g","p":1.56,"u":"78,00 €/KG","img":"https://fd9-photos.leclercdrive.fr/image.ashx?id=2618888&use=l&cat=p&typeid=i","cat":298297},{"id":218414,"n":"Foie gras Maison Montfort De canard - 160g","p":12.95,"u":"80,94 €/KG","img":"https://fd9-photos.leclercdrive.fr/image.ashx?id=2887626&use=l&cat=p&typeid=i","cat":305148},{"id":218415,"n":"Foie gras Maison Montfort Sauternes - 160g","p":12.95,"u":"80,94 €/KG","img":"https://fd9-photos.leclercdrive.fr/image.ashx?id=2887629&use=l&cat=p&typeid=i","cat":305148},{"id":218418,"n":"Foie gras Maison Montfort De canard sale & poivre  - 160g","p":12.95,"u":"80,94 €/KG","img":"https://fd9-photos.leclercdrive.fr/image.ashx?id=2887635&use=l&cat=p&typeid=i","cat":305148},{"id":218423,"n":"Burrata di Bufala Les Croisés - 125g","p":2.91,"u":"23,28 €/KG","img":"https://fd9-photos.leclercdrive.fr/image.ashx?id=3009529&use=l&cat=p&typeid=i","cat":314026},{"id":218424,"n":"Milky fromage enfant à tartiner Les Croisés 8 portions - 144g","p":1.76,"u":"12,22 €/KG","img":"https://fd9-photos.leclercdrive.fr/image.ashx?id=2791908&use=l&cat=p&typeid=i","cat":314030},{"id":218427,"n":"Mozzarella Fior Di Latte Les Croisés - 125g","p":1.59,"u":"12,72 €/KG","img":"https://fd9-photos.leclercdrive.fr/image.ashx?id=2617726&use=l&cat=p&typeid=i","cat":314026},{"id":218452,"n":"Recharges en sacs Rubson Pour absorbeur classic 3+1","p":16.5,"u":"4,13 €/P","img":"https://fd9-photos.leclercdrive.fr/image.ashx?id=2618900&use=l&cat=p&typeid=i","cat":300576},{"id":218492,"n":"Brisures de saumon fumé Eco+ 150g","p":3.06,"u":"20,40 €/KG","img":"https://fd9-photos.leclercdrive.fr/image.ashx?id=3005528&use=l&cat=p&typeid=i","cat":285188},{"id":218494,"n":"Panés aux poissons Eco+ 200g","p":1.55,"u":"7,75 €/KG","img":"https://fd9-photos.leclercdrive.fr/image.ashx?id=2618706&use=l&cat=p&typeid=i","cat":284344},{"id":218695,"n":"Jambon à l'os Aoste Coffret Le Savoureux - 5,5kg","p":69.99,"u":"12,73 €/KG","img":"https://fd9-photos.leclercdrive.fr/image.ashx?id=2994518&use=l&cat=p&typeid=i","cat":316007},{"id":218792,"n":"Sachet Père Noël et attaches Rohan - 175g","p":4.55,"u":"26,00 €/KG","img":"https://fd9-photos.leclercdrive.fr/image.ashx?id=2622594&use=l&cat=p&typeid=i","cat":327592},{"id":218865,"n":"Gel Douche Le Petit Marseillais Pour homme Pin maritime 3x250ml","p":4.89,"u":"6,52 €/L","img":"https://fd9-photos.leclercdrive.fr/image.ashx?id=2625211&use=l&cat=p&typeid=i","cat":284619},{"id":218920,"n":"Foie gras Maison Montfort Canard de Gascogne - 180g","p":15.72,"u":"87,33 €/KG","img":"https://fd9-photos.leclercdrive.fr/image.ashx?id=2893390&use=l&cat=p&typeid=i","cat":305148},{"id":218931,"n":"Foie gras de canard entier  Piment Maison Montfort 180g","p":15.72,"u":"87,33 €/KG","img":"https://fd9-photos.leclercdrive.fr/image.ashx?id=2893399&use=l&cat=p&typeid=i","cat":305148},{"id":218988,"n":"Bonbons Merry Canes Fizzy 154g","p":3.89,"u":"25,26 €/KG","img":"https://fd9-photos.leclercdrive.fr/image.ashx?id=2623777&use=l&cat=p&typeid=i","cat":327592},{"id":219039,"n":"Pétales de céréales Grainea Chocolat noir - 550g","p":2.73,"u":"4,96 €/KG","img":"https://fd9-photos.leclercdrive.fr/image.ashx?id=2917672&use=l&cat=p&typeid=i","cat":309512},{"id":219041,"n":"Pétales de céréales Grainea Chocolat au lait - 550g","p":2.58,"u":"4,69 €/KG","img":"https://fd9-photos.leclercdrive.fr/image.ashx?id=2917669&use=l&cat=p&typeid=i","cat":309512},{"id":219051,"n":"Amandes complètes En poudre - 125g","p":3.36,"u":"26,88 €/KG","img":"https://fd9-photos.leclercdrive.fr/image.ashx?id=2623729&use=l&cat=p&typeid=i","cat":284504},{"id":219125,"n":"Liquide vaisselle Uni Vert Ecologique - Rose - 500ml","p":1.25,"u":"2,50 €/L","img":"https://fd9-photos.leclercdrive.fr/image.ashx?id=2999520&use=l&cat=p&typeid=i","cat":284655},{"id":219142,"n":"Lessive liquide Chanteclair Musc Blanc - 1800ml","p":7.12,"u":"3,96 €/L","img":"https://fd9-photos.leclercdrive.fr/image.ashx?id=2997298&use=l&cat=p&typeid=i","cat":284640},{"id":219157,"n":"Gel douche Le Petit Marseillais Pour homme Mineraux cèdre  750g","p":4.89,"u":"6,52 €/KG","img":"https://fd9-photos.leclercdrive.fr/image.ashx?id=2625214&use=l&cat=p&typeid=i","cat":284619},{"id":219160,"n":"Pépites Sainte Lucie Chocolat au lait - 125g","p":2.66,"u":"21,28 €/KG","img":"https://fd9-photos.leclercdrive.fr/image.ashx?id=2625427&use=l&cat=p&typeid=i","cat":284504},{"id":219257,"n":"Foie gras Maison Montfort Canard de gascogne - 180g","p":15.72,"u":"87,33 €/KG","img":"https://fd9-photos.leclercdrive.fr/image.ashx?id=2893393&use=l&cat=p&typeid=i","cat":305148},{"id":219258,"n":"Foie gras Maison Montfort De Gascogne - 180g","p":15.72,"u":"87,33 €/KG","img":"https://fd9-photos.leclercdrive.fr/image.ashx?id=2893396&use=l&cat=p&typeid=i","cat":305148},{"id":219401,"n":"Papillotes exception Revillon Ganache chocolat noir - 340g","p":11.99,"u":"35,26 €/KG","img":"https://fd9-photos.leclercdrive.fr/image.ashx?id=2628458&use=l&cat=p&typeid=i","cat":327597},{"id":219476,"n":"AOP Alsace Riesling Bernard Cordelier 10,5%vol - 3L","p":8.99,"u":"3,00 €/L","img":"https://fd9-photos.leclercdrive.fr/image.ashx?id=2882993&use=l&cat=p&typeid=i","cat":289557},{"id":219478,"n":"AOP Cabernet d'Anjou Bernard Cordelier - 3L","p":11.49,"u":"3,83 €/L","img":"https://fd9-photos.leclercdrive.fr/image.ashx?id=2726694&use=l&cat=p&typeid=i","cat":289558},{"id":219490,"n":"Vin d'Espagne grenache Bernard Cordelier - 75cl","p":1.75,"u":"2,33 €/L","img":"https://fd9-photos.leclercdrive.fr/image.ashx?id=2714977&use=l&cat=p&typeid=i","cat":289558},{"id":219495,"n":"AOP Côtes du Rhône Vin  rouge Bernard Cordelier - 3L","p":7.49,"u":"2,50 €/L","img":"https://fd9-photos.leclercdrive.fr/image.ashx?id=2744359&use=l&cat=p&typeid=i","cat":289556},{"id":219601,"n":"Petits pains grillés Pasquier Blé complet - 225g","p":1.87,"u":"8,31 €/KG","img":"https://fd9-photos.leclercdrive.fr/image.ashx?id=2834452&use=l&cat=p&typeid=i","cat":284479},{"id":219786,"n":"Pruneaux d'Agen IGP Nos Régions ont du Talent 375g","p":2.99,"u":"7,97 €/KG","img":"https://fd9-photos.leclercdrive.fr/image.ashx?id=2627398&use=l&cat=p&typeid=i","cat":284357},{"id":219921,"n":"Saumon fumé Ronde des Mers Islande 4 tranches - 140g","p":4.99,"u":"35,64 €/KG","img":"https://fd9-photos.leclercdrive.fr/image.ashx?id=2833138&use=l&cat=p&typeid=i","cat":285188},{"id":220027,"n":"Miel Soutenons nos agriculteurs Liquide - 500 g","p":5.59,"u":"11,18 €/KG","img":"https://fd9-photos.leclercdrive.fr/image.ashx?id=2724865&use=l&cat=p&typeid=i","cat":287643},{"id":220273,"n":"Liqueur de Coco Amarula Végan - 15.5% vol. - 70cl","p":23.78,"u":"33,97 €/L","img":"https://fd9-photos.leclercdrive.fr/image.ashx?id=2634376&use=l&cat=p&typeid=i","cat":286032},{"id":220293,"n":"Stevia en bûchettes x50 - 50g","p":1.29,"u":"25,80 €/KG","img":"https://fd9-photos.leclercdrive.fr/image.ashx?id=2632683&use=l&cat=p&typeid=i","cat":324846},{"id":220298,"n":"Bonbons Tubes Acid'  Copains Copines - 180g","p":1.39,"u":"7,72 €/KG","img":"https://fd9-photos.leclercdrive.fr/image.ashx?id=2934775&use=l&cat=p&typeid=i","cat":304250},{"id":220331,"n":"Foie gras de canard entier Jean Larnaudie - 160g","p":17.3,"u":"108,13 €/KG","img":"https://fd9-photos.leclercdrive.fr/image.ashx?id=2633917&use=l&cat=p&typeid=i","cat":305148},{"id":220341,"n":"Foie gras de canard entier Jean Larnaudie - 160g","p":14.99,"u":"93,69 €/KG","img":"https://fd9-photos.leclercdrive.fr/image.ashx?id=2633920&use=l&cat=p&typeid=i","cat":305148},{"id":220348,"n":"Foie gras de canard entier  Jean Larnaudie - 160g","p":14.99,"u":"93,69 €/KG","img":"https://fd9-photos.leclercdrive.fr/image.ashx?id=2633923&use=l&cat=p&typeid=i","cat":305148},{"id":220350,"n":"Stevia en comprimés Edulcorel x100 - 7g","p":0.99,"u":"141,43 €/KG","img":"https://fd9-photos.leclercdrive.fr/image.ashx?id=2632915&use=l&cat=p&typeid=i","cat":324846},{"id":220351,"n":"Foie gras de canard entier  Larnaudie Selection - 160g","p":14.99,"u":"93,69 €/KG","img":"https://fd9-photos.leclercdrive.fr/image.ashx?id=2633926&use=l&cat=p&typeid=i","cat":305148},{"id":220353,"n":"Foie gras de canard entier  Larnaudie Selection - 160g","p":14.98,"u":"93,63 €/KG","img":"https://fd9-photos.leclercdrive.fr/image.ashx?id=2633929&use=l&cat=p&typeid=i","cat":305148},{"id":220355,"n":"Foie gras de canard Larnaudie Lignac Le Gourmand - 160g","p":17.3,"u":"108,13 €/KG","img":"https://fd9-photos.leclercdrive.fr/image.ashx?id=2633932&use=l&cat=p&typeid=i","cat":305148},{"id":220386,"n":"Vodka premium Grey Goose Edition Limitée 2023 40° - 70cl","p":39.55,"u":"56,50 €/L","img":"https://fd9-photos.leclercdrive.fr/image.ashx?id=2635271&use=l&cat=p&typeid=i","cat":284550},{"id":220591,"n":"Brassé végétal Andros Fraise - 6x100g","p":1.97,"u":"3,28 €/KG","img":"https://fd9-photos.leclercdrive.fr/image.ashx?id=2638975&use=l&cat=p&typeid=i","cat":316071},{"id":220716,"n":"Boisson gazeuse Schweppes Saveur Agrumes Zéro - 4x1.5L","p":6.9,"u":"1,15 €/P","img":"https://fd9-photos.leclercdrive.fr/image.ashx?id=2852450&use=l&cat=p&typeid=i","cat":284532},{"id":220784,"n":"Lait Fluide SPF30 Garnier Ambre Solaire - 175ml","p":11.65,"u":"66,57 €/L","img":"https://fd9-photos.leclercdrive.fr/image.ashx?id=2638313&use=l&cat=p&typeid=i","cat":325355},{"id":220788,"n":"Recharge crème lavante mains Le Petit Marseillais Lait 250ml","p":0.82,"u":"3,28 €/L","img":"https://fd9-photos.leclercdrive.fr/image.ashx?id=2735242&use=l&cat=p&typeid=i","cat":284597},{"id":220789,"n":"Coloration Permanente Olia 5.15 Chocolat Glacé","p":8.32,"img":"https://fd9-photos.leclercdrive.fr/image.ashx?id=2635961&use=l&cat=p&typeid=i","cat":288899},{"id":220794,"n":"Sérum Éclat La Provençale Bio Jouvence à la Vitamine C - 30ml","p":10.22,"u":"340,67 €/L","img":"https://fd9-photos.leclercdrive.fr/image.ashx?id=2950363&use=l&cat=p&typeid=i","cat":325345},{"id":220797,"n":"Rasoirs rechargeables Bic Hybrid Flex 3 - Hommes - x4","p":4.56,"u":"1,14 €/P","img":"https://fd9-photos.leclercdrive.fr/image.ashx?id=2636066&use=l&cat=p&typeid=i","cat":284616},{"id":220799,"n":"Rasoirs rechargeables Bic Hybrid Flex 5 - Hommes - x4","p":6.7,"u":"1,68 €/P","img":"https://fd9-photos.leclercdrive.fr/image.ashx?id=2636069&use=l&cat=p&typeid=i","cat":284616},{"id":220802,"n":"Rasoirs rechargeables Bic Click 3 Soleil - x4","p":4.49,"u":"1,12 €/P","img":"https://fd9-photos.leclercdrive.fr/image.ashx?id=2636072&use=l&cat=p&typeid=i","cat":325352},{"id":220804,"n":"Rasoirs rechargeables Homme Bic Hybrid Flex 3 - x1+4 recharges","p":7.14,"u":"1,43 €/P","img":"https://fd9-photos.leclercdrive.fr/image.ashx?id=2636075&use=l&cat=p&typeid=i","cat":284616},{"id":220818,"n":"Lames de rasoirs Bic Click 5 Soleil - x4","p":7.53,"u":"1,88 €/P","img":"https://fd9-photos.leclercdrive.fr/image.ashx?id=2768517&use=l&cat=p&typeid=i","cat":325352},{"id":220819,"n":"Rasoirs jetables Homme Bic Metal - x10","p":1.92,"u":"0,19 €/P","img":"https://fd9-photos.leclercdrive.fr/image.ashx?id=2636081&use=l&cat=p&typeid=i","cat":284616},{"id":220827,"n":"Sérum Autobronzant Garnier Natural Bronzer visage - 30ml","p":12.04,"u":"401,33 €/L","img":"https://fd9-photos.leclercdrive.fr/image.ashx?id=2669280&use=l&cat=p&typeid=i","cat":325355},{"id":220851,"n":"Saumon fumé Ronde des Mers Écosse - 14 tranches - 490g","p":17.49,"u":"35,69 €/KG","img":"https://fd9-photos.leclercdrive.fr/image.ashx?id=2976303&use=l&cat=p&typeid=i","cat":285188},{"id":221193,"n":"Gressins sésame  Eco+ 120g","p":1.04,"u":"8,32 €/KG","img":"https://fd9-photos.leclercdrive.fr/image.ashx?id=2640004&use=l&cat=p&typeid=i","cat":297000},{"id":221205,"n":"Fromage fondu Burger Eco+ x10 - 200g","p":1.15,"u":"5,75 €/KG","img":"https://fd9-photos.leclercdrive.fr/image.ashx?id=2956960&use=l&cat=p&typeid=i","cat":314028},{"id":221208,"n":"Disques à démaquiller x120","p":0.39,"img":"https://fd9-photos.leclercdrive.fr/image.ashx?id=2640119&use=l&cat=p&typeid=i","cat":285593},{"id":221254,"n":"Tzatziki Tables du Monde 330g","p":2.5,"u":"7,58 €/KG","img":"https://fd9-photos.leclercdrive.fr/image.ashx?id=2872463&use=l&cat=p&typeid=i","cat":315999},{"id":221272,"n":"Triangolo Fromage enfants vache Les Croisés 32 portions - 533g","p":3.5,"u":"6,57 €/KG","img":"https://fd9-photos.leclercdrive.fr/image.ashx?id=2791893&use=l&cat=p&typeid=i","cat":314030},{"id":221278,"n":"Thon sauce mayonnaise Saupiquet 252g","p":2.29,"u":"9,09 €/KG","img":"https://fd9-photos.leclercdrive.fr/image.ashx?id=2860889&use=l&cat=p&typeid=i","cat":303867},{"id":221279,"n":"Cerneaux de noix Eco+ 400g","p":4.59,"u":"11,48 €/KG","img":"https://fd9-photos.leclercdrive.fr/image.ashx?id=2768454&use=l&cat=p&typeid=i","cat":284357},{"id":221281,"n":"Coeur fondant Equador Caramel - 2x90g","p":2.35,"u":"13,06 €/KG","img":"https://fd9-photos.leclercdrive.fr/image.ashx?id=2640212&use=l&cat=p&typeid=i","cat":284419},{"id":221398,"n":"Riz Tradizioni d'Italia Carnaroli - 500g","p":2.39,"u":"4,78 €/KG","img":"https://fd9-photos.leclercdrive.fr/image.ashx?id=2641422&use=l&cat=p&typeid=i","cat":284428},{"id":221401,"n":"Saumon fumé Ronde des Mers Norvège 14 tranches - 490g","p":17.49,"u":"35,69 €/KG","img":"https://fd9-photos.leclercdrive.fr/image.ashx?id=2976300&use=l&cat=p&typeid=i","cat":285188},{"id":221493,"n":"Stevia en comprimés Eco+ x650 - 42,25g","p":1.52,"u":"36,19 €/KG","img":"https://fd9-photos.leclercdrive.fr/image.ashx?id=2641789&use=l&cat=p&typeid=i","cat":284502},{"id":221507,"n":"Infusion nuit tranquille  Elephant - x20 - 30g","p":1.49,"u":"49,67 €/KG","img":"https://fd9-photos.leclercdrive.fr/image.ashx?id=2655647&use=l&cat=p&typeid=i","cat":293234},{"id":221513,"n":"Gel lavant mains Le Petit Marseillais - Olive - 250ml","p":1.05,"img":"https://fd9-photos.leclercdrive.fr/image.ashx?id=2684227&use=l&cat=p&typeid=i","cat":284597},{"id":221647,"n":"Chorizo du Xisto 250g","p":3.9,"u":"15,60 €/KG","img":"https://fd9-photos.leclercdrive.fr/image.ashx?id=2643249&use=l&cat=p&typeid=i","cat":316006},{"id":221881,"n":"Dentifrice Oral-B Pro-Science Soin intense gencives - 2x75ml","p":9.8,"u":"65,33 €/L","img":"https://fd9-photos.leclercdrive.fr/image.ashx?id=2647200&use=l&cat=p&typeid=i","cat":284612},{"id":221884,"n":"Haricots verts extra fins Bonduelle - 3 x 440g","p":5.82,"u":"4,41 €/KG","img":"https://fd9-photos.leclercdrive.fr/image.ashx?id=2856967&use=l&cat=p&typeid=i","cat":312606},{"id":221933,"n":"Dentifrice Oral-B 3D White Advanced Luxe blancheur 2x75ml","p":6.61,"u":"44,07 €/L","img":"https://fd9-photos.leclercdrive.fr/image.ashx?id=2795914&use=l&cat=p&typeid=i","cat":284612},{"id":221934,"n":"Dentifrice Oral-B 3D White Advanced Luxe perfection 2x75ml","p":6.61,"u":"44,07 €/L","img":"https://fd9-photos.leclercdrive.fr/image.ashx?id=2745334&use=l&cat=p&typeid=i","cat":284612},{"id":222010,"n":"Riz long Basmati  Riz du Monde Elephant - 2kg","p":6.6,"u":"3,30 €/KG","img":"https://fd9-photos.leclercdrive.fr/image.ashx?id=2648208&use=l&cat=p&typeid=i","cat":288992},{"id":222027,"n":"Sérum physiologique Prorhinel 2x15cl","p":6.2,"u":"20,67 €/L","img":"https://fd9-photos.leclercdrive.fr/image.ashx?id=2826834&use=l&cat=p&typeid=i","cat":284741},{"id":222032,"n":"Rasoir hydro 5 Wilkinson Starter sensitive + 4 lames","p":13.6,"img":"https://fd9-photos.leclercdrive.fr/image.ashx?id=2736331&use=l&cat=p&typeid=i","cat":284616},{"id":222037,"n":"Rasoir jetable Gillette Blue II Plus - x20","p":14.85,"u":"0,74 €/P","img":"https://fd9-photos.leclercdrive.fr/image.ashx?id=2648343&use=l&cat=p&typeid=i","cat":284616},{"id":222256,"n":"Avocat  1p","p":1.39,"img":"https://fd9-photos.leclercdrive.fr/image.ashx?id=1633637&use=l&cat=p&typeid=i","cat":284352},{"id":222472,"n":"Ananas Eco+ Morceaux - Sirop léger - 340g","p":1.06,"u":"3,12 €/KG","img":"https://fd9-photos.leclercdrive.fr/image.ashx?id=2650907&use=l&cat=p&typeid=i","cat":284507},{"id":222473,"n":"Thé blanc bio Joyce Fraise menthe - 30g","p":2.22,"u":"74,00 €/KG","img":"https://fd9-photos.leclercdrive.fr/image.ashx?id=2924140&use=l&cat=p&typeid=i","cat":293233},{"id":222474,"n":"Thé blanc Bio Joyce  Saveur tarte au citron - 30g","p":2.22,"u":"74,00 €/KG","img":"https://fd9-photos.leclercdrive.fr/image.ashx?id=2651624&use=l&cat=p&typeid=i","cat":293233},{"id":222475,"n":"Thé noir Joyce Bio Earl grey fleuri - 30g","p":2.22,"u":"74,00 €/KG","img":"https://fd9-photos.leclercdrive.fr/image.ashx?id=2651627&use=l&cat=p&typeid=i","cat":293233},{"id":222476,"n":"Thé noir Joyce Bio pain grillé - 30g","p":2.22,"u":"74,00 €/KG","img":"https://fd9-photos.leclercdrive.fr/image.ashx?id=2651630&use=l&cat=p&typeid=i","cat":293233},{"id":222478,"n":"Pop corn Vico Micro-ondable poivre&sel 240g","p":1.84,"u":"7,67 €/KG","img":"https://fd9-photos.leclercdrive.fr/image.ashx?id=2651582&use=l&cat=p&typeid=i","cat":304249},{"id":222479,"n":"Pop corn sucre de canne Vico Micro-ondable 240g","p":1.97,"u":"8,21 €/KG","img":"https://fd9-photos.leclercdrive.fr/image.ashx?id=2651585&use=l&cat=p&typeid=i","cat":304249},{"id":222482,"n":"Mélange oiseaux du ciel Eco+ - 4kg","p":3.38,"u":"0,85 €/KG","img":"https://fd9-photos.leclercdrive.fr/image.ashx?id=2651327&use=l&cat=p&typeid=i","cat":284678},{"id":222486,"n":"Thé noir bio Joyce Pain d'épices - 30g","p":2.22,"u":"74,00 €/KG","img":"https://fd9-photos.leclercdrive.fr/image.ashx?id=2896651&use=l&cat=p&typeid=i","cat":293233},{"id":222489,"n":"Pina Colada 70cl","p":5.79,"u":"8,27 €/L","img":"https://fd9-photos.leclercdrive.fr/image.ashx?id=2650910&use=l&cat=p&typeid=i","cat":284551},{"id":222490,"n":"AOP Cabernet d'anjou  Les Caractères - 10L","p":39.99,"u":"4,00 €/L","img":"https://fd9-photos.leclercdrive.fr/image.ashx?id=2650913&use=l&cat=p&typeid=i","cat":289558},{"id":222515,"n":"Chou rouge émincé Notre Jardin 250g","p":0.99,"u":"3,96 €/KG","img":"https://fd9-photos.leclercdrive.fr/image.ashx?id=2693324&use=l&cat=p&typeid=i","cat":284352},{"id":222518,"n":"Cubes de poulet Maître Coq Jaune - 450g","p":5.21,"u":"11,58 €/KG","img":"https://fd9-photos.leclercdrive.fr/image.ashx?id=2651936&use=l&cat=p&typeid=i","cat":284336},{"id":222519,"n":"Cubes de poulet Maître Coq Blanc - 450g","p":5.05,"u":"11,22 €/KG","img":"https://fd9-photos.leclercdrive.fr/image.ashx?id=2651939&use=l&cat=p&typeid=i","cat":284336},{"id":222582,"n":"Shampoing Restaurateur Eslève Glycolic Gloss - 200ml","p":6.38,"u":"31,90 €/L","img":"https://fd9-photos.leclercdrive.fr/image.ashx?id=2657157&use=l&cat=p&typeid=i","cat":284606},{"id":222583,"n":"Soin Cheveux Lamination Elsève Glycolic Gloss - 200ml","p":6.76,"u":"33,80 €/L","img":"https://fd9-photos.leclercdrive.fr/image.ashx?id=2656796&use=l&cat=p&typeid=i","cat":284608},{"id":222586,"n":"Démêlant Cheveux Elsève Glycolic Gloss - 150ml","p":6.25,"u":"41,67 €/L","img":"https://fd9-photos.leclercdrive.fr/image.ashx?id=2657160&use=l&cat=p&typeid=i","cat":284607},{"id":222589,"n":"Sérum Soin Sans Rinçage Elsève Glycolic Gloss - 150ml","p":11.6,"u":"77,33 €/L","img":"https://fd9-photos.leclercdrive.fr/image.ashx?id=2656069&use=l&cat=p&typeid=i","cat":284608},{"id":222591,"n":"Soin anti-tâches L'Oréal Paris Bright Reveal SPF50+ - 50ml","p":15.65,"u":"313,00 €/L","img":"https://fd9-photos.leclercdrive.fr/image.ashx?id=2921879&use=l&cat=p&typeid=i","cat":325345},{"id":222594,"n":"Pur jus de raisin Jafaden  90cl","p":2.21,"u":"2,46 €/L","img":"https://fd9-photos.leclercdrive.fr/image.ashx?id=2723183&use=l&cat=p&typeid=i","cat":285435},{"id":222595,"n":"Pur jus d'ananas passion  Jafaden - 90cl","p":2.29,"u":"2,54 €/L","img":"https://fd9-photos.leclercdrive.fr/image.ashx?id=2723189&use=l&cat=p&typeid=i","cat":285435},{"id":222596,"n":"Pur jus de pomme mangue Jafaden - 90cl","p":2.49,"u":"2,77 €/L","img":"https://fd9-photos.leclercdrive.fr/image.ashx?id=2723192&use=l&cat=p&typeid=i","cat":285435},{"id":222597,"n":"Sérum anti-taches L'Oréal Paris Bright Reveal - 30ml","p":12.41,"u":"413,67 €/L","img":"https://fd9-photos.leclercdrive.fr/image.ashx?id=2865881&use=l&cat=p&typeid=i","cat":325345},{"id":222598,"n":"Pur jus de pomme framboise Jafaden - 90cl","p":2.43,"u":"2,70 €/L","img":"https://fd9-photos.leclercdrive.fr/image.ashx?id=2723195&use=l&cat=p&typeid=i","cat":285435},{"id":222599,"n":"Sérum correcteur L'Oréal Paris  Age Perfect - 30ml","p":11.97,"pp":7.9,"u":"263,33 €/L","img":"https://fd9-photos.leclercdrive.fr/image.ashx?id=2664491&use=l&cat=p&typeid=i","cat":325345},{"id":222608,"n":"Jambon cru Serrano Aoste  6 tranches + 3 offertes - 150g","p":3.38,"u":"22,53 €/KG","img":"https://fd9-photos.leclercdrive.fr/image.ashx?id=2653669&use=l&cat=p&typeid=i","cat":316007},{"id":222653,"n":"Sauce de poisson Mei Asia 125ml","p":1.85,"u":"14,80 €/L","img":"https://fd9-photos.leclercdrive.fr/image.ashx?id=2653831&use=l&cat=p&typeid=i","cat":288992},{"id":222669,"n":"Tablette chocolat L'Atelier Noir biscuit caramel - 170g","p":3.63,"u":"21,35 €/KG","img":"https://fd9-photos.leclercdrive.fr/image.ashx?id=2674294&use=l&cat=p&typeid=i","cat":284497},{"id":222702,"n":"Dentifrice Integral 8 Signal Fraîcheur Intense 75ml","p":2.4,"u":"32,00 €/L","img":"https://fd9-photos.leclercdrive.fr/image.ashx?id=2818196&use=l&cat=p&typeid=i","cat":284612},{"id":222703,"n":"Dentifrice Signal Extra fraîcheur blancheur 75ml","p":2.1,"u":"28,00 €/L","img":"https://fd9-photos.leclercdrive.fr/image.ashx?id=2938328&use=l&cat=p&typeid=i","cat":284612},{"id":222704,"n":"Dentifrice Signal Extra fraîcheur intense - 75ml","p":1.99,"u":"26,53 €/L","img":"https://fd9-photos.leclercdrive.fr/image.ashx?id=2654212&use=l&cat=p&typeid=i","cat":284612},{"id":222742,"n":"Swiffer wetjet Kit Lavable Système anti-poussière - x1","p":30.48,"pp":18.29,"u":"Dont 0,16 € d'éco-part.","img":"https://fd9-photos.leclercdrive.fr/image.ashx?id=2927708&use=l&cat=p&typeid=i","cat":325364},{"id":222750,"n":"Pois vert au wasabi Mei Asia 140g","p":4.8,"u":"34,29 €/KG","img":"https://fd9-photos.leclercdrive.fr/image.ashx?id=2654938&use=l&cat=p&typeid=i","cat":284448},{"id":222758,"n":"Pâte de wasabi en tube Mei Asia - 40g","p":2.31,"u":"57,75 €/KG","img":"https://fd9-photos.leclercdrive.fr/image.ashx?id=2654929&use=l&cat=p&typeid=i","cat":288992},{"id":222759,"n":"Gingembre Mei Asia pour sushi - 190g","p":2.74,"u":"14,42 €/KG","img":"https://fd9-photos.leclercdrive.fr/image.ashx?id=2654944&use=l&cat=p&typeid=i","cat":318430},{"id":222779,"n":"Eau de javel La Croix Traditionnelle - 1.5L","p":1.49,"u":"0,99 €/L","img":"https://fd9-photos.leclercdrive.fr/image.ashx?id=2667556&use=l&cat=p&typeid=i","cat":284661},{"id":222782,"n":"Adoucissant Soupline Lingettes Voile Sèche-linge Grand air-x20","p":2.76,"u":"0,14 €/P","img":"https://fd9-photos.leclercdrive.fr/image.ashx?id=2654435&use=l&cat=p&typeid=i","cat":325302},{"id":222820,"n":"Bonbons Haribo Pocket Assortiment mini sachets - 340g","p":3.03,"u":"8,91 €/KG","img":"https://fd9-photos.leclercdrive.fr/image.ashx?id=2654653&use=l&cat=p&typeid=i","cat":304250},{"id":222824,"n":"Carottes râpées Notre Jardin 250g","p":1.49,"u":"5,96 €/KG","img":"https://fd9-photos.leclercdrive.fr/image.ashx?id=2693321&use=l&cat=p&typeid=i","cat":284353},{"id":222826,"n":"Chou blanc carotte Notre Jardin 250g","p":1.51,"u":"6,04 €/KG","img":"https://fd9-photos.leclercdrive.fr/image.ashx?id=2680830&use=l&cat=p&typeid=i","cat":284353},{"id":222841,"n":"Mâche Bio Village Bio - 100g","p":1.89,"u":"18,90 €/KG","img":"https://fd9-photos.leclercdrive.fr/image.ashx?id=2663302&use=l&cat=p&typeid=i","cat":284353},{"id":222842,"n":"Acide citrique Clair 500g","p":2.99,"u":"5,98 €/KG","img":"https://fd9-photos.leclercdrive.fr/image.ashx?id=2822147&use=l&cat=p&typeid=i","cat":325365},{"id":222843,"n":"Liquide vaisselle Uni vert Ecolo amande - 500ml","p":1.15,"u":"2,30 €/L","img":"https://fd9-photos.leclercdrive.fr/image.ashx?id=2999523&use=l&cat=p&typeid=i","cat":284655},{"id":222844,"n":"Gel douche Le Petit Marseillais Fleur de tiaré - 650ml","p":3.22,"u":"4,95 €/L","img":"https://fd9-photos.leclercdrive.fr/image.ashx?id=2656060&use=l&cat=p&typeid=i","cat":284594},{"id":222847,"n":"Capsules lave-vaisselle Finish Ultimate Citron - x55","p":12.1,"u":"17,04 €/KG","img":"https://fd9-photos.leclercdrive.fr/image.ashx?id=2749413&use=l&cat=p&typeid=i","cat":284656},{"id":222850,"n":"Capsules lave-vaisselle Finish Ultimate Plus Citron - x45","p":11.82,"u":"21,53 €/KG","img":"https://fd9-photos.leclercdrive.fr/image.ashx?id=2749416&use=l&cat=p&typeid=i","cat":284656},{"id":222851,"n":"Mesclun Notre Jardin 125g","p":1.51,"u":"12,08 €/KG","img":"https://fd9-photos.leclercdrive.fr/image.ashx?id=2663299&use=l&cat=p&typeid=i","cat":284353},{"id":222852,"n":"Radis roses Notre Jardin 250g","p":2.29,"u":"9,16 €/KG","img":"https://fd9-photos.leclercdrive.fr/image.ashx?id=2657993&use=l&cat=p&typeid=i","cat":284352},{"id":222853,"n":"Capsules lave-vaisselle Finish  Ultimate Plus - x45","p":11.88,"u":"21,64 €/KG","img":"https://fd9-photos.leclercdrive.fr/image.ashx?id=2749422&use=l&cat=p&typeid=i","cat":284656},{"id":222854,"n":"Lingette lavable Swiffer Wetj Wetjet - Microfibre - x1","p":8.65,"pp":5.19,"img":"https://fd9-photos.leclercdrive.fr/image.ashx?id=2656240&use=l&cat=p&typeid=i","cat":325364},{"id":222898,"n":"Dentifrice Sensodyne Anti-Tâches - 75ml","p":6.45,"u":"86,00 €/L","img":"https://fd9-photos.leclercdrive.fr/image.ashx?id=2997775&use=l&cat=p&typeid=i","cat":284612},{"id":222899,"n":"Dentifrice Sensodyne Email renforcé - 75ml","p":6.64,"u":"88,53 €/L","img":"https://fd9-photos.leclercdrive.fr/image.ashx?id=2997208&use=l&cat=p&typeid=i","cat":284612},{"id":222934,"n":"Rasoirs jetables Gillette Blue 3 - Smooth - x6","p":7.99,"u":"1,33 €/P","img":"https://fd9-photos.leclercdrive.fr/image.ashx?id=2760996&use=l&cat=p&typeid=i","cat":284616},{"id":222942,"n":"Les Palmiers snack Tokapi Fromage gouda edam - 75g","p":1.87,"u":"24,93 €/KG","img":"https://fd9-photos.leclercdrive.fr/image.ashx?id=2656396&use=l&cat=p&typeid=i","cat":297000},{"id":222958,"n":"Sérum bio So'Bio Etic Anti-âge global - Argan - 30ml","p":16.66,"u":"555,33 €/L","img":"https://fd9-photos.leclercdrive.fr/image.ashx?id=2977480&use=l&cat=p&typeid=i","cat":325345},{"id":222959,"n":"Soin jour bio So'Bio Etic Anti-tâches - Lys - 50ml","p":15.1,"u":"302,00 €/L","img":"https://fd9-photos.leclercdrive.fr/image.ashx?id=3000207&use=l&cat=p&typeid=i","cat":325345},{"id":222960,"n":"Soin nuit bio So'Bio Etic Peeling - Anti-tâche - Lys 50ml","p":19.86,"u":"397,20 €/L","img":"https://fd9-photos.leclercdrive.fr/image.ashx?id=2997019&use=l&cat=p&typeid=i","cat":325345},{"id":222961,"n":"Soin regard So'Bio Etic Lift Grenade bio - 15ml","p":14.36,"u":"957,33 €/L","img":"https://fd9-photos.leclercdrive.fr/image.ashx?id=2787113&use=l&cat=p&typeid=i","cat":325345},{"id":222995,"n":"Nouilles Banzai Noodle Curry cup - 67g","p":1.25,"u":"18,66 €/KG","img":"https://fd9-photos.leclercdrive.fr/image.ashx?id=2730007&use=l&cat=p&typeid=i","cat":288992},{"id":223023,"n":"Après-shampooing Herbal Essences - Aloe - 200ml","p":3.44,"u":"17,20 €/L","img":"https://fd9-photos.leclercdrive.fr/image.ashx?id=2759739&use=l&cat=p&typeid=i","cat":284607},{"id":223028,"n":"Shampooing Herbal Essences Coconut - 250ml","p":3.44,"u":"13,76 €/L","img":"https://fd9-photos.leclercdrive.fr/image.ashx?id=2677600&use=l&cat=p&typeid=i","cat":284606},{"id":223157,"n":"Vinaigre blanc 5L - 10°","p":3.57,"u":"0,71 €/L","img":"https://fd9-photos.leclercdrive.fr/image.ashx?id=2659792&use=l&cat=p&typeid=i","cat":298543},{"id":223174,"n":"Dentifrice Oral B Densité email Protection quotidienne - 2x75ml","p":9.15,"u":"61,00 €/L","img":"https://fd9-photos.leclercdrive.fr/image.ashx?id=2745370&use=l&cat=p&typeid=i","cat":284612},{"id":223175,"n":"Dentifrice Oral B Densité émail Blancheur - 2x75ml","p":9.44,"u":"62,93 €/L","img":"https://fd9-photos.leclercdrive.fr/image.ashx?id=2661838&use=l&cat=p&typeid=i","cat":284612},{"id":223365,"n":"Boisson aux fruits Jafun Multifruits - 4x20cl","p":1.44,"u":"1,80 €/L","img":"https://fd9-photos.leclercdrive.fr/image.ashx?id=2992570&use=l&cat=p&typeid=i","cat":295018},{"id":223392,"n":"Boisson aux fruits Jafun Fruits rouges - 4x20cl","p":1.44,"u":"1,80 €/L","img":"https://fd9-photos.leclercdrive.fr/image.ashx?id=2992573&use=l&cat=p&typeid=i","cat":295018},{"id":223394,"n":"Boisson aux fruits Jafun Tropical - 4x20cl","p":1.49,"u":"1,86 €/L","img":"https://fd9-photos.leclercdrive.fr/image.ashx?id=2992576&use=l&cat=p&typeid=i","cat":295018},{"id":223401,"n":"Bâtonnets Manger Main Bio Yooji Fraise banane avoine - 150g","p":4.2,"u":"28,00 €/KG","img":"https://fd9-photos.leclercdrive.fr/image.ashx?id=2662475&use=l&cat=p&typeid=i","cat":290631},{"id":223444,"n":"Shampoing 2en1 Fructis Force et brillance - 300ml","p":2.76,"u":"9,20 €/L","img":"https://fd9-photos.leclercdrive.fr/image.ashx?id=2669268&use=l&cat=p&typeid=i","cat":284606},{"id":223446,"n":"Shampoing démêlant Fructis Antipelliculaire - 300ml","p":3.68,"u":"12,27 €/L","img":"https://fd9-photos.leclercdrive.fr/image.ashx?id=2669277&use=l&cat=p&typeid=i","cat":284606},{"id":223452,"n":"Pur jus de pomme Jafaden 1.5L","p":2.99,"u":"1,99 €/L","img":"https://fd9-photos.leclercdrive.fr/image.ashx?id=2919667&use=l&cat=p&typeid=i","cat":284522},{"id":223495,"n":"Sorbet plein fruit pomme Vachement Normand ! 750ml","p":5.1,"u":"6,80 €/L","img":"https://fd9-photos.leclercdrive.fr/image.ashx?id=2664641&use=l&cat=p&typeid=i","cat":284263},{"id":223498,"n":"Ketchup Rustica 900g","p":1.79,"u":"1,99 €/KG","img":"https://fd9-photos.leclercdrive.fr/image.ashx?id=2954394&use=l&cat=p&typeid=i","cat":284455},{"id":223499,"n":"Ketchup Rustica 390g","p":1.09,"u":"2,79 €/KG","img":"https://fd9-photos.leclercdrive.fr/image.ashx?id=2954391&use=l&cat=p&typeid=i","cat":284455},{"id":223502,"n":"Crème glacée caramel beurre salé Vachement Normand ! 750ml","p":5.15,"u":"6,87 €/L","img":"https://fd9-photos.leclercdrive.fr/image.ashx?id=2664635&use=l&cat=p&typeid=i","cat":284263},{"id":223504,"n":"Crème glacée au chocolat Vachement Normand ! 750ml","p":4.95,"u":"6,60 €/L","img":"https://fd9-photos.leclercdrive.fr/image.ashx?id=2664638&use=l&cat=p&typeid=i","cat":284263},{"id":223521,"n":"Biscuit bio  Nocciolata bianca Fourré pâte à tartiner - 250g","p":3.32,"u":"13,28 €/KG","img":"https://fd9-photos.leclercdrive.fr/image.ashx?id=2664554&use=l&cat=p&typeid=i","cat":284487},{"id":223527,"n":"Anti-moustiques Marie Rose Zones tropicales - 100ml","p":6.69,"u":"66,90 €/L","img":"https://fd9-photos.leclercdrive.fr/image.ashx?id=2684455&use=l&cat=p&typeid=i","cat":299654},{"id":223528,"n":"Culotte menstruelle Feel Natural - Noir - Taille XS","p":13.08,"pp":7.85,"img":"https://fd9-photos.leclercdrive.fr/image.ashx?id=2795216&use=l&cat=p&typeid=i","cat":284624},{"id":223532,"n":"Culotte menstruelle Feel Natural - Noir - Taille M","p":13.08,"pp":7.85,"img":"https://fd9-photos.leclercdrive.fr/image.ashx?id=2795222&use=l&cat=p&typeid=i","cat":284624},{"id":223533,"n":"Culotte menstruelle Feel Natural - Noir - Taille XL","p":13.08,"pp":7.85,"img":"https://fd9-photos.leclercdrive.fr/image.ashx?id=2830642&use=l&cat=p&typeid=i","cat":284624},{"id":223534,"n":"Culotte menstruelle Feel Natural - Noir - Taille XXL","p":13.08,"pp":7.85,"img":"https://fd9-photos.leclercdrive.fr/image.ashx?id=2664503&use=l&cat=p&typeid=i","cat":284624},{"id":223537,"n":"Bloc Energy 5 WC Net Actions - Brise aquatique - 38g","p":2.01,"u":"52,89 €/KG","img":"https://fd9-photos.leclercdrive.fr/image.ashx?id=2664449&use=l&cat=p&typeid=i","cat":284662},{"id":223540,"n":"Bloc Energy 5 actions WC Net Lavande et patchouli - 38g","p":2.42,"u":"63,68 €/KG","img":"https://fd9-photos.leclercdrive.fr/image.ashx?id=2664458&use=l&cat=p&typeid=i","cat":284662},{"id":223556,"n":"Serviettes fuites urinaires Always Discreet - Long x8","p":4.16,"u":"0,52 €/P","img":"https://fd9-photos.leclercdrive.fr/image.ashx?id=2681296&use=l&cat=p&typeid=i","cat":284628},{"id":223562,"n":"Culottes fuites urinaires Always Discreet - Taille L x8","p":9.8,"u":"1,23 €/P","img":"https://fd9-photos.leclercdrive.fr/image.ashx?id=2685429&use=l&cat=p&typeid=i","cat":284628},{"id":223563,"n":"Culottes fuites urinaires Always Discreet Noir - L x8","p":10.45,"u":"1,31 €/P","img":"https://fd9-photos.leclercdrive.fr/image.ashx?id=2685432&use=l&cat=p&typeid=i","cat":284628},{"id":223569,"n":"Culottes fuites urinaires Always Discreet - L x8","p":10.45,"u":"1,31 €/P","img":"https://fd9-photos.leclercdrive.fr/image.ashx?id=2685435&use=l&cat=p&typeid=i","cat":284628},{"id":223572,"n":"Serviettes fuites urinaires Always Discreet - Normal x24","p":8.23,"u":"0,34 €/P","img":"https://fd9-photos.leclercdrive.fr/image.ashx?id=2680467&use=l&cat=p&typeid=i","cat":284628},{"id":223574,"n":"Serviettes fuites urinaires Always Discreet - Nuit - x12","p":8.31,"u":"0,69 €/P","img":"https://fd9-photos.leclercdrive.fr/image.ashx?id=2685459&use=l&cat=p&typeid=i","cat":284628},{"id":223575,"n":"Serviettes fuites urinaires Always Discreet - x12","p":8.17,"u":"0,68 €/P","img":"https://fd9-photos.leclercdrive.fr/image.ashx?id=2845650&use=l&cat=p&typeid=i","cat":284628},{"id":223578,"n":"Serviettes fuites urinaires Always Discreet - Long - x26","p":9.25,"u":"0,36 €/P","img":"https://fd9-photos.leclercdrive.fr/image.ashx?id=2685465&use=l&cat=p&typeid=i","cat":284628},{"id":223579,"n":"Serviettes fuites urinaires Always Discreet - Long+ - x8","p":3.78,"u":"0,47 €/P","img":"https://fd9-photos.leclercdrive.fr/image.ashx?id=3005386&use=l&cat=p&typeid=i","cat":284628},{"id":223581,"n":"Serviettes fuites urinaires Always Discreet - Long+ - x16","p":8.22,"u":"0,51 €/P","img":"https://fd9-photos.leclercdrive.fr/image.ashx?id=2685471&use=l&cat=p&typeid=i","cat":284628},{"id":223583,"n":"Serviettes fuites urinaires Always Discreet - Normal - x12","p":3.56,"u":"0,30 €/P","img":"https://fd9-photos.leclercdrive.fr/image.ashx?id=2665517&use=l&cat=p&typeid=i","cat":284628},{"id":223586,"n":"Serviettes fuites urinaires Always Discreet - Taille S x20","p":4.15,"u":"0,21 €/P","img":"https://fd9-photos.leclercdrive.fr/image.ashx?id=3009221&use=l&cat=p&typeid=i","cat":284628},{"id":223588,"n":"Serviettes fuites urinaires Always Discreet - Nuit - x16","p":9.34,"u":"0,58 €/P","img":"https://fd9-photos.leclercdrive.fr/image.ashx?id=2680479&use=l&cat=p&typeid=i","cat":284628},{"id":223589,"n":"Serviettes fuites urinaires Always Discreet - x8","p":5.74,"u":"0,72 €/P","img":"https://fd9-photos.leclercdrive.fr/image.ashx?id=2953995&use=l&cat=p&typeid=i","cat":284628},{"id":223603,"n":"Fil dentaire Dentamyl Cire menthe - 80m","p":2.72,"u":"0,03 €/MT","img":"https://fd9-photos.leclercdrive.fr/image.ashx?id=2672888&use=l&cat=p&typeid=i","cat":285159},{"id":223604,"n":"Shampoing fortifiant Fructis Antipelliculaire - 300ml","p":2.76,"u":"9,20 €/L","img":"https://fd9-photos.leclercdrive.fr/image.ashx?id=2667862&use=l&cat=p&typeid=i","cat":284606},{"id":223608,"n":"Crème Douche Tolérance Cadum Sans Sulfate - 400ml","p":2.78,"u":"6,95 €/L","img":"https://fd9-photos.leclercdrive.fr/image.ashx?id=2696007&use=l&cat=p&typeid=i","cat":284594},{"id":223633,"n":"Brossettes Oral-B Pro  Cross Action 4x2","p":51.16,"u":"6,40 €/P","img":"https://fd9-photos.leclercdrive.fr/image.ashx?id=2664848&use=l&cat=p&typeid=i","cat":297133},{"id":223635,"n":"Brossettes Oral-B Pro Sensitive - 4x2","p":49.36,"u":"6,17 €/P","img":"https://fd9-photos.leclercdrive.fr/image.ashx?id=2670122&use=l&cat=p&typeid=i","cat":297133},{"id":223648,"n":"Rasoir Gillette Skinguard + 1 recharge - Aloe vera - x1","p":10.59,"img":"https://fd9-photos.leclercdrive.fr/image.ashx?id=2665499&use=l&cat=p&typeid=i","cat":284616},{"id":223649,"n":"Shampooing Head & shoulder 2-en-1 - Classic - 300ml","p":4.62,"u":"15,40 €/L","img":"https://fd9-photos.leclercdrive.fr/image.ashx?id=2863003&use=l&cat=p&typeid=i","cat":284606},{"id":223688,"n":"tasse Barbie tasse Barbie 34g","p":5.3,"u":"155,88 €/KG","img":"https://fd9-photos.leclercdrive.fr/image.ashx?id=2677537&use=l&cat=p&typeid=i","cat":327789},{"id":223764,"n":"licorne ROHAN moulage décoré","p":5.26,"u":"22,38 €/KG","img":"https://fd9-photos.leclercdrive.fr/image.ashx?id=2666039&use=l&cat=p&typeid=i","cat":327592},{"id":223844,"n":"Shampooing Head & shoulders 1in1 - Lisse & soyeux - 330ml","p":5.83,"u":"17,67 €/L","img":"https://fd9-photos.leclercdrive.fr/image.ashx?id=2737843&use=l&cat=p&typeid=i","cat":284606},{"id":223851,"n":"Déodorant Spray Homme 48h Narta Fraîcheur Classique - 200mL","p":2.36,"u":"11,80 €/L","img":"https://fd9-photos.leclercdrive.fr/image.ashx?id=2675511&use=l&cat=p&typeid=i","cat":284618},{"id":223853,"n":"Déodorant Spray Femme Narta Fraîcheur Cologne 48h - 200ml","p":2.37,"u":"11,85 €/L","img":"https://fd9-photos.leclercdrive.fr/image.ashx?id=2678592&use=l&cat=p&typeid=i","cat":284595},{"id":223857,"n":"Déodorant Spray Femme Narta 48h Sans Alcool - 200ML","p":2.35,"u":"11,75 €/L","img":"https://fd9-photos.leclercdrive.fr/image.ashx?id=2680242&use=l&cat=p&typeid=i","cat":284595},{"id":223859,"n":"Brosse à dent électrique Oral-B Vitality pro - Vapor bleue x1","p":36.11,"img":"https://fd9-photos.leclercdrive.fr/image.ashx?id=2666261&use=l&cat=p&typeid=i","cat":297133},{"id":223860,"n":"Brosse à dent électrique Oral-B Pro 1 - Junior - Verte - x1","p":49.99,"img":"https://fd9-photos.leclercdrive.fr/image.ashx?id=2666336&use=l&cat=p&typeid=i","cat":297133},{"id":223884,"n":"Brossettes Dentamyl Perfect angle - x2","p":6.99,"u":"3,50 €/P","img":"https://fd9-photos.leclercdrive.fr/image.ashx?id=2824298&use=l&cat=p&typeid=i","cat":297133},{"id":223893,"n":"Lingettes de nettoyage Swiffer Wet Jet - x12","p":7.19,"pp":4.31,"u":"0,36 €/P","img":"https://fd9-photos.leclercdrive.fr/image.ashx?id=2948525&use=l&cat=p&typeid=i","cat":325364},{"id":223904,"n":"Couches Pampers Harmonie Géant - T3 - 6-10kg - x42","p":16.35,"u":"0,39 €/P","img":"https://fd9-photos.leclercdrive.fr/image.ashx?id=2685447&use=l&cat=p&typeid=i","cat":284737},{"id":223909,"n":"Couches Pampers Harmonie Maxi T3 - 6-10kg - x87","p":33.5,"u":"0,39 €/P","img":"https://fd9-photos.leclercdrive.fr/image.ashx?id=2685453&use=l&cat=p&typeid=i","cat":284737},{"id":223925,"n":"Riz Long grain Ben's original Vrac 10mn - 1kg","p":2.97,"u":"2,97 €/KG","img":"https://fd9-photos.leclercdrive.fr/image.ashx?id=2990961&use=l&cat=p&typeid=i","cat":284428},{"id":223940,"n":"Street pizza Grando's Parmigiana - 190g","p":2.5,"u":"13,16 €/KG","img":"https://fd9-photos.leclercdrive.fr/image.ashx?id=2760160&use=l&cat=p&typeid=i","cat":284256},{"id":223966,"n":"Ampoule LED Foxter Standard - E27 60W - Froid - x1","p":4.99,"u":"Dont 0,29 € d'éco-part.","img":"https://fd9-photos.leclercdrive.fr/image.ashx?id=2670494&use=l&cat=p&typeid=i","cat":300573},{"id":223968,"n":"Ampoule LED Foxter Standard - E27 60W - Chaud x1","p":4.99,"u":"Dont 0,29 € d'éco-part.","img":"https://fd9-photos.leclercdrive.fr/image.ashx?id=2670497&use=l&cat=p&typeid=i","cat":300573},{"id":223975,"n":"Ampoule LED Foxter Standard - B22 60W - Chaud - x1","p":4.99,"u":"Dont 0,29 € d'éco-part.","img":"https://fd9-photos.leclercdrive.fr/image.ashx?id=2670482&use=l&cat=p&typeid=i","cat":300573},{"id":223976,"n":"Ampoule LED Foxter Flamme - E14 40W - Chaud  x1","p":4.49,"u":"Dont 0,29 € d'éco-part.","img":"https://fd9-photos.leclercdrive.fr/image.ashx?id=2670485&use=l&cat=p&typeid=i","cat":300573},{"id":223977,"n":"Ampoule LED Foxter Flamme - E14 40W - Froid x1","p":4.49,"u":"Dont 0,29 € d'éco-part.","img":"https://fd9-photos.leclercdrive.fr/image.ashx?id=2670488&use=l&cat=p&typeid=i","cat":300573},{"id":223980,"n":"Ampoules Eco+ Standard - E27 60W - Chaud x3","p":3.19,"u":"Dont 1,15 € d'éco-part.","img":"https://fd9-photos.leclercdrive.fr/image.ashx?id=2670479&use=l&cat=p&typeid=i","cat":300573},{"id":224140,"n":"Bun's jambon ketchup McCain 460g","p":3.5,"u":"7,61 €/KG","img":"https://fd9-photos.leclercdrive.fr/image.ashx?id=2741180&use=l&cat=p&typeid=i","cat":319822},{"id":224141,"n":"Bun's bolognaise McCain 460g","p":3.65,"u":"7,93 €/KG","img":"https://fd9-photos.leclercdrive.fr/image.ashx?id=2750675&use=l&cat=p&typeid=i","cat":319822},{"id":224143,"n":"Bun's Burger McCain 460g","p":3.85,"u":"8,37 €/KG","img":"https://fd9-photos.leclercdrive.fr/image.ashx?id=2741183&use=l&cat=p&typeid=i","cat":319822},{"id":224265,"n":"Monster Energy Juice Bad apple 50cl","p":1.57,"u":"3,14 €/L","img":"https://fd9-photos.leclercdrive.fr/image.ashx?id=2759044&use=l&cat=p&typeid=i","cat":284533},{"id":224352,"n":"Rouge à lèvres L'Oréal Paris Color Riche 302 Bois de rose","p":11.8,"img":"https://fd9-photos.leclercdrive.fr/image.ashx?id=3014431&use=l&cat=p&typeid=i","cat":287029},{"id":224354,"n":"Répulsif Anti-moustiques  Marie Rose - Végétale 100ml","p":7.11,"u":"71,10 €/L","img":"https://fd9-photos.leclercdrive.fr/image.ashx?id=2670713&use=l&cat=p&typeid=i","cat":299654},{"id":224359,"n":"Crème Visage Homme Nivea Men Anti-taches Power 2en1 - 50ml","p":13.4,"pp":8.84,"u":"176,80 €/L","img":"https://fd9-photos.leclercdrive.fr/image.ashx?id=3014617&use=l&cat=p&typeid=i","cat":284622},{"id":224360,"n":"Sérum Visage Homme Nivea Men Anti-taches Power 2en1 - 30ml","p":14.62,"pp":9.65,"u":"321,67 €/L","img":"https://fd9-photos.leclercdrive.fr/image.ashx?id=2944915&use=l&cat=p&typeid=i","cat":284622},{"id":224361,"n":"Lait Corps Anti-taches  Nivea Anti-vergeture Luminous - 200ml","p":13.29,"u":"66,45 €/L","img":"https://fd9-photos.leclercdrive.fr/image.ashx?id=2689049&use=l&cat=p&typeid=i","cat":325349},{"id":224362,"n":"Huile Corps Anti-taches  Nivea Anti-vergeture Luminous - 100ml","p":10.83,"u":"108,30 €/L","img":"https://fd9-photos.leclercdrive.fr/image.ashx?id=2689052&use=l&cat=p&typeid=i","cat":325349},{"id":224363,"n":"Piles alcalines Eco+ LR03 - x4","p":0.7,"u":"0,18 €/P","img":"https://fd9-photos.leclercdrive.fr/image.ashx?id=2714829&use=l&cat=p&typeid=i","cat":300572},{"id":224434,"n":"Yaourt à la grecque Délisse Vanille - 4x150g","p":2.39,"u":"3,98 €/KG","img":"https://fd9-photos.leclercdrive.fr/image.ashx?id=2885143&use=l&cat=p&typeid=i","cat":314999},{"id":224670,"n":"Eau minérale naturelle Hépar 6x75cl","p":3.88,"u":"0,86 €/L","img":"https://fd9-photos.leclercdrive.fr/image.ashx?id=2673361&use=l&cat=p&typeid=i","cat":284535},{"id":224706,"n":"Gnocchi star à poêler Lustucru  300g","p":1.82,"u":"6,07 €/KG","img":"https://fd9-photos.leclercdrive.fr/image.ashx?id=2921630&use=l&cat=p&typeid=i","cat":333682},{"id":224783,"n":"Liqueur Rivière du Mat L'Onctueux - 70cl","p":14.0,"u":"20,00 €/L","img":"https://fd9-photos.leclercdrive.fr/image.ashx?id=2693539&use=l&cat=p&typeid=i","cat":286032},{"id":224787,"n":"Liqueur Rivière du Mat Vanille Bourbon 17° - 70cl","p":13.45,"u":"19,21 €/L","img":"https://fd9-photos.leclercdrive.fr/image.ashx?id=2740001&use=l&cat=p&typeid=i","cat":286032},{"id":224805,"n":"Biscuits Kinder Kinderini Nature et cacao - 250g","p":2.9,"u":"11,60 €/KG","img":"https://fd9-photos.leclercdrive.fr/image.ashx?id=2708372&use=l&cat=p&typeid=i","cat":284488},{"id":224810,"n":"Riz Tomate Ben's original  Express 2mn - 220g","p":1.3,"u":"5,91 €/KG","img":"https://fd9-photos.leclercdrive.fr/image.ashx?id=2995295&use=l&cat=p&typeid=i","cat":287600},{"id":224818,"n":"Riz Basmati Ben's original  Express 2mn - 220g","p":1.28,"u":"5,82 €/KG","img":"https://fd9-photos.leclercdrive.fr/image.ashx?id=2995292&use=l&cat=p&typeid=i","cat":287600},{"id":224882,"n":"Riz Long grain Ben's original  Sachet cuisson 10mn - 1kg","p":3.19,"u":"3,19 €/KG","img":"https://fd9-photos.leclercdrive.fr/image.ashx?id=2957272&use=l&cat=p&typeid=i","cat":284428},{"id":224926,"n":"Ketchup Bio Village Bio - 330g","p":1.09,"u":"3,30 €/KG","img":"https://fd9-photos.leclercdrive.fr/image.ashx?id=2958374&use=l&cat=p&typeid=i","cat":284455},{"id":224927,"n":"Boulette oignons bio Cereal Bio  Veggie - 175g","p":2.76,"u":"15,77 €/KG","img":"https://fd9-photos.leclercdrive.fr/image.ashx?id=2675097&use=l&cat=p&typeid=i","cat":284953},{"id":224930,"n":"Lait d'avoine Bjorg Bio Vanille - 1L","p":2.71,"u":"2,71 €/L","img":"https://fd9-photos.leclercdrive.fr/image.ashx?id=2906253&use=l&cat=p&typeid=i","cat":316067},{"id":224932,"n":"Boisson végétale Bjorg Bio noisettes sans sucres - 1L","p":3.35,"u":"3,35 €/L","img":"https://fd9-photos.leclercdrive.fr/image.ashx?id=2939466&use=l&cat=p&typeid=i","cat":316067},{"id":224939,"n":"Liqueur au rhum Valoie & Cie FRamboise - 70cl","p":18.8,"u":"26,86 €/L","img":"https://fd9-photos.leclercdrive.fr/image.ashx?id=2954806&use=l&cat=p&typeid=i","cat":284550},{"id":224970,"n":"Camembert Eco+ 240g","p":1.34,"u":"5,58 €/KG","img":"https://fd9-photos.leclercdrive.fr/image.ashx?id=2675036&use=l&cat=p&typeid=i","cat":314033},{"id":224976,"n":"Shampooing Kératine Ogx Du brésil Cheveux frisés 385ml","p":6.75,"u":"17,53 €/L","img":"https://fd9-photos.leclercdrive.fr/image.ashx?id=2805075&use=l&cat=p&typeid=i","cat":284606},{"id":224980,"n":"Après-shamppoing Kératine OGX Du Brésil Cheveux frisés 385ml","p":7.51,"u":"19,51 €/L","img":"https://fd9-photos.leclercdrive.fr/image.ashx?id=2805078&use=l&cat=p&typeid=i","cat":284607},{"id":224983,"n":"Dentifrice Sensodyne Soin blancheur - 2x75ml","p":5.77,"u":"38,47 €/L","img":"https://fd9-photos.leclercdrive.fr/image.ashx?id=2921085&use=l&cat=p&typeid=i","cat":284612},{"id":225013,"n":"Sac poubelle haute Alfapac Lien élastique x10 - 50L","p":3.83,"u":"0,38 €/P","img":"https://fd9-photos.leclercdrive.fr/image.ashx?id=2681790&use=l&cat=p&typeid=i","cat":285168},{"id":225014,"n":"Sac poubelle haute Alfapac Lien élastique x15 - 30L","p":3.89,"u":"0,26 €/P","img":"https://fd9-photos.leclercdrive.fr/image.ashx?id=2681787&use=l&cat=p&typeid=i","cat":285168},{"id":225016,"n":"Sac poubelle coulissant Alfapac Stop odeurs x10 - 50L","p":3.11,"u":"0,31 €/P","img":"https://fd9-photos.leclercdrive.fr/image.ashx?id=2681784&use=l&cat=p&typeid=i","cat":285168},{"id":225018,"n":"Sac poubelle coulissant Alfapac Stop odeurs x15 - 30L","p":3.07,"u":"0,20 €/P","img":"https://fd9-photos.leclercdrive.fr/image.ashx?id=2681781&use=l&cat=p&typeid=i","cat":285168},{"id":225038,"n":"Brosse à dent électrique Oral-B Pro - Series 1 - Noir x1","p":38.49,"img":"https://fd9-photos.leclercdrive.fr/image.ashx?id=2837595&use=l&cat=p&typeid=i","cat":297133},{"id":225046,"n":"Huile à barbe homme King C. Gillette - 30ml","p":8.5,"pp":5.1,"u":"170,00 €/L","img":"https://fd9-photos.leclercdrive.fr/image.ashx?id=2746358&use=l&cat=p&typeid=i","cat":284622},{"id":225053,"n":"Lames Gillette Fusion Proglide x12","p":51.78,"u":"4,32 €/P","img":"https://fd9-photos.leclercdrive.fr/image.ashx?id=2676231&use=l&cat=p&typeid=i","cat":284616},{"id":225126,"n":"Tondeuse à barbe Gillette King C  - x2","p":31.45,"img":"https://fd9-photos.leclercdrive.fr/image.ashx?id=2711026&use=l&cat=p&typeid=i","cat":284616},{"id":225141,"n":"Shampooing Head & Shoulders Pure intense - 3x250ml","p":14.52,"u":"19,36 €/L","img":"https://fd9-photos.leclercdrive.fr/image.ashx?id=2678239&use=l&cat=p&typeid=i","cat":284606},{"id":225164,"n":"Bib Vin d'Espagne rosé 5L - La Table d'Oscar","p":10.6,"u":"2,12 €/L","img":"https://fd9-photos.leclercdrive.fr/image.ashx?id=2676774&use=l&cat=p&typeid=i","cat":289560},{"id":225210,"n":"Infusion Yogi Bio Gingembre Citron  X15 - 30g","p":2.42,"u":"80,67 €/KG","img":"https://fd9-photos.leclercdrive.fr/image.ashx?id=2677498&use=l&cat=p&typeid=i","cat":293234},{"id":225213,"n":"Thé Matcha Energie Yogi Bio x15 - 27g","p":2.4,"u":"88,89 €/KG","img":"https://fd9-photos.leclercdrive.fr/image.ashx?id=2677495&use=l&cat=p&typeid=i","cat":293234},{"id":225214,"n":"Infusion Yogi bio  Gingembre orange - x15 - 27g","p":2.7,"u":"100,00 €/KG","img":"https://fd9-photos.leclercdrive.fr/image.ashx?id=2677492&use=l&cat=p&typeid=i","cat":293234},{"id":225215,"n":"Infusion Yogi detox Bio énergie - x15 - 27g","p":2.44,"u":"90,37 €/KG","img":"https://fd9-photos.leclercdrive.fr/image.ashx?id=2677489&use=l&cat=p&typeid=i","cat":293234},{"id":225217,"n":"Infusion Nuit Calme Yogi Bio x15 - 27g","p":2.42,"u":"89,63 €/KG","img":"https://fd9-photos.leclercdrive.fr/image.ashx?id=2677486&use=l&cat=p&typeid=i","cat":293234},{"id":225218,"n":"Thé Chaï aux Epices Yogi Bio  x15 - 27g","p":2.6,"u":"86,67 €/KG","img":"https://fd9-photos.leclercdrive.fr/image.ashx?id=2677483&use=l&cat=p&typeid=i","cat":293234},{"id":225219,"n":"Vitamine C Vitavea A croquer - 500g","p":3.45,"img":"https://fd9-photos.leclercdrive.fr/image.ashx?id=2677369&use=l&cat=p&typeid=i","cat":313217},{"id":225224,"n":"Pruneau Vitavea Tamarin guimauve","p":5.98,"u":"0,30 €/P","img":"https://fd9-photos.leclercdrive.fr/image.ashx?id=2677378&use=l&cat=p&typeid=i","cat":313217},{"id":225247,"n":"Pain nature Gerblé   Sans Gluten  - 200g","p":2.44,"u":"12,20 €/KG","img":"https://fd9-photos.leclercdrive.fr/image.ashx?id=2677303&use=l&cat=p&typeid=i","cat":318654},{"id":225248,"n":"Tartine céréales Gerblé  Matin - 125g","p":1.66,"u":"13,28 €/KG","img":"https://fd9-photos.leclercdrive.fr/image.ashx?id=2688866&use=l&cat=p&typeid=i","cat":318651},{"id":225316,"n":"Biscuit petit déj Gerblé Chocolat - 200g","p":2.03,"u":"10,15 €/KG","img":"https://fd9-photos.leclercdrive.fr/image.ashx?id=2679014&use=l&cat=p&typeid=i","cat":318651},{"id":225320,"n":"Complément alimentaire Vitavea Expert cheveux","p":7.0,"u":"0,23 €/P","img":"https://fd9-photos.leclercdrive.fr/image.ashx?id=2679113&use=l&cat=p&typeid=i","cat":313217},{"id":225329,"n":"Complément alimentaire Vitavea Cranberry","p":6.35,"u":"0,21 €/P","img":"https://fd9-photos.leclercdrive.fr/image.ashx?id=2679122&use=l&cat=p&typeid=i","cat":313217},{"id":225332,"n":"Complément alimentaire Vitavea Gummies sommeil","p":9.35,"u":"0,31 €/P","img":"https://fd9-photos.leclercdrive.fr/image.ashx?id=2744899&use=l&cat=p&typeid=i","cat":313217},{"id":225343,"n":"Rasoir Gillette Fusion + 4 lames","p":24.88,"u":"4,98 €/P","img":"https://fd9-photos.leclercdrive.fr/image.ashx?id=2687980&use=l&cat=p&typeid=i","cat":284616},{"id":225344,"n":"Lames Gillette Mach3 x16","p":38.7,"u":"2,42 €/P","img":"https://fd9-photos.leclercdrive.fr/image.ashx?id=2679684&use=l&cat=p&typeid=i","cat":284616},{"id":225345,"n":"Lames Gillette Mach3 x18","p":48.88,"u":"2,72 €/P","img":"https://fd9-photos.leclercdrive.fr/image.ashx?id=2694329&use=l&cat=p&typeid=i","cat":284616},{"id":225346,"n":"Lames Venus Comfortglide x12","p":38.52,"u":"3,21 €/P","img":"https://fd9-photos.leclercdrive.fr/image.ashx?id=2679687&use=l&cat=p&typeid=i","cat":325352},{"id":225445,"n":"Les tranches Fleury Michon Pois chiches x4 - 120g","p":2.1,"u":"17,50 €/KG","img":"https://fd9-photos.leclercdrive.fr/image.ashx?id=2902007&use=l&cat=p&typeid=i","cat":316036},{"id":225447,"n":"Les tranches Fleury Michon Haricots blancs x4 - 120g","p":2.15,"u":"17,92 €/KG","img":"https://fd9-photos.leclercdrive.fr/image.ashx?id=2902010&use=l&cat=p&typeid=i","cat":316036},{"id":225462,"n":"Déodorant Bille Femme Narta Anti-Transpirant 48h - 50ml","p":2.32,"u":"46,40 €/L","img":"https://fd9-photos.leclercdrive.fr/image.ashx?id=2681862&use=l&cat=p&typeid=i","cat":284595},{"id":225463,"n":"Déodorant Bille Homme 48h Narta Fraîcheur Polaire - 50ml","p":2.37,"u":"47,40 €/L","img":"https://fd9-photos.leclercdrive.fr/image.ashx?id=2681865&use=l&cat=p&typeid=i","cat":284618},{"id":225464,"n":"Déodorant Bille bio Femme Narta Sans Alcool - 50ml","p":2.32,"u":"46,40 €/L","img":"https://fd9-photos.leclercdrive.fr/image.ashx?id=2681868&use=l&cat=p&typeid=i","cat":284595},{"id":225465,"n":"Déodorant Bille Femme Narta Anti-Traces 48h - 50ml","p":2.4,"u":"48,00 €/L","img":"https://fd9-photos.leclercdrive.fr/image.ashx?id=2681871&use=l&cat=p&typeid=i","cat":284595},{"id":225466,"n":"Déodorant Bille Femme Narta Anti-Traces Sans alcool - 50ml","p":2.32,"u":"46,40 €/L","img":"https://fd9-photos.leclercdrive.fr/image.ashx?id=2681874&use=l&cat=p&typeid=i","cat":284595},{"id":225467,"n":"Déodorant Bille Homme 48h Narta Invisible Sans Alcool - 50ml","p":4.36,"u":"87,20 €/L","img":"https://fd9-photos.leclercdrive.fr/image.ashx?id=2681877&use=l&cat=p&typeid=i","cat":284618},{"id":225468,"n":"Déodorant Bille Homme 48h Narta Anti-Traces Blanches - 50ml","p":2.39,"u":"47,80 €/L","img":"https://fd9-photos.leclercdrive.fr/image.ashx?id=2681886&use=l&cat=p&typeid=i","cat":284618},{"id":225608,"n":"Triangolo Fromage enfants vache Les Croisés 8 portions - 140g","p":1.19,"u":"8,50 €/KG","img":"https://fd9-photos.leclercdrive.fr/image.ashx?id=2791917&use=l&cat=p&typeid=i","cat":314030},{"id":225615,"n":"Chips NRT Sel du Morbihan - 125g","p":1.79,"u":"14,32 €/KG","img":"https://fd9-photos.leclercdrive.fr/image.ashx?id=2771432&use=l&cat=p&typeid=i","cat":284447},{"id":225616,"n":"Chips NRT Piment d'espelette - 125g","p":1.99,"u":"15,92 €/KG","img":"https://fd9-photos.leclercdrive.fr/image.ashx?id=2771435&use=l&cat=p&typeid=i","cat":284447},{"id":225617,"n":"Désinfectant Sanytol Pamplemousse Multi-usage 500ml","p":2.82,"u":"5,64 €/L","img":"https://fd9-photos.leclercdrive.fr/image.ashx?id=2682144&use=l&cat=p&typeid=i","cat":325357},{"id":225618,"n":"Chips NRT Herbes de provence - 125g","p":1.99,"u":"15,92 €/KG","img":"https://fd9-photos.leclercdrive.fr/image.ashx?id=2771438&use=l&cat=p&typeid=i","cat":284447},{"id":225622,"n":"Lingettes optiques - Nettoyant lunettes x52","p":1.33,"u":"0,03 €/P","img":"https://fd9-photos.leclercdrive.fr/image.ashx?id=2681536&use=l&cat=p&typeid=i","cat":288862},{"id":225623,"n":"Lingettes optiques - Nettoyant  lunettes x30","p":1.29,"u":"0,04 €/P","img":"https://fd9-photos.leclercdrive.fr/image.ashx?id=2681539&use=l&cat=p&typeid=i","cat":288862},{"id":225639,"n":"Couches Pampers Baby Dry T8 - x36","p":19.99,"u":"0,56 €/P","img":"https://fd9-photos.leclercdrive.fr/image.ashx?id=2684329&use=l&cat=p&typeid=i","cat":284737},{"id":225655,"n":"Huile d'olive Terra Delyssa Vierge extra - 75cl","p":8.59,"u":"11,45 €/L","img":"https://fd9-photos.leclercdrive.fr/image.ashx?id=2686153&use=l&cat=p&typeid=i","cat":284453},{"id":225662,"n":"Purée lisse petits pois Yooji Bio - 4 mois - 400g","p":3.75,"u":"9,38 €/KG","img":"https://fd9-photos.leclercdrive.fr/image.ashx?id=2683187&use=l&cat=p&typeid=i","cat":319805},{"id":225666,"n":"Brochettes boeuf fromage Tables du Monde x6 - 226g","p":5.99,"u":"26,50 €/KG","img":"https://fd9-photos.leclercdrive.fr/image.ashx?id=2682021&use=l&cat=p&typeid=i","cat":319774},{"id":225703,"n":"Aérosol répulsif Raid Moustiques - 300ml","p":3.12,"u":"10,40 €/L","img":"https://fd9-photos.leclercdrive.fr/image.ashx?id=2736385&use=l&cat=p&typeid=i","cat":298368},{"id":225706,"n":"Aérosol répulsif Raid Fourmis et cafards - 300ml","p":2.99,"u":"9,97 €/L","img":"https://fd9-photos.leclercdrive.fr/image.ashx?id=2736382&use=l&cat=p&typeid=i","cat":298368},{"id":225709,"n":"Piège lumineux Raid Essentials Diffuseur - Insectes - x1","p":12.81,"img":"https://fd9-photos.leclercdrive.fr/image.ashx?id=2911549&use=l&cat=p&typeid=i","cat":298368},{"id":225710,"n":"Piège lumineux Raid Essentials Recharge - Insectes volants x2","p":7.66,"u":"3,83 €/P","img":"https://fd9-photos.leclercdrive.fr/image.ashx?id=2798218&use=l&cat=p&typeid=i","cat":298368},{"id":225712,"n":"Infusion Yogi Bio Défenses immunitaires x15 - 30g","p":2.49,"u":"83,00 €/KG","img":"https://fd9-photos.leclercdrive.fr/image.ashx?id=2683196&use=l&cat=p&typeid=i","cat":293234},{"id":225717,"n":"Infusion Yogi Bio Curcuma gingembre - x15 - 30g","p":2.54,"u":"84,67 €/KG","img":"https://fd9-photos.leclercdrive.fr/image.ashx?id=2683202&use=l&cat=p&typeid=i","cat":293234},{"id":225732,"n":"Bonbons Haribo méga fête Assortiment mini sachets - 880g","p":8.82,"u":"10,02 €/KG","img":"https://fd9-photos.leclercdrive.fr/image.ashx?id=2984961&use=l&cat=p&typeid=i","cat":304250},{"id":225743,"n":"Coloration Permanente Garnier Color Sensation 1.0 Noir","p":4.26,"img":"https://fd9-photos.leclercdrive.fr/image.ashx?id=2684254&use=l&cat=p&typeid=i","cat":288899},{"id":225744,"n":"Coloration Permanente Garnier 2.10 Noir Bleuté","p":4.3,"img":"https://fd9-photos.leclercdrive.fr/image.ashx?id=2684242&use=l&cat=p&typeid=i","cat":288899},{"id":225746,"n":"Coloration Permanente Garnier 5.0 Châtain Clair","p":4.46,"img":"https://fd9-photos.leclercdrive.fr/image.ashx?id=2684257&use=l&cat=p&typeid=i","cat":288899},{"id":225749,"n":"Masque Lissant Ultra Doux Eau de Riz - 340ml","p":5.0,"u":"14,71 €/L","img":"https://fd9-photos.leclercdrive.fr/image.ashx?id=2684233&use=l&cat=p&typeid=i","cat":284608},{"id":225751,"n":"Shampoing Lissant Ultra Doux Cheveux longs - 250ml","p":2.39,"u":"9,56 €/L","img":"https://fd9-photos.leclercdrive.fr/image.ashx?id=2684236&use=l&cat=p&typeid=i","cat":284606},{"id":225752,"n":"Après-shampooing Garnier Ultra Doux - Eau de riz - 200ml","p":2.81,"u":"14,05 €/L","img":"https://fd9-photos.leclercdrive.fr/image.ashx?id=2684239&use=l&cat=p&typeid=i","cat":284607},{"id":225755,"n":"Crème dépilatoire Veet Men Peaux sensibles - 400ml","p":8.86,"u":"22,15 €/L","img":"https://fd9-photos.leclercdrive.fr/image.ashx?id=2785448&use=l&cat=p&typeid=i","cat":284617},{"id":225766,"n":"Shampooing OGX Huile argan Maroc - 385ml","p":6.75,"u":"17,53 €/L","img":"https://fd9-photos.leclercdrive.fr/image.ashx?id=2805081&use=l&cat=p&typeid=i","cat":284606},{"id":225771,"n":"Disque à démaquiller Inell Lavables - x5","p":4.99,"u":"1,00 €/P","img":"https://fd9-photos.leclercdrive.fr/image.ashx?id=2683496&use=l&cat=p&typeid=i","cat":285593},{"id":225775,"n":"Crème adhésive Fixodent Plus Maintien imbattable - 40g","p":4.2,"u":"105,00 €/KG","img":"https://fd9-photos.leclercdrive.fr/image.ashx?id=2684299&use=l&cat=p&typeid=i","cat":285158},{"id":225780,"n":"Dentifrice Sanogyl Biome Protège gencive - 75ml","p":5.9,"u":"78,67 €/L","img":"https://fd9-photos.leclercdrive.fr/image.ashx?id=2684152&use=l&cat=p&typeid=i","cat":284612},{"id":225784,"n":"Bandes de cire Veet Pure Froide - Aisselles - x16","p":4.75,"u":"0,30 €/P","img":"https://fd9-photos.leclercdrive.fr/image.ashx?id=2970795&use=l&cat=p&typeid=i","cat":325351},{"id":225786,"n":"Lingettes Intima Regul'Active - x20","p":2.64,"u":"0,13 €/P","img":"https://fd9-photos.leclercdrive.fr/image.ashx?id=2689787&use=l&cat=p&typeid=i","cat":284627},{"id":225788,"n":"Recharge savon Dettol Karité - 250ml","p":3.14,"u":"12,56 €/L","img":"https://fd9-photos.leclercdrive.fr/image.ashx?id=2969016&use=l&cat=p&typeid=i","cat":284597},{"id":225789,"n":"Bandes de cire Veet Maillot - x16","p":6.32,"u":"0,40 €/P","img":"https://fd9-photos.leclercdrive.fr/image.ashx?id=2865662&use=l&cat=p&typeid=i","cat":325351},{"id":225790,"n":"Gel Intima Régulateur - 500ml","p":8.04,"u":"16,08 €/L","img":"https://fd9-photos.leclercdrive.fr/image.ashx?id=2889274&use=l&cat=p&typeid=i","cat":284627},{"id":225819,"n":"Canderel liquide 200 ml","p":2.54,"u":"12,70 €/L","img":"https://fd9-photos.leclercdrive.fr/image.ashx?id=2812828&use=l&cat=p&typeid=i","cat":324846},{"id":225891,"n":"Bière blonde 1664 5,5° - 18x25cl","p":11.4,"pp":8.55,"u":"1,90 €/L","img":"https://fd9-photos.leclercdrive.fr/image.ashx?id=2684931&use=l&cat=p&typeid=i","cat":334873},{"id":225931,"n":"Tuiles Monster Munch  Crazy barbecue - 150g","p":1.9,"u":"12,67 €/KG","img":"https://fd9-photos.leclercdrive.fr/image.ashx?id=2923993&use=l&cat=p&typeid=i","cat":287899},{"id":225951,"n":"Riz tandoori Jardin Bio bio 220g","p":2.92,"u":"13,27 €/KG","img":"https://fd9-photos.leclercdrive.fr/image.ashx?id=2686048&use=l&cat=p&typeid=i","cat":284953},{"id":225952,"n":"Purée Jardin Bio Bio lentilles corail - 250g","p":2.2,"u":"8,80 €/KG","img":"https://fd9-photos.leclercdrive.fr/image.ashx?id=2976824&use=l&cat=p&typeid=i","cat":284953},{"id":225953,"n":"Sauce korma Jardin Bio Bio - 330g","p":3.4,"u":"10,30 €/KG","img":"https://fd9-photos.leclercdrive.fr/image.ashx?id=2686054&use=l&cat=p&typeid=i","cat":289012},{"id":225955,"n":"Petale barbecue Jardin Bio Bio 85g","p":1.92,"u":"22,59 €/KG","img":"https://fd9-photos.leclercdrive.fr/image.ashx?id=2686039&use=l&cat=p&typeid=i","cat":284449},{"id":225963,"n":"Petit beurre fourrés Jardin Bio Bio - 197g","p":2.82,"u":"14,31 €/KG","img":"https://fd9-photos.leclercdrive.fr/image.ashx?id=2859452&use=l&cat=p&typeid=i","cat":284487},{"id":225969,"n":"Cookie Jardin Bio Bio Pepites de chocolat - 175g","p":2.89,"u":"16,51 €/KG","img":"https://fd9-photos.leclercdrive.fr/image.ashx?id=2963208&use=l&cat=p&typeid=i","cat":325066},{"id":225971,"n":"Mouliné Jardin Bio Legumes verts bio - 1L","p":3.15,"u":"3,15 €/L","img":"https://fd9-photos.leclercdrive.fr/image.ashx?id=2692539&use=l&cat=p&typeid=i","cat":284462},{"id":225974,"n":"Mouliné du potager Jardin Bio Bio - 1L","p":3.07,"u":"3,07 €/L","img":"https://fd9-photos.leclercdrive.fr/image.ashx?id=2692536&use=l&cat=p&typeid=i","cat":284462},{"id":225975,"n":"Gaspacho Jardin Bio  Bio - 1L","p":3.3,"u":"3,30 €/L","img":"https://fd9-photos.leclercdrive.fr/image.ashx?id=2686036&use=l&cat=p&typeid=i","cat":287365},{"id":226008,"n":"Petits pois vapeur Bonduelle 3+1 offert - 4x530g","p":6.69,"u":"3,16 €/KG","img":"https://fd9-photos.leclercdrive.fr/image.ashx?id=2863263&use=l&cat=p&typeid=i","cat":312607},{"id":226009,"n":"Petits pois carottes Bonduelle Vapeur - 3+1 offert - 4x530g","p":6.2,"u":"2,92 €/KG","img":"https://fd9-photos.leclercdrive.fr/image.ashx?id=2863266&use=l&cat=p&typeid=i","cat":312607},{"id":226108,"n":"Chocolat Nesquik 800g","p":4.67,"u":"5,84 €/KG","img":"https://fd9-photos.leclercdrive.fr/image.ashx?id=3005377&use=l&cat=p&typeid=i","cat":293235},{"id":226111,"n":"Muesli  Grainea Chocolat noir - 500g","p":2.27,"u":"4,54 €/KG","img":"https://fd9-photos.leclercdrive.fr/image.ashx?id=2931859&use=l&cat=p&typeid=i","cat":309512},{"id":226116,"n":"Chewing-gum Mentos Pure Fresh  Fresh Mint sans sucres - 100g","p":2.32,"u":"23,20 €/KG","img":"https://fd9-photos.leclercdrive.fr/image.ashx?id=2687707&use=l&cat=p&typeid=i","cat":304251},{"id":226137,"n":"Sun caps  x39 - 585g","p":11.76,"u":"20,10 €/KG","img":"https://fd9-photos.leclercdrive.fr/image.ashx?id=2877262&use=l&cat=p&typeid=i","cat":284656},{"id":226141,"n":"Purée lisse Bio Yooji Patate douce - Dès 4 mois 400g","p":3.83,"u":"9,58 €/KG","img":"https://fd9-photos.leclercdrive.fr/image.ashx?id=2689246&use=l&cat=p&typeid=i","cat":290631},{"id":226142,"n":"Purée lisse bébé Yooji Potiron Bio - 4 mois - 400g","p":3.78,"u":"9,45 €/KG","img":"https://fd9-photos.leclercdrive.fr/image.ashx?id=2689243&use=l&cat=p&typeid=i","cat":290631},{"id":226206,"n":"Compote Materne Pommes d'Occitanie  - 1.2kg","p":4.39,"u":"3,66 €/KG","img":"https://fd9-photos.leclercdrive.fr/image.ashx?id=3003125&use=l&cat=p&typeid=i","cat":284416},{"id":226296,"n":"Biscuit Flammekueche Savour 100g","p":1.85,"u":"18,50 €/L","img":"https://fd9-photos.leclercdrive.fr/image.ashx?id=2781889&use=l&cat=p&typeid=i","cat":297000},{"id":226297,"n":"Biscuits Savour Olive herbes de provence - 100g","p":1.85,"u":"18,50 €/KG","img":"https://fd9-photos.leclercdrive.fr/image.ashx?id=2781886&use=l&cat=p&typeid=i","cat":297000},{"id":226307,"n":"Biscuits Savour Chorizo - 100g","p":1.85,"u":"18,50 €/KG","img":"https://fd9-photos.leclercdrive.fr/image.ashx?id=2781883&use=l&cat=p&typeid=i","cat":297000},{"id":226313,"n":"Purée d'amande bio Jardin Bio 170g","p":5.55,"u":"32,65 €/KG","img":"https://fd9-photos.leclercdrive.fr/image.ashx?id=2692533&use=l&cat=p&typeid=i","cat":284481},{"id":226327,"n":"Sauce Nos Régions ont du Talent Marmande oignon ail - 300g","p":2.02,"u":"6,73 €/KG","img":"https://fd9-photos.leclercdrive.fr/image.ashx?id=2954172&use=l&cat=p&typeid=i","cat":288384},{"id":226334,"n":"Vinaigre de cidre breton NRT - 75cl","p":2.29,"u":"3,05 €/L","img":"https://fd9-photos.leclercdrive.fr/image.ashx?id=2856630&use=l&cat=p&typeid=i","cat":298543},{"id":226346,"n":"Boisson Gazeuse Maison Perrier Forever Gingembre Citron 1L","p":1.01,"u":"1,01 €/L","img":"https://fd9-photos.leclercdrive.fr/image.ashx?id=2692818&use=l&cat=p&typeid=i","cat":284536},{"id":226348,"n":"Céréales P'tit Déli Caramel & Chocolat - 400g","p":2.12,"u":"5,30 €/KG","img":"https://fd9-photos.leclercdrive.fr/image.ashx?id=2691528&use=l&cat=p&typeid=i","cat":309513},{"id":226349,"n":"Boisson Gazeuse Maison Perrier Chic Citrus Fizz 4x25cl","p":2.81,"u":"2,81 €/L","img":"https://fd9-photos.leclercdrive.fr/image.ashx?id=2841595&use=l&cat=p&typeid=i","cat":284536},{"id":226351,"n":"Miel de fleurs  Les Apiculteurs Associés - 500g","p":4.59,"u":"9,18 €/KG","img":"https://fd9-photos.leclercdrive.fr/image.ashx?id=2692566&use=l&cat=p&typeid=i","cat":287643},{"id":226398,"n":"Céréales Eco+ Caramel cacao - 750g","p":2.97,"u":"3,96 €/KG","img":"https://fd9-photos.leclercdrive.fr/image.ashx?id=2691559&use=l&cat=p&typeid=i","cat":309513},{"id":226430,"n":"Café grains Plantation Pérou pur arabica - 500g","p":8.29,"u":"16,58 €/KG","img":"https://fd9-photos.leclercdrive.fr/image.ashx?id=2824313&use=l&cat=p&typeid=i","cat":293237},{"id":226434,"n":"Bonbons Bool's poom  180g","p":1.5,"u":"8,33 €/KG","img":"https://fd9-photos.leclercdrive.fr/image.ashx?id=2693701&use=l&cat=p&typeid=i","cat":304250},{"id":226437,"n":"Jus multivitamines Tropicana 4x1.5L","p":12.9,"pp":9.67,"u":"1,61 €/L","img":"https://fd9-photos.leclercdrive.fr/image.ashx?id=2921429&use=l&cat=p&typeid=i","cat":284917},{"id":226449,"n":"Lait de coco Eco+ 200ml","p":0.69,"u":"3,45 €/L","img":"https://fd9-photos.leclercdrive.fr/image.ashx?id=2691790&use=l&cat=p&typeid=i","cat":288992},{"id":226480,"n":"Rhum VO Dillon 43%vol - 70L","p":23.23,"u":"33,19 €/L","img":"https://fd9-photos.leclercdrive.fr/image.ashx?id=2921277&use=l&cat=p&typeid=i","cat":284550},{"id":226534,"n":"Huile de tournesol Tramier  1L","p":5.59,"u":"5,59 €/L","img":"https://fd9-photos.leclercdrive.fr/image.ashx?id=2695097&use=l&cat=p&typeid=i","cat":284453},{"id":226572,"n":"Twins enrobé Gullon Chocolat blanc - 252g","p":2.39,"u":"9,48 €/KG","img":"https://fd9-photos.leclercdrive.fr/image.ashx?id=2698078&use=l&cat=p&typeid=i","cat":284488},{"id":226636,"n":"Déodorant Homme Adidas Fresh Endurance - 150ml","p":3.07,"u":"20,47 €/L","img":"https://fd9-photos.leclercdrive.fr/image.ashx?id=2990772&use=l&cat=p&typeid=i","cat":284618},{"id":226646,"n":"Boisson Gazeuse Maison Perrier Forever Citron Vert 1L","p":1.01,"u":"1,01 €/L","img":"https://fd9-photos.leclercdrive.fr/image.ashx?id=2695103&use=l&cat=p&typeid=i","cat":284536},{"id":226657,"n":"Boisson Gazeuse Maison Perrier Forever Citron 1L","p":1.01,"u":"1,01 €/L","img":"https://fd9-photos.leclercdrive.fr/image.ashx?id=2887311&use=l&cat=p&typeid=i","cat":284536},{"id":226659,"n":"Boisson Gazeuse Maison Perrier Forever Orange 1L","p":1.01,"u":"1,01 €/L","img":"https://fd9-photos.leclercdrive.fr/image.ashx?id=2695106&use=l&cat=p&typeid=i","cat":284536},{"id":226661,"n":"Boisson Gazeuse Maison Perrier Forever Menthe 1L","p":1.0,"u":"1,00 €/L","img":"https://fd9-photos.leclercdrive.fr/image.ashx?id=2695112&use=l&cat=p&typeid=i","cat":284536},{"id":226663,"n":"Boisson Gazeuse Maison Perrier Forever Citron 6x50cl","p":2.97,"u":"0,99 €/L","img":"https://fd9-photos.leclercdrive.fr/image.ashx?id=2695100&use=l&cat=p&typeid=i","cat":284536},{"id":226664,"n":"Boisson Gazeuse Maison Perrier Forever Citron Vert 6x50cl","p":4.36,"u":"1,45 €/L","img":"https://fd9-photos.leclercdrive.fr/image.ashx?id=2695109&use=l&cat=p&typeid=i","cat":284536},{"id":226665,"n":"Sac cabas en toile de jute Vert - x1","p":1.9,"img":"https://fd9-photos.leclercdrive.fr/image.ashx?id=2693105&use=l&cat=p&typeid=i","cat":313597},{"id":226667,"n":"Boisson Gazeuse Maison Perrier Forever Citron 6x33cl","p":3.31,"u":"1,67 €/L","img":"https://fd9-photos.leclercdrive.fr/image.ashx?id=2878447&use=l&cat=p&typeid=i","cat":284536},{"id":226668,"n":"Boisson Gazeuse Maison Perrier Forever Citron Vert 6x33cl","p":3.28,"u":"1,66 €/L","img":"https://fd9-photos.leclercdrive.fr/image.ashx?id=2887308&use=l&cat=p&typeid=i","cat":284536},{"id":226776,"n":"Thé noir fruits rouges Lipton 20 sachets - 30g","p":1.72,"u":"57,33 €/KG","img":"https://fd9-photos.leclercdrive.fr/image.ashx?id=2695359&use=l&cat=p&typeid=i","cat":293233},{"id":226778,"n":"Thé noir orange Lipton 20 sachets - 34g","p":2.46,"u":"72,35 €/KG","img":"https://fd9-photos.leclercdrive.fr/image.ashx?id=2695371&use=l&cat=p&typeid=i","cat":293233},{"id":226795,"n":"Glace mini cone Extreme Café x8 - 312g","p":4.04,"u":"12,95 €/KG","img":"https://fd9-photos.leclercdrive.fr/image.ashx?id=2694668&use=l&cat=p&typeid=i","cat":284264},{"id":226797,"n":"Parfum de linge billes Lenor  Bouquet floral - x19 doses","p":8.48,"u":"36,09 €/KG","img":"https://fd9-photos.leclercdrive.fr/image.ashx?id=2839454&use=l&cat=p&typeid=i","cat":325302},{"id":226801,"n":"Parfum de linge billes Lenor  Jasmin Rose de mai x19 doses","p":6.7,"u":"28,51 €/KG","img":"https://fd9-photos.leclercdrive.fr/image.ashx?id=2841598&use=l&cat=p&typeid=i","cat":325302},{"id":226806,"n":"Liquide de rinçage Sun Brillance - 500ml","p":3.34,"u":"6,68 €/L","img":"https://fd9-photos.leclercdrive.fr/image.ashx?id=2829099&use=l&cat=p&typeid=i","cat":284657},{"id":226807,"n":"Liquide de rinçage Sun Séchage - 500ml","p":3.66,"u":"7,32 €/L","img":"https://fd9-photos.leclercdrive.fr/image.ashx?id=2738716&use=l&cat=p&typeid=i","cat":284657},{"id":226818,"n":"Dentifrice Sensodyne Soin  complet Triple action - 75ml","p":3.97,"u":"52,93 €/L","img":"https://fd9-photos.leclercdrive.fr/image.ashx?id=2997778&use=l&cat=p&typeid=i","cat":284612},{"id":226819,"n":"Dentifrice Sensodyne Soin gencives Triple action - 75ml","p":4.98,"u":"66,40 €/L","img":"https://fd9-photos.leclercdrive.fr/image.ashx?id=3000384&use=l&cat=p&typeid=i","cat":284612},{"id":226824,"n":"Dentifrice Sensodyne Soin  Blancheur naturelle 24h - 75ml","p":4.2,"u":"56,00 €/L","img":"https://fd9-photos.leclercdrive.fr/image.ashx?id=2694944&use=l&cat=p&typeid=i","cat":284612},{"id":226825,"n":"Dentifrice Sensodyne Répare & protège Novamin - 75ml","p":4.5,"u":"60,00 €/L","img":"https://fd9-photos.leclercdrive.fr/image.ashx?id=2694947&use=l&cat=p&typeid=i","cat":284612},{"id":226826,"n":"Dentifrice Sensodyne Soin Blancheur triple action - 75ml","p":4.42,"u":"58,93 €/L","img":"https://fd9-photos.leclercdrive.fr/image.ashx?id=3000381&use=l&cat=p&typeid=i","cat":284612},{"id":226829,"n":"Dentifrice Sensodyne Répare & protège extra fresh - 75ml","p":5.49,"u":"73,20 €/L","img":"https://fd9-photos.leclercdrive.fr/image.ashx?id=2694956&use=l&cat=p&typeid=i","cat":284612},{"id":226830,"n":"Dentifrice Sensodyne Répare & protège Blancheur - 75ml","p":4.87,"u":"64,93 €/L","img":"https://fd9-photos.leclercdrive.fr/image.ashx?id=2872955&use=l&cat=p&typeid=i","cat":284612},{"id":226834,"n":"Savon extra pur Lot 5x100g","p":3.38,"u":"6,76 €/KG","img":"https://fd9-photos.leclercdrive.fr/image.ashx?id=2694578&use=l&cat=p&typeid=i","cat":325365},{"id":226856,"n":"P'tit onctueux pêche Nestlé sans sucres ajoutés - 4x90g","p":2.1,"u":"5,83 €/KG","img":"https://fd9-photos.leclercdrive.fr/image.ashx?id=2695124&use=l&cat=p&typeid=i","cat":312392},{"id":226881,"n":"Infusion detox Pukka Fruits rouges x20 - 34g","p":4.82,"u":"141,76 €/KG","img":"https://fd9-photos.leclercdrive.fr/image.ashx?id=2859803&use=l&cat=p&typeid=i","cat":293234},{"id":226900,"n":"Bière blonde La Bête 8°  50cl canette","p":2.3,"u":"4,60 €/L","img":"https://fd9-photos.leclercdrive.fr/image.ashx?id=2695914&use=l&cat=p&typeid=i","cat":334853},{"id":226903,"n":"Boisson énergisante Maison Perrier mûre - 25cl","p":0.74,"u":"2,96 €/L","img":"https://fd9-photos.leclercdrive.fr/image.ashx?id=2696130&use=l&cat=p&typeid=i","cat":284533},{"id":226909,"n":"Dragées chocolatées M&M's crispy  187g","p":2.47,"u":"13,21 €/KG","img":"https://fd9-photos.leclercdrive.fr/image.ashx?id=3014868&use=l&cat=p&typeid=i","cat":304238},{"id":226911,"n":"Bille au chocolat Maltesers 400g","p":5.64,"u":"14,10 €/KG","img":"https://fd9-photos.leclercdrive.fr/image.ashx?id=2976050&use=l&cat=p&typeid=i","cat":304238},{"id":226912,"n":"Boisson énergisante Maison Perrier pêche - 25cl","p":0.73,"u":"2,92 €/L","img":"https://fd9-photos.leclercdrive.fr/image.ashx?id=2696142&use=l&cat=p&typeid=i","cat":284533},{"id":226920,"n":"Bonbons Skittles  152g","p":1.24,"u":"8,16 €/KG","img":"https://fd9-photos.leclercdrive.fr/image.ashx?id=3008984&use=l&cat=p&typeid=i","cat":304250},{"id":226921,"n":"Boisson énergisante Maison Perrier citron - 25cl","p":0.78,"u":"3,12 €/L","img":"https://fd9-photos.leclercdrive.fr/image.ashx?id=2696145&use=l&cat=p&typeid=i","cat":284533},{"id":226970,"n":"Tablette lave-vaisselle Sun  Expert Plus x40 -700g","p":7.9,"u":"11,29 €/KG","img":"https://fd9-photos.leclercdrive.fr/image.ashx?id=2738734&use=l&cat=p&typeid=i","cat":284656},{"id":226971,"n":"Sun Tablettes Lave-Vaisselle Tout en 1 Expert Plus x40","p":7.9,"u":"11,29 €/KG","img":"https://fd9-photos.leclercdrive.fr/image.ashx?id=2942012&use=l&cat=p&typeid=i","cat":284656},{"id":226973,"n":"Sun Tablettes Lave-Vaisselle Tout en 1 Citron Ecolabel x46","p":7.9,"u":"10,41 €/KG","img":"https://fd9-photos.leclercdrive.fr/image.ashx?id=3000905&use=l&cat=p&typeid=i","cat":284656},{"id":226978,"n":"Crème Anti-Âge Rose Re-Fortifiant - 50ml","p":11.97,"pp":7.9,"u":"158,00 €/L","img":"https://fd9-photos.leclercdrive.fr/image.ashx?id=2757425&use=l&cat=p&typeid=i","cat":325345},{"id":227012,"n":"Halloumi AOP Casa Azzurra 200g","p":4.18,"u":"20,90 €/KG","img":"https://fd9-photos.leclercdrive.fr/image.ashx?id=2696729&use=l&cat=p&typeid=i","cat":314026},{"id":227013,"n":"Rasoir Philips OneBlade Original - 1 pièce","p":24.19,"img":"https://fd9-photos.leclercdrive.fr/image.ashx?id=2699029&use=l&cat=p&typeid=i","cat":284616},{"id":227070,"n":"Thé glacé pétillant Lipton Ice Tea pêche - bouteille 1.25L","p":1.61,"u":"1,29 €/L","img":"https://fd9-photos.leclercdrive.fr/image.ashx?id=2887704&use=l&cat=p&typeid=i","cat":295019},{"id":227103,"n":"Adoucissant Liquide Jardins de fleurs 504ml x36","p":4.97,"u":"9,86 €/L","img":"https://fd9-photos.leclercdrive.fr/image.ashx?id=2698984&use=l&cat=p&typeid=i","cat":284650},{"id":227155,"n":"Couche Carryboo de nos Régions Couches locales Taille 4 - x44","p":15.33,"u":"0,35 €/P","img":"https://fd9-photos.leclercdrive.fr/image.ashx?id=2787404&use=l&cat=p&typeid=i","cat":284737},{"id":227165,"n":"Serum Acide Hyaluronique Mixa 30mL","p":8.04,"u":"268,00 €/L","img":"https://fd9-photos.leclercdrive.fr/image.ashx?id=2698711&use=l&cat=p&typeid=i","cat":325345},{"id":227166,"n":"Sérum Anti-tâches Vitamine C Mixa 30 mL","p":8.04,"u":"268,00 €/L","img":"https://fd9-photos.leclercdrive.fr/image.ashx?id=2698714&use=l&cat=p&typeid=i","cat":325345},{"id":227167,"n":"Serum anti-imperfections Niacinamide Mixa 30mL","p":10.18,"u":"339,33 €/L","img":"https://fd9-photos.leclercdrive.fr/image.ashx?id=2698717&use=l&cat=p&typeid=i","cat":325345},{"id":227267,"n":"Rasoirs Jetables Blue 3 Smooth Lot de 8 rasoirs Gillette","p":9.15,"u":"1,14 €/P","img":"https://fd9-photos.leclercdrive.fr/image.ashx?id=2701983&use=l&cat=p&typeid=i","cat":284616},{"id":227271,"n":"Rasoirs Jetables Reçycled Gillette","p":9.15,"img":"https://fd9-photos.leclercdrive.fr/image.ashx?id=2702172&use=l&cat=p&typeid=i","cat":284616},{"id":227307,"n":"Café capsules Dolce Gusto Starbucks White Moka - 123g","p":4.39,"u":"35,69 €/KG","img":"https://fd9-photos.leclercdrive.fr/image.ashx?id=3000459&use=l&cat=p&typeid=i","cat":284749},{"id":227309,"n":"Pelican blonde Pelican - 66cl","p":2.93,"u":"4,44 €/L","img":"https://fd9-photos.leclercdrive.fr/image.ashx?id=2766238&use=l&cat=p&typeid=i","cat":334872},{"id":227310,"n":"Pelican rouge bouteille Pelican - 66cl","p":3.26,"u":"4,94 €/L","img":"https://fd9-photos.leclercdrive.fr/image.ashx?id=2770407&use=l&cat=p&typeid=i","cat":334872},{"id":227311,"n":"Bière Pelican rouge  50cl","p":2.19,"u":"4,38 €/L","img":"https://fd9-photos.leclercdrive.fr/image.ashx?id=2700107&use=l&cat=p&typeid=i","cat":334853},{"id":227318,"n":"P'tite Céréale Nestlé Vanille - 415g","p":2.6,"u":"6,27 €/KG","img":"https://fd9-photos.leclercdrive.fr/image.ashx?id=2700773&use=l&cat=p&typeid=i","cat":312225},{"id":227320,"n":"Céréales Nesquik 675g","p":4.4,"u":"6,52 €/KG","img":"https://fd9-photos.leclercdrive.fr/image.ashx?id=2971434&use=l&cat=p&typeid=i","cat":309513},{"id":227321,"n":"Herbes de provence Sainte Lucie 16g","p":1.66,"u":"103,75 €/KG","img":"https://fd9-photos.leclercdrive.fr/image.ashx?id=2700134&use=l&cat=p&typeid=i","cat":298297},{"id":227325,"n":"P'tite céréales Nestlé Saveur biscuit - 415g","p":2.86,"u":"6,89 €/KG","img":"https://fd9-photos.leclercdrive.fr/image.ashx?id=2700776&use=l&cat=p&typeid=i","cat":312225},{"id":227329,"n":"P'tite céréale Nestlé 415g","p":3.19,"u":"7,69 €/KG","img":"https://fd9-photos.leclercdrive.fr/image.ashx?id=2700770&use=l&cat=p&typeid=i","cat":312225},{"id":227331,"n":"P'tite céréales Nestlé Cacao - 415g","p":2.6,"u":"6,27 €/KG","img":"https://fd9-photos.leclercdrive.fr/image.ashx?id=2700767&use=l&cat=p&typeid=i","cat":312225},{"id":227339,"n":"Capsules Nescafé Dolce Gusto  Lungo - x16","p":4.5,"u":"50,00 €/KG","img":"https://fd9-photos.leclercdrive.fr/image.ashx?id=2907716&use=l&cat=p&typeid=i","cat":293239},{"id":227352,"n":"Céréales Chocapic  645g","p":4.41,"u":"6,84 €/KG","img":"https://fd9-photos.leclercdrive.fr/image.ashx?id=2977732&use=l&cat=p&typeid=i","cat":309513},{"id":227372,"n":"Céréales Lion 675g","p":4.53,"u":"6,71 €/KG","img":"https://fd9-photos.leclercdrive.fr/image.ashx?id=2997256&use=l&cat=p&typeid=i","cat":309513},{"id":227373,"n":"Gelée de viande Eco+ 12x100g","p":2.99,"u":"2,49 €/KG","img":"https://fd9-photos.leclercdrive.fr/image.ashx?id=2744216&use=l&cat=p&typeid=i","cat":285286},{"id":227374,"n":"Céréales Chocapic 375g","p":2.82,"u":"7,52 €/KG","img":"https://fd9-photos.leclercdrive.fr/image.ashx?id=2977408&use=l&cat=p&typeid=i","cat":309513},{"id":227375,"n":"Capsule Nescafé Farmers Origins  Brazil Int 8 - x10","p":2.32,"u":"52,73 €/KG","img":"https://fd9-photos.leclercdrive.fr/image.ashx?id=2952166&use=l&cat=p&typeid=i","cat":284749},{"id":227376,"n":"Croquette Friskies Vitafit  Boeuf - 3kg","p":7.18,"u":"2,39 €/KG","img":"https://fd9-photos.leclercdrive.fr/image.ashx?id=2986999&use=l&cat=p&typeid=i","cat":284672},{"id":227378,"n":"Croquettes Friskies junior Poulet & legumes - 1.5kg","p":5.37,"u":"3,58 €/KG","img":"https://fd9-photos.leclercdrive.fr/image.ashx?id=2699612&use=l&cat=p&typeid=i","cat":284680},{"id":227381,"n":"Croquettes Friskies Vitafit Poulet & legumes - 3kg","p":7.18,"u":"2,39 €/KG","img":"https://fd9-photos.leclercdrive.fr/image.ashx?id=2986981&use=l&cat=p&typeid=i","cat":284672},{"id":227383,"n":"Lait infantile Hipp Biologique Bio Dès 10 mois Combiotic  800g","p":16.93,"u":"21,16 €/KG","img":"https://fd9-photos.leclercdrive.fr/image.ashx?id=2926834&use=l&cat=p&typeid=i","cat":290219},{"id":227391,"n":"Croquettes Friskies Saumon & legumes - 3 kg","p":10.22,"u":"3,41 €/KG","img":"https://fd9-photos.leclercdrive.fr/image.ashx?id=2940615&use=l&cat=p&typeid=i","cat":284680},{"id":227397,"n":"Croquettes Friskies  Dinde & legumes - 1.5kg","p":5.37,"u":"3,58 €/KG","img":"https://fd9-photos.leclercdrive.fr/image.ashx?id=2699621&use=l&cat=p&typeid=i","cat":284680},{"id":227400,"n":"Croquettes chat Friskies Saumon et legumes - 1.5 kg","p":5.39,"u":"3,59 €/KG","img":"https://fd9-photos.leclercdrive.fr/image.ashx?id=2940600&use=l&cat=p&typeid=i","cat":284680},{"id":227408,"n":"Riz basmati Taureau Ailé 220g","p":1.65,"u":"7,50 €/KG","img":"https://fd9-photos.leclercdrive.fr/image.ashx?id=2916330&use=l&cat=p&typeid=i","cat":287600},{"id":227409,"n":"Gel douche Le Petit Marseillais Mangue Bio et passion 650ml","p":3.99,"u":"6,14 €/L","img":"https://fd9-photos.leclercdrive.fr/image.ashx?id=2700497&use=l&cat=p&typeid=i","cat":284594},{"id":227410,"n":"Gel douche Le Petit Marseillais Mimosa et Citron bio - 250ml","p":1.75,"u":"7,00 €/L","img":"https://fd9-photos.leclercdrive.fr/image.ashx?id=2700500&use=l&cat=p&typeid=i","cat":284594},{"id":227411,"n":"Dentifrice Sensodyne  Soin blancheur - 2x75ml","p":8.13,"u":"27,10 €/L","img":"https://fd9-photos.leclercdrive.fr/image.ashx?id=3000378&use=l&cat=p&typeid=i","cat":284612},{"id":227412,"n":"Masque pieds Scholl Exfoliant talon - x1","p":6.45,"img":"https://fd9-photos.leclercdrive.fr/image.ashx?id=2981313&use=l&cat=p&typeid=i","cat":325354},{"id":227413,"n":"Semelles GelActiv' Scholl Décontracté - Taille 1","p":15.89,"img":"https://fd9-photos.leclercdrive.fr/image.ashx?id=2700665&use=l&cat=p&typeid=i","cat":325354},{"id":227414,"n":"Semelles GelActiv' Scholl Décontracté - Taille 2 - x1","p":16.3,"img":"https://fd9-photos.leclercdrive.fr/image.ashx?id=2700668&use=l&cat=p&typeid=i","cat":325354},{"id":227421,"n":"Etuis mouchoirs Lotus Classic+ - x24","p":3.9,"img":"https://fd9-photos.leclercdrive.fr/image.ashx?id=2700686&use=l&cat=p&typeid=i","cat":284638},{"id":227423,"n":"Etuis mouchoirs Lotus Compact+ - x24","p":3.79,"img":"https://fd9-photos.leclercdrive.fr/image.ashx?id=2700692&use=l&cat=p&typeid=i","cat":284638},{"id":227512,"n":"Chips Savour  Sel de guerande - 120g","p":1.48,"u":"12,33 €/KG","img":"https://fd9-photos.leclercdrive.fr/image.ashx?id=2743828&use=l&cat=p&typeid=i","cat":284447},{"id":227514,"n":"Chips Savour Sweet Chili - 120g","p":1.79,"u":"14,92 €/KG","img":"https://fd9-photos.leclercdrive.fr/image.ashx?id=2743825&use=l&cat=p&typeid=i","cat":284447},{"id":227515,"n":"Chips Savour Vinaigre de cidre - 120g","p":1.71,"u":"14,25 €/KG","img":"https://fd9-photos.leclercdrive.fr/image.ashx?id=2743822&use=l&cat=p&typeid=i","cat":284447},{"id":227516,"n":"Chips Savour Cheddar & Ciboulette - 120g","p":1.75,"u":"14,58 €/KG","img":"https://fd9-photos.leclercdrive.fr/image.ashx?id=2743819&use=l&cat=p&typeid=i","cat":284447},{"id":227528,"n":"Chips Lay's Poulet - 135g","p":1.25,"u":"9,26 €/KG","img":"https://fd9-photos.leclercdrive.fr/image.ashx?id=2995079&use=l&cat=p&typeid=i","cat":284447},{"id":227531,"n":"Rasoir Gillette Mach 3 1 manche + 1 recharge","p":9.48,"img":"https://fd9-photos.leclercdrive.fr/image.ashx?id=2859911&use=l&cat=p&typeid=i","cat":284616},{"id":227534,"n":"Chips Lay's Barbecue - 135g","p":1.14,"u":"8,44 €/KG","img":"https://fd9-photos.leclercdrive.fr/image.ashx?id=2994485&use=l&cat=p&typeid=i","cat":284447},{"id":227561,"n":"Culottes Fuites urinaires  Always discreet Taille M - x10","p":9.3,"u":"0,93 €/P","img":"https://fd9-photos.leclercdrive.fr/image.ashx?id=2927035&use=l&cat=p&typeid=i","cat":284628},{"id":227563,"n":"Serviettes Fuites urinaires  Always Discreet - Normal - x30","p":9.35,"u":"0,31 €/P","img":"https://fd9-photos.leclercdrive.fr/image.ashx?id=2700806&use=l&cat=p&typeid=i","cat":284628},{"id":227592,"n":"Jambon cru Serrano Aoste 6 tranches - 100g","p":3.8,"u":"38,00 €/KG","img":"https://fd9-photos.leclercdrive.fr/image.ashx?id=2937184&use=l&cat=p&typeid=i","cat":316007},{"id":227626,"n":"Barres chocolatées Mars  x7 - 315g","p":2.89,"u":"9,17 €/KG","img":"https://fd9-photos.leclercdrive.fr/image.ashx?id=2701043&use=l&cat=p&typeid=i","cat":284498},{"id":227638,"n":"Canard WC Fresh disc Garden - 1 appli + 6 disques","p":2.63,"img":"https://fd9-photos.leclercdrive.fr/image.ashx?id=2845581&use=l&cat=p&typeid=i","cat":284662},{"id":227657,"n":"Soda Fanta Orange Sans Sucres  Canette - Pack 6x33cl","p":3.23,"u":"1,63 €/L","img":"https://fd9-photos.leclercdrive.fr/image.ashx?id=2701361&use=l&cat=p&typeid=i","cat":284532},{"id":227676,"n":"Bière aromatisée Desquiles sans alcool - 3x33cl","p":3.35,"u":"3,38 €/L","img":"https://fd9-photos.leclercdrive.fr/image.ashx?id=2699932&use=l&cat=p&typeid=i","cat":334877},{"id":227690,"n":"Parfum de linge Lenor Ambre orchidée x19D - 235g","p":6.64,"u":"28,26 €/KG","img":"https://fd9-photos.leclercdrive.fr/image.ashx?id=2839457&use=l&cat=p&typeid=i","cat":325302},{"id":227702,"n":"Fromage enfant La Vache qui rit Pik&Croq 8 portions - 280g","p":3.32,"u":"11,86 €/KG","img":"https://fd9-photos.leclercdrive.fr/image.ashx?id=2945436&use=l&cat=p&typeid=i","cat":314030},{"id":227716,"n":"Mouchoirs miniétuits Le Trèfle  Douceur Bambou - x10","p":1.87,"u":"0,19 €/P","img":"https://fd9-photos.leclercdrive.fr/image.ashx?id=2792996&use=l&cat=p&typeid=i","cat":284638},{"id":227717,"n":"Vodka Belvedere organic Pure Bio  40%vol - 70cl","p":38.46,"u":"54,94 €/L","img":"https://fd9-photos.leclercdrive.fr/image.ashx?id=2967430&use=l&cat=p&typeid=i","cat":284550},{"id":227719,"n":"Jambon cuit supérieur découenné L'Atelier Charcuterie x4 - 220g","p":3.8,"u":"17,27 €/KG","img":"https://fd9-photos.leclercdrive.fr/image.ashx?id=2907413&use=l&cat=p&typeid=i","cat":316009},{"id":227722,"n":"Jambon cuit découenné L'Atelier Charcuterie x2 - 110g","p":2.21,"u":"20,09 €/KG","img":"https://fd9-photos.leclercdrive.fr/image.ashx?id=2999036&use=l&cat=p&typeid=i","cat":316009},{"id":227738,"n":"Capsule Nescafé Farmers Origins  Africas Int 10 - x10","p":2.32,"u":"52,73 €/KG","img":"https://fd9-photos.leclercdrive.fr/image.ashx?id=2952172&use=l&cat=p&typeid=i","cat":284749},{"id":227739,"n":"Capsule Nescafé Farmers Origins  Colombia Décaféiné Int 6 - x10","p":2.85,"u":"53,77 €/KG","img":"https://fd9-photos.leclercdrive.fr/image.ashx?id=2701977&use=l&cat=p&typeid=i","cat":284749},{"id":227740,"n":"Capsule Nescafé Farmers Origins  Brazil Int 8 - x18","p":4.46,"u":"56,46 €/KG","img":"https://fd9-photos.leclercdrive.fr/image.ashx?id=3001521&use=l&cat=p&typeid=i","cat":284749},{"id":227745,"n":"Lait Combiotic Hipp Bio jusqu' à 6mois 800g","p":19.38,"u":"24,23 €/KG","img":"https://fd9-photos.leclercdrive.fr/image.ashx?id=2926843&use=l&cat=p&typeid=i","cat":284726},{"id":227746,"n":"Lait Combiotic nutrigest Hipp Bio - 800g","p":20.84,"u":"26,05 €/KG","img":"https://fd9-photos.leclercdrive.fr/image.ashx?id=2926840&use=l&cat=p&typeid=i","cat":284726},{"id":227754,"n":"Glenmorangie triple cask 40° - 70cl","p":28.09,"u":"40,13 €/L","img":"https://fd9-photos.leclercdrive.fr/image.ashx?id=2701911&use=l&cat=p&typeid=i","cat":284547},{"id":227766,"n":"Diffuseur électrique Pyrel Eucalyptus - 45 nuits - 32ml","p":8.75,"u":"273,44 €/L","img":"https://fd9-photos.leclercdrive.fr/image.ashx?id=2973967&use=l&cat=p&typeid=i","cat":311629},{"id":227780,"n":"Liqueur GET Menthe & Citrons 17,9° - 70cl","p":13.61,"u":"19,44 €/L","img":"https://fd9-photos.leclercdrive.fr/image.ashx?id=2840629&use=l&cat=p&typeid=i","cat":286032},{"id":227818,"n":"Fromage enfant La Vache qui rit Pik&Croq 5 portions - 175g","p":2.35,"u":"13,43 €/KG","img":"https://fd9-photos.leclercdrive.fr/image.ashx?id=2945433&use=l&cat=p&typeid=i","cat":314030},{"id":227831,"n":"Spray Nettoyant Menager Cif  Anti-calcaire Universel 750 ml","p":2.52,"u":"3,36 €/L","img":"https://fd9-photos.leclercdrive.fr/image.ashx?id=2890520&use=l&cat=p&typeid=i","cat":325362},{"id":227884,"n":"Bâtonnet Magnum White choco Cookie - x3 - 222g","p":2.56,"u":"11,53 €/KG","img":"https://fd9-photos.leclercdrive.fr/image.ashx?id=2793071&use=l&cat=p&typeid=i","cat":284265},{"id":227894,"n":"Bâtonnet Magnum Caramel salé Amandes x3 - 222g","p":2.93,"u":"13,20 €/KG","img":"https://fd9-photos.leclercdrive.fr/image.ashx?id=2793038&use=l&cat=p&typeid=i","cat":284265},{"id":227895,"n":"Bâtonnet Magnum Intense Dark x3 - 222g","p":2.7,"u":"12,27 €/KG","img":"https://fd9-photos.leclercdrive.fr/image.ashx?id=2769883&use=l&cat=p&typeid=i","cat":284265},{"id":227896,"n":"Glace Carte d'Or Les Essentiels Vanille de Madagascar 700ml","p":2.7,"pp":1.89,"u":"5,15 €/KG","img":"https://fd9-photos.leclercdrive.fr/image.ashx?id=2831149&use=l&cat=p&typeid=i","cat":284263},{"id":227897,"n":"Glace Bâtonnet MAGNUM Amande 4x100ml","p":2.79,"u":"9,30 €/KG","img":"https://fd9-photos.leclercdrive.fr/image.ashx?id=2849364&use=l&cat=p&typeid=i","cat":284265},{"id":227900,"n":"Glace Bâtonnet MAGNUM Chocolat Blanc 4x100ml","p":3.13,"u":"10,65 €/KG","img":"https://fd9-photos.leclercdrive.fr/image.ashx?id=3011944&use=l&cat=p&typeid=i","cat":284265},{"id":227901,"n":"Bâtonnet Magnum Fraise et blanc - x4 - 324g","p":3.44,"u":"10,62 €/KG","img":"https://fd9-photos.leclercdrive.fr/image.ashx?id=3009293&use=l&cat=p&typeid=i","cat":284265},{"id":227904,"n":"Glace Bâtonnet MAGNUM Classique 8x100ml","p":5.38,"u":"8,97 €/KG","img":"https://fd9-photos.leclercdrive.fr/image.ashx?id=2974057&use=l&cat=p&typeid=i","cat":284265},{"id":227905,"n":"Bâtonnet Magnum Chocolat blanc x8 - 588g","p":5.92,"u":"10,07 €/KG","img":"https://fd9-photos.leclercdrive.fr/image.ashx?id=2805663&use=l&cat=p&typeid=i","cat":284265},{"id":227907,"n":"Glace Bâtonnet MAGNUM Classique 6x55ml","p":2.76,"u":"11,08 €/KG","img":"https://fd9-photos.leclercdrive.fr/image.ashx?id=2967968&use=l&cat=p&typeid=i","cat":284265},{"id":227957,"n":"Boulettes Tsukune Ajinomoto Poulet - x6","p":4.8,"u":"26,67 €/KG","img":"https://fd9-photos.leclercdrive.fr/image.ashx?id=2703056&use=l&cat=p&typeid=i","cat":319774},{"id":227963,"n":"Tartines croustillantes Wasa Flocons d'avoine - 265g","p":2.87,"u":"10,83 €/KG","img":"https://fd9-photos.leclercdrive.fr/image.ashx?id=2749527&use=l&cat=p&typeid=i","cat":284479},{"id":228008,"n":"Concentré adoucissant Soupline Ultra 3D lavande - x2 2,7L","p":10.68,"u":"3,96 €/L","img":"https://fd9-photos.leclercdrive.fr/image.ashx?id=2703879&use=l&cat=p&typeid=i","cat":284650},{"id":228052,"n":"Mozzarella di Latte di Bufala Les Croisés - 3x100g","p":3.89,"u":"12,97 €/KG","img":"https://fd9-photos.leclercdrive.fr/image.ashx?id=2992597&use=l&cat=p&typeid=i","cat":314026},{"id":228053,"n":"Yaourt à la grecque Délisse Sur lit de mangue 4x150g","p":2.39,"u":"3,98 €/KG","img":"https://fd9-photos.leclercdrive.fr/image.ashx?id=2885146&use=l&cat=p&typeid=i","cat":314999},{"id":228125,"n":"Taboulé à l'orientale 500g","p":1.15,"u":"2,30 €/KG","img":"https://fd9-photos.leclercdrive.fr/image.ashx?id=2703670&use=l&cat=p&typeid=i","cat":333657},{"id":228126,"n":"Noix de cajou grillées 200g","p":3.87,"u":"19,35 €/KG","img":"https://fd9-photos.leclercdrive.fr/image.ashx?id=2713664&use=l&cat=p&typeid=i","cat":284357},{"id":228129,"n":"Assortiment mochis glacés Tables du Monde x6 - 210g","p":4.53,"u":"21,57 €/KG","img":"https://fd9-photos.leclercdrive.fr/image.ashx?id=2703673&use=l&cat=p&typeid=i","cat":284266},{"id":228130,"n":"Fromage frais duo Délisse 6x100g","p":2.61,"u":"4,35 €/KG","img":"https://fd9-photos.leclercdrive.fr/image.ashx?id=2713670&use=l&cat=p&typeid=i","cat":284409},{"id":228179,"n":"IGP Méditerranée vin rosé Studio by Miraval - 1.5L","p":21.95,"u":"14,63 €/L","img":"https://fd9-photos.leclercdrive.fr/image.ashx?id=2990538&use=l&cat=p&typeid=i","cat":289558},{"id":228195,"n":"Sirop Frucci Citron - 1.3L","p":3.45,"u":"2,65 €/L","img":"https://fd9-photos.leclercdrive.fr/image.ashx?id=2898044&use=l&cat=p&typeid=i","cat":295020},{"id":228198,"n":"Sirop Frucci Grenadine - 1.3L","p":3.28,"u":"2,52 €/L","img":"https://fd9-photos.leclercdrive.fr/image.ashx?id=2909921&use=l&cat=p&typeid=i","cat":295020},{"id":228199,"n":"Sirop Frucci Menthe - 1.3L","p":3.02,"u":"2,32 €/L","img":"https://fd9-photos.leclercdrive.fr/image.ashx?id=2898038&use=l&cat=p&typeid=i","cat":295020},{"id":228205,"n":"Nettoyant ménager AJAX Air frais coquelicots - 1.25L","p":2.28,"u":"1,82 €/L","img":"https://fd9-photos.leclercdrive.fr/image.ashx?id=2944473&use=l&cat=p&typeid=i","cat":284907},{"id":228320,"n":"Peau chamoisée  Tech 9 2x72cm","p":11.99,"img":"https://fd9-photos.leclercdrive.fr/image.ashx?id=2705116&use=l&cat=p&typeid=i","cat":298252},{"id":228395,"n":"Boisson gazeuse Liptonic Thé glacé citron vert - 6x33cl","p":3.91,"u":"1,97 €/L","img":"https://fd9-photos.leclercdrive.fr/image.ashx?id=2706915&use=l&cat=p&typeid=i","cat":295019},{"id":228396,"n":"Thé glacé Lipton Ice Tea Pêche - 6x33cl","p":3.05,"u":"1,54 €/L","img":"https://fd9-photos.leclercdrive.fr/image.ashx?id=2852471&use=l&cat=p&typeid=i","cat":295019},{"id":228406,"n":"Mini bâtonnet glace Trium  Rocher vanille Pecan x4 - 214g","p":2.99,"u":"13,97 €/KG","img":"https://fd9-photos.leclercdrive.fr/image.ashx?id=2911726&use=l&cat=p&typeid=i","cat":284265},{"id":228408,"n":"Bâtonnet de glace Trium Vanille - x8 - 628g","p":3.92,"u":"6,24 €/KG","img":"https://fd9-photos.leclercdrive.fr/image.ashx?id=2911729&use=l&cat=p&typeid=i","cat":284265},{"id":228460,"n":"Capsules lave-vaisselle Sun Tout-en-1 Absolu Plus 390g x26","p":7.9,"u":"20,26 €/KG","img":"https://fd9-photos.leclercdrive.fr/image.ashx?id=2960282&use=l&cat=p&typeid=i","cat":284656},{"id":228461,"n":"Spray Nettoyant Menager Cif  Cleanboost Technology - 750 ml","p":2.15,"u":"2,87 €/L","img":"https://fd9-photos.leclercdrive.fr/image.ashx?id=2866214&use=l&cat=p&typeid=i","cat":325357},{"id":228462,"n":"Spray Nettoyant 5-en-1 Cif Cuisine & Salle de Bain 750ml","p":2.05,"u":"2,73 €/L","img":"https://fd9-photos.leclercdrive.fr/image.ashx?id=2999336&use=l&cat=p&typeid=i","cat":325357},{"id":228464,"n":"Recharge Adoucissant Soupline Grand Air - 1L - x45","p":3.39,"u":"3,39 €/L","img":"https://fd9-photos.leclercdrive.fr/image.ashx?id=2860598&use=l&cat=p&typeid=i","cat":284650},{"id":228465,"n":"Nettoyant ménager Ajax Fête des fleurs muguets 1.25L","p":2.93,"u":"2,34 €/L","img":"https://fd9-photos.leclercdrive.fr/image.ashx?id=2926072&use=l&cat=p&typeid=i","cat":284907},{"id":228467,"n":"Spray nettoyant ménager Ajax Salle de bain - 500ml","p":2.68,"u":"5,36 €/L","img":"https://fd9-photos.leclercdrive.fr/image.ashx?id=2708041&use=l&cat=p&typeid=i","cat":325357},{"id":228468,"n":"Spray nettoyant ménager Ajax Multi-surfaces - 500ml","p":2.68,"u":"5,36 €/L","img":"https://fd9-photos.leclercdrive.fr/image.ashx?id=2708044&use=l&cat=p&typeid=i","cat":325357},{"id":228469,"n":"Perles de linge Soupline Grand Air - 230g","p":6.9,"u":"30,00 €/KG","img":"https://fd9-photos.leclercdrive.fr/image.ashx?id=2708032&use=l&cat=p&typeid=i","cat":325302},{"id":228473,"n":"Déodorant Bulldog Original - 125ml","p":4.85,"u":"38,80 €/L","img":"https://fd9-photos.leclercdrive.fr/image.ashx?id=2708259&use=l&cat=p&typeid=i","cat":284595},{"id":228480,"n":"Gel Douche Dove Advanced Care Nutrition Intense 225ml","p":3.09,"u":"13,73 €/L","img":"https://fd9-photos.leclercdrive.fr/image.ashx?id=2968580&use=l&cat=p&typeid=i","cat":284594},{"id":228490,"n":"Lessive liquide Le Chat  L'Expert bicarbonate x66 -2.97L","p":15.91,"u":"5,36 €/L","img":"https://fd9-photos.leclercdrive.fr/image.ashx?id=2877781&use=l&cat=p&typeid=i","cat":284640},{"id":228499,"n":"Lessive liquide X-tra Total 4 en 1 x63 - 2.835L","p":8.58,"u":"3,03 €/L","img":"https://fd9-photos.leclercdrive.fr/image.ashx?id=2921561&use=l&cat=p&typeid=i","cat":284640},{"id":228501,"n":"Lessive liquide X-tra Total Savon de Marseille x63  -2.835L","p":9.06,"u":"3,20 €/L","img":"https://fd9-photos.leclercdrive.fr/image.ashx?id=2921564&use=l&cat=p&typeid=i","cat":284640},{"id":228506,"n":"Lessive liquide Mir Black Raviveur noir x27 - 1.35L","p":5.84,"u":"4,33 €/L","img":"https://fd9-photos.leclercdrive.fr/image.ashx?id=2881323&use=l&cat=p&typeid=i","cat":284644},{"id":228509,"n":"Lessive liquide Mir Laine Textile délicat x27 - 1.35L","p":5.86,"u":"4,34 €/L","img":"https://fd9-photos.leclercdrive.fr/image.ashx?id=2890118&use=l&cat=p&typeid=i","cat":284644},{"id":228510,"n":"Lessive liquide Super Croix X-tra Bora Bora x42 - 1.89L","p":7.71,"u":"4,08 €/L","img":"https://fd9-photos.leclercdrive.fr/image.ashx?id=2876263&use=l&cat=p&typeid=i","cat":284640},{"id":228511,"n":"Lessive liquide Maison Verte Fraîcheur d'été - 1.485L x33","p":7.16,"u":"4,82 €/L","img":"https://fd9-photos.leclercdrive.fr/image.ashx?id=2890121&use=l&cat=p&typeid=i","cat":284640},{"id":228567,"n":"Tequila Don Julio Blanco 38° - 70cl","p":49.25,"u":"70,36 €/L","img":"https://fd9-photos.leclercdrive.fr/image.ashx?id=2785034&use=l&cat=p&typeid=i","cat":284550},{"id":228707,"n":"Gel Canard WC intense garden 750ml","p":2.25,"u":"3,00 €/L","img":"https://fd9-photos.leclercdrive.fr/image.ashx?id=2845014&use=l&cat=p&typeid=i","cat":284662},{"id":228708,"n":"Gel Canard WC intense tropical 750ml","p":2.25,"u":"3,00 €/L","img":"https://fd9-photos.leclercdrive.fr/image.ashx?id=2844334&use=l&cat=p&typeid=i","cat":284662},{"id":228862,"n":"Lait bébé Candia Baby croissance 3ème âge - 18x25cl","p":10.57,"u":"2,35 €/L","img":"https://fd9-photos.leclercdrive.fr/image.ashx?id=2963367&use=l&cat=p&typeid=i","cat":284728},{"id":228905,"n":"Soin capillaire Expess Le  Petit Marseillais Coco -200ml","p":2.71,"u":"13,55 €/L","img":"https://fd9-photos.leclercdrive.fr/image.ashx?id=2711947&use=l&cat=p&typeid=i","cat":284608},{"id":228932,"n":"Lait croissance Guigoz Optipro 3 - 6x500ml","p":9.31,"u":"3,10 €/L","img":"https://fd9-photos.leclercdrive.fr/image.ashx?id=2712139&use=l&cat=p&typeid=i","cat":284728},{"id":228940,"n":"Naturnes Nestlé Jardinière de légumes 2x190g","p":2.29,"u":"6,03 €/KG","img":"https://fd9-photos.leclercdrive.fr/image.ashx?id=2712124&use=l&cat=p&typeid=i","cat":312235},{"id":228948,"n":"Biscuits Mulino Bianco Nascondini - 330g","p":4.81,"u":"14,58 €/KG","img":"https://fd9-photos.leclercdrive.fr/image.ashx?id=2850258&use=l&cat=p&typeid=i","cat":289010},{"id":228952,"n":"Biscuits Mulino Bianco Galetti - 350g","p":3.19,"u":"9,11 €/KG","img":"https://fd9-photos.leclercdrive.fr/image.ashx?id=2850252&use=l&cat=p&typeid=i","cat":289010},{"id":228963,"n":"Thé noir en vrac Lipton à l'Orange d'Espagne - 150g","p":7.16,"u":"47,73 €/KG","img":"https://fd9-photos.leclercdrive.fr/image.ashx?id=2746316&use=l&cat=p&typeid=i","cat":293234},{"id":228982,"n":"Pare-soleil latéraux Tech9 Rectangle - 100x50cm - x2","p":6.95,"img":"https://fd9-photos.leclercdrive.fr/image.ashx?id=2712364&use=l&cat=p&typeid=i","cat":298252},{"id":228983,"n":"Pare-soleil Latéraux Tech9 Arrondi - 100x50cm - x2","p":6.95,"img":"https://fd9-photos.leclercdrive.fr/image.ashx?id=2712367&use=l&cat=p&typeid=i","cat":298252},{"id":228986,"n":"Thé noir au citron d'Espagne Lipton Russian earl grey - 150g","p":7.35,"u":"49,00 €/KG","img":"https://fd9-photos.leclercdrive.fr/image.ashx?id=2745100&use=l&cat=p&typeid=i","cat":293233},{"id":228991,"n":"Pare-soleil Tech9 Pare-brise avant - 130x60cm","p":3.2,"img":"https://fd9-photos.leclercdrive.fr/image.ashx?id=2712352&use=l&cat=p&typeid=i","cat":298252},{"id":228992,"n":"Thé vert Lipton Bio  x20 - 28g","p":2.57,"u":"91,79 €/KG","img":"https://fd9-photos.leclercdrive.fr/image.ashx?id=2739405&use=l&cat=p&typeid=i","cat":293233},{"id":228993,"n":"Pare-soleil Tech9 Pare-brise avant - 145x70cm","p":4.2,"img":"https://fd9-photos.leclercdrive.fr/image.ashx?id=2712355&use=l&cat=p&typeid=i","cat":298252},{"id":228994,"n":"Pare-soleil Tech9 Pare-brise avant - 150x80cm","p":5.2,"img":"https://fd9-photos.leclercdrive.fr/image.ashx?id=2712358&use=l&cat=p&typeid=i","cat":298252},{"id":228995,"n":"Coffret thé noir Lipton Sensations x50 - 82g","p":9.5,"pp":6.65,"u":"81,10 €/KG","img":"https://fd9-photos.leclercdrive.fr/image.ashx?id=2719636&use=l&cat=p&typeid=i","cat":293233},{"id":228996,"n":"Pare-soleil Tech9 Pare-brise avant - 175x90cm","p":6.2,"img":"https://fd9-photos.leclercdrive.fr/image.ashx?id=2712361&use=l&cat=p&typeid=i","cat":298252},{"id":229001,"n":"Biscuits mini fourrés BN  Framboise - x5 - 175g","p":1.84,"u":"10,51 €/KG","img":"https://fd9-photos.leclercdrive.fr/image.ashx?id=2748230&use=l&cat=p&typeid=i","cat":284489},{"id":229008,"n":"Herbes de provence Sainte Lucie Saveurs du sud - 62g","p":1.77,"u":"28,55 €/KG","img":"https://fd9-photos.leclercdrive.fr/image.ashx?id=2712600&use=l&cat=p&typeid=i","cat":298297},{"id":229013,"n":"Sauce Keralan coconut  The Spice Tailor - 225g","p":3.69,"u":"16,40 €/KG","img":"https://fd9-photos.leclercdrive.fr/image.ashx?id=2722102&use=l&cat=p&typeid=i","cat":289012},{"id":229029,"n":"Tomates entières Alro 400g","p":1.25,"u":"5,21 €/KG","img":"https://fd9-photos.leclercdrive.fr/image.ashx?id=2994545&use=l&cat=p&typeid=i","cat":289010},{"id":229037,"n":"Sauce thai green curry  Sharwood's Cooking - 415g","p":3.27,"u":"7,88 €/KG","img":"https://fd9-photos.leclercdrive.fr/image.ashx?id=2792897&use=l&cat=p&typeid=i","cat":288992},{"id":229102,"n":"Capsule Nescafé Farmers Origins  Africas Int 10 - x18","p":4.32,"u":"54,68 €/KG","img":"https://fd9-photos.leclercdrive.fr/image.ashx?id=2714588&use=l&cat=p&typeid=i","cat":284749},{"id":229117,"n":"Noisettes décortiquées  Couleurs Vives - 175g","p":2.99,"u":"17,09 €/KG","img":"https://fd9-photos.leclercdrive.fr/image.ashx?id=2713661&use=l&cat=p&typeid=i","cat":284357},{"id":229151,"n":"Ramen hakata tonkotsu Ippin - 63g","p":3.37,"u":"53,49 €/KG","img":"https://fd9-photos.leclercdrive.fr/image.ashx?id=2714816&use=l&cat=p&typeid=i","cat":288992},{"id":229152,"n":"Ramen Tokyo Saveur Shoyu - 63g","p":3.37,"u":"53,49 €/KG","img":"https://fd9-photos.leclercdrive.fr/image.ashx?id=2714819&use=l&cat=p&typeid=i","cat":288992},{"id":229224,"n":"Glace pâte à tartiner Nutella 230g","p":3.94,"u":"17,13 €/KG","img":"https://fd9-photos.leclercdrive.fr/image.ashx?id=2905672&use=l&cat=p&typeid=i","cat":284725},{"id":229243,"n":"Soin capillaire express Le  Petit Marseillais Karité -200ml","p":2.8,"u":"14,00 €/L","img":"https://fd9-photos.leclercdrive.fr/image.ashx?id=2735248&use=l&cat=p&typeid=i","cat":284608},{"id":229288,"n":"Glace Carte d'Or Café - 374g","p":2.82,"pp":1.97,"u":"5,27 €/KG","img":"https://fd9-photos.leclercdrive.fr/image.ashx?id=2973348&use=l&cat=p&typeid=i","cat":284263},{"id":229289,"n":"Glace Carte d'Or Chocolat Noir - 374g","p":2.69,"pp":1.88,"u":"5,03 €/KG","img":"https://fd9-photos.leclercdrive.fr/image.ashx?id=2849370&use=l&cat=p&typeid=i","cat":284263},{"id":229291,"n":"Glace Carte d'Or Rhum raisin - 394g","p":2.92,"pp":2.04,"u":"5,18 €/KG","img":"https://fd9-photos.leclercdrive.fr/image.ashx?id=3009305&use=l&cat=p&typeid=i","cat":284263},{"id":229292,"n":"Glace Carte d'Or Caramel fleur de sel - 373g","p":2.75,"pp":1.92,"u":"5,15 €/KG","img":"https://fd9-photos.leclercdrive.fr/image.ashx?id=3009302&use=l&cat=p&typeid=i","cat":284263},{"id":229293,"n":"Crème Glacée Carte D'Or crème  de Vanille de Madagascar 700ml","p":3.27,"pp":2.29,"u":"6,24 €/KG","img":"https://fd9-photos.leclercdrive.fr/image.ashx?id=2793062&use=l&cat=p&typeid=i","cat":284263},{"id":229295,"n":"Glace Carte d'Or Citron de Sicile - 453g","p":3.19,"pp":2.23,"u":"4,92 €/KG","img":"https://fd9-photos.leclercdrive.fr/image.ashx?id=2769251&use=l&cat=p&typeid=i","cat":284263},{"id":229325,"n":"Bière Leffe Ruby 5% - 50cl canette","p":1.86,"u":"3,72 €/L","img":"https://fd9-photos.leclercdrive.fr/image.ashx?id=2716657&use=l&cat=p&typeid=i","cat":334853},{"id":229394,"n":"Crème glacée La Laitière Café - 490g","p":3.24,"pp":2.27,"u":"4,63 €/KG","img":"https://fd9-photos.leclercdrive.fr/image.ashx?id=3000021&use=l&cat=p&typeid=i","cat":284263},{"id":229396,"n":"Sorbet La Laitière Citron - 558g","p":3.24,"pp":2.27,"u":"4,07 €/KG","img":"https://fd9-photos.leclercdrive.fr/image.ashx?id=2877895&use=l&cat=p&typeid=i","cat":284263},{"id":229397,"n":"Sorbet La Laitière Fraise - 558g","p":3.24,"pp":2.27,"u":"4,07 €/KG","img":"https://fd9-photos.leclercdrive.fr/image.ashx?id=3000018&use=l&cat=p&typeid=i","cat":284263},{"id":229414,"n":"Chocolat Poulain maxi Lait Feuilleté - 190g","p":3.02,"u":"15,89 €/KG","img":"https://fd9-photos.leclercdrive.fr/image.ashx?id=2867140&use=l&cat=p&typeid=i","cat":284497},{"id":229497,"n":"Chips Lay's  Bolognaise - 130g","p":1.38,"u":"10,62 €/KG","img":"https://fd9-photos.leclercdrive.fr/image.ashx?id=3011149&use=l&cat=p&typeid=i","cat":284447},{"id":229498,"n":"Chips Lay's Moutarde pickles - 135g","p":1.48,"u":"10,96 €/KG","img":"https://fd9-photos.leclercdrive.fr/image.ashx?id=3011152&use=l&cat=p&typeid=i","cat":284447},{"id":229517,"n":"Soda au cola Pepsi Zéro sucres Le lot de 6x33cl canettes","p":2.6,"u":"1,31 €/L","img":"https://fd9-photos.leclercdrive.fr/image.ashx?id=2773391&use=l&cat=p&typeid=i","cat":284530},{"id":229589,"n":"Thon blanc Connetable Germon au naturel - 240g","p":5.99,"u":"24,96 €/KG","img":"https://fd9-photos.leclercdrive.fr/image.ashx?id=2717607&use=l&cat=p&typeid=i","cat":303867},{"id":229593,"n":"Tablettes lave-vaisselle Visior Tout en 1 citron x45 - 765g","p":5.79,"u":"7,57 €/KG","img":"https://fd9-photos.leclercdrive.fr/image.ashx?id=2954905&use=l&cat=p&typeid=i","cat":284656},{"id":229596,"n":"Capsules Starbucks by Nespresso  Vanille Int 5 - x10","p":4.12,"u":"80,78 €/KG","img":"https://fd9-photos.leclercdrive.fr/image.ashx?id=2718263&use=l&cat=p&typeid=i","cat":284749},{"id":229599,"n":"Capsules Starbucks by Nespresso  Caramel Int 5 - x10","p":3.84,"u":"75,29 €/KG","img":"https://fd9-photos.leclercdrive.fr/image.ashx?id=2718260&use=l&cat=p&typeid=i","cat":284749},{"id":229601,"n":"Miel d'acacia de Bourgogne Nos Région ont du Talent 375g","p":6.99,"u":"18,64 €/KG","img":"https://fd9-photos.leclercdrive.fr/image.ashx?id=2771441&use=l&cat=p&typeid=i","cat":287643},{"id":229605,"n":"Vin de France rouge 75cl","p":3.9,"u":"5,20 €/L","img":"https://fd9-photos.leclercdrive.fr/image.ashx?id=2717565&use=l&cat=p&typeid=i","cat":289556},{"id":229609,"n":"Boisson fraise banane Jafun 1L","p":1.2,"u":"1,20 €/L","img":"https://fd9-photos.leclercdrive.fr/image.ashx?id=2956792&use=l&cat=p&typeid=i","cat":295018},{"id":229610,"n":"AOP Côtes de provence rosé Bio Terre Ocrées - 75cl","p":5.99,"u":"7,99 €/L","img":"https://fd9-photos.leclercdrive.fr/image.ashx?id=2907479&use=l&cat=p&typeid=i","cat":289558},{"id":229611,"n":"AOP vin rosé ventoux  Rives et Terrasses 3L","p":9.99,"u":"3,33 €/L","img":"https://fd9-photos.leclercdrive.fr/image.ashx?id=2884276&use=l&cat=p&typeid=i","cat":289558},{"id":229615,"n":"AOP Crémant de loire Demi sec  Les Caractères - 75cl","p":4.99,"u":"6,65 €/L","img":"https://fd9-photos.leclercdrive.fr/image.ashx?id=2898862&use=l&cat=p&typeid=i","cat":284545},{"id":229705,"n":"Sardines  à l'huile Connétable Au piment 2x115g","p":4.99,"u":"21,70 €/KG","img":"https://fd9-photos.leclercdrive.fr/image.ashx?id=2719135&use=l&cat=p&typeid=i","cat":305146},{"id":229717,"n":"Tapas  Hénaff Moules chorizo 110g","p":2.59,"u":"23,55 €/KG","img":"https://fd9-photos.leclercdrive.fr/image.ashx?id=2719426&use=l&cat=p&typeid=i","cat":284451},{"id":229720,"n":"Tapas  Hénaff Champignon tomate 110g","p":5.05,"u":"45,91 €/KG","img":"https://fd9-photos.leclercdrive.fr/image.ashx?id=2719432&use=l&cat=p&typeid=i","cat":284451},{"id":229814,"n":"Crème fixative Polident Original 0% - 77g","p":5.84,"u":"75,84 €/KG","img":"https://fd9-photos.leclercdrive.fr/image.ashx?id=2719618&use=l&cat=p&typeid=i","cat":285158},{"id":229844,"n":"Mouchoirs Kleenex Balsam Etuis Regular - x20+4","p":3.7,"img":"https://fd9-photos.leclercdrive.fr/image.ashx?id=2719609&use=l&cat=p&typeid=i","cat":284638},{"id":229846,"n":"Serviettes fuites urinaires  Always Discreet - 3x10p","p":12.56,"u":"0,42 €/P","img":"https://fd9-photos.leclercdrive.fr/image.ashx?id=2721433&use=l&cat=p&typeid=i","cat":284628},{"id":229847,"n":"Serviettes fuites urinaires Always Discreet - x18p","p":12.56,"u":"0,70 €/P","img":"https://fd9-photos.leclercdrive.fr/image.ashx?id=2721436&use=l&cat=p&typeid=i","cat":284628},{"id":229848,"n":"Serviettes fuites urinaires Always Discreet - x24","p":12.56,"u":"0,52 €/P","img":"https://fd9-photos.leclercdrive.fr/image.ashx?id=2721439&use=l&cat=p&typeid=i","cat":284628},{"id":229849,"n":"Serviettes fuites urinaires Always Discreet -x48","p":12.56,"u":"0,26 €/P","img":"https://fd9-photos.leclercdrive.fr/image.ashx?id=2721442&use=l&cat=p&typeid=i","cat":284628},{"id":229850,"n":"Serviettes fuites urinaires Always Distreet - x36","p":12.56,"u":"0,35 €/P","img":"https://fd9-photos.leclercdrive.fr/image.ashx?id=2902430&use=l&cat=p&typeid=i","cat":284628},{"id":229851,"n":"Serviettes fuites urinaires  Always Discreet - x32","p":15.64,"u":"0,49 €/P","img":"https://fd9-photos.leclercdrive.fr/image.ashx?id=2721448&use=l&cat=p&typeid=i","cat":284628},{"id":229852,"n":"Serviettes fuites urinaires  Always Distreet - x24","p":16.3,"u":"0,68 €/P","img":"https://fd9-photos.leclercdrive.fr/image.ashx?id=2721451&use=l&cat=p&typeid=i","cat":284628},{"id":229853,"n":"Serviettes fuites urinaires Always Distreet - x24","p":15.8,"u":"0,66 €/P","img":"https://fd9-photos.leclercdrive.fr/image.ashx?id=2818157&use=l&cat=p&typeid=i","cat":284628},{"id":229897,"n":"Pain de mie nature Harrys Sandwich Sans sucre ajouté 825g","p":2.17,"u":"2,63 €/KG","img":"https://fd9-photos.leclercdrive.fr/image.ashx?id=2962449&use=l&cat=p&typeid=i","cat":284477},{"id":229921,"n":"Pain de mie céréales Harrys Sandwich Sans sucre ajouté 550g","p":1.85,"u":"3,36 €/KG","img":"https://fd9-photos.leclercdrive.fr/image.ashx?id=2962452&use=l&cat=p&typeid=i","cat":284477},{"id":229982,"n":"Coulommiers Eco+ 320g","p":1.78,"u":"5,56 €/KG","img":"https://fd9-photos.leclercdrive.fr/image.ashx?id=2726824&use=l&cat=p&typeid=i","cat":314033},{"id":229984,"n":"Poudre énergétique Isostar Pamplemousse  400g","p":6.9,"u":"17,25 €/KG","img":"https://fd9-photos.leclercdrive.fr/image.ashx?id=2719651&use=l&cat=p&typeid=i","cat":313217},{"id":230137,"n":"Tablette de chocolat Pure Via Eclats d'amandes - 100g","p":2.6,"u":"26,00 €/KG","img":"https://fd9-photos.leclercdrive.fr/image.ashx?id=2789949&use=l&cat=p&typeid=i","cat":284497},{"id":230145,"n":"Tablette Chocolat Pur Via  Caramel pointe de sel - 100g","p":2.6,"u":"26,00 €/KG","img":"https://fd9-photos.leclercdrive.fr/image.ashx?id=2789946&use=l&cat=p&typeid=i","cat":284497},{"id":230146,"n":"Tablette chocolat Pure Via  100g","p":2.4,"u":"24,00 €/KG","img":"https://fd9-photos.leclercdrive.fr/image.ashx?id=2789934&use=l&cat=p&typeid=i","cat":284956},{"id":230147,"n":"Tablette chocolat Pure Via Eclats de noisettes - 100g","p":2.99,"u":"29,90 €/KG","img":"https://fd9-photos.leclercdrive.fr/image.ashx?id=2789937&use=l&cat=p&typeid=i","cat":284497},{"id":230149,"n":"Tablette de chocolat Pur Via Noir - 100g","p":2.97,"u":"29,70 €/KG","img":"https://fd9-photos.leclercdrive.fr/image.ashx?id=2789943&use=l&cat=p&typeid=i","cat":284956},{"id":230160,"n":"Chocolat gianduja Novi Noisettes - 130g","p":3.08,"u":"23,69 €/KG","img":"https://fd9-photos.leclercdrive.fr/image.ashx?id=2778602&use=l&cat=p&typeid=i","cat":284497},{"id":230161,"n":"Tablette de chocolat Lindt Excellence noir dentelle - 100g","p":2.78,"u":"27,80 €/KG","img":"https://fd9-photos.leclercdrive.fr/image.ashx?id=2720440&use=l&cat=p&typeid=i","cat":284497},{"id":230167,"n":"Lessive liquide X-tra Total  Ecopack  x41 - 1.845L","p":6.57,"u":"3,56 €/L","img":"https://fd9-photos.leclercdrive.fr/image.ashx?id=2890124&use=l&cat=p&typeid=i","cat":284640},{"id":230171,"n":"Bière Picon 1L","p":10.22,"u":"10,22 €/L","img":"https://fd9-photos.leclercdrive.fr/image.ashx?id=2720908&use=l&cat=p&typeid=i","cat":334872},{"id":230303,"n":"Rasoir Gillette Fusion x5","p":32.99,"u":"6,60 €/P","img":"https://fd9-photos.leclercdrive.fr/image.ashx?id=2722240&use=l&cat=p&typeid=i","cat":284616},{"id":230306,"n":"Saucisson secs Saint Azay Fromage de chèvre - 100g","p":2.29,"u":"22,90 €/KG","img":"https://fd9-photos.leclercdrive.fr/image.ashx?id=2721398&use=l&cat=p&typeid=i","cat":316006},{"id":230314,"n":"Stick de saucissons secs olive Saint Azay - 100g","p":2.29,"u":"22,90 €/KG","img":"https://fd9-photos.leclercdrive.fr/image.ashx?id=2721401&use=l&cat=p&typeid=i","cat":316006},{"id":230355,"n":"Crème glacée L'Angelys Vanille coulis caramel","p":4.66,"u":"16,64 €/KG","img":"https://fd9-photos.leclercdrive.fr/image.ashx?id=2917001&use=l&cat=p&typeid=i","cat":284264},{"id":230596,"n":"Colin à la Bordelaise Findus  MSC - 380g","p":4.07,"u":"10,71 €/KG","img":"https://fd9-photos.leclercdrive.fr/image.ashx?id=2899503&use=l&cat=p&typeid=i","cat":319786},{"id":230611,"n":"Mini burgers bacon L'Atelier Traiteur x6 - 240g","p":5.99,"u":"24,96 €/KG","img":"https://fd9-photos.leclercdrive.fr/image.ashx?id=2722306&use=l&cat=p&typeid=i","cat":316003},{"id":230637,"n":"Abricots secs Eco+ 500g","p":4.99,"u":"9,98 €/KG","img":"https://fd9-photos.leclercdrive.fr/image.ashx?id=2754871&use=l&cat=p&typeid=i","cat":284357},{"id":230740,"n":"Serviettes incontinence Eco+ Extra - x10","p":1.68,"img":"https://fd9-photos.leclercdrive.fr/image.ashx?id=2722979&use=l&cat=p&typeid=i","cat":284628},{"id":230754,"n":"Huile solaire Lovea Solaire - SPF30 - 150ml","p":12.24,"u":"81,60 €/L","img":"https://fd9-photos.leclercdrive.fr/image.ashx?id=2723827&use=l&cat=p&typeid=i","cat":325349},{"id":230759,"n":"Crème adhésive Fixodent Plus Anti-particules - 40g","p":4.42,"u":"110,50 €/KG","img":"https://fd9-photos.leclercdrive.fr/image.ashx?id=2723947&use=l&cat=p&typeid=i","cat":285158},{"id":230775,"n":"Huile sèche Corine de Farme SPF30 - 150ml","p":11.61,"u":"77,40 €/L","img":"https://fd9-photos.leclercdrive.fr/image.ashx?id=2772119&use=l&cat=p&typeid=i","cat":325355},{"id":230830,"n":"Crackers Belin Monaco Emmental 110g","p":1.22,"u":"11,09 €/KG","img":"https://fd9-photos.leclercdrive.fr/image.ashx?id=3002228&use=l&cat=p&typeid=i","cat":297000},{"id":230985,"n":"Barquettes Cesar 8x100g","p":8.42,"u":"10,53 €/KG","img":"https://fd9-photos.leclercdrive.fr/image.ashx?id=2725786&use=l&cat=p&typeid=i","cat":284673},{"id":231095,"n":"Mayonnaise de Dijon Amora 605g","p":3.75,"u":"6,20 €/KG","img":"https://fd9-photos.leclercdrive.fr/image.ashx?id=2877292&use=l&cat=p&typeid=i","cat":298295},{"id":231098,"n":"Thon Rio Mare 195g","p":4.89,"u":"25,08 €/KG","img":"https://fd9-photos.leclercdrive.fr/image.ashx?id=2725867&use=l&cat=p&typeid=i","cat":303867},{"id":231126,"n":"Thon entier MSC Rio Mare Filet d'huile d'olive - 120g","p":3.42,"u":"28,50 €/KG","img":"https://fd9-photos.leclercdrive.fr/image.ashx?id=2726263&use=l&cat=p&typeid=i","cat":303867},{"id":231152,"n":"Sardines Les Dieux Huile d'olive piment - 115g","p":2.68,"u":"23,30 €/KG","img":"https://fd9-photos.leclercdrive.fr/image.ashx?id=2726155&use=l&cat=p&typeid=i","cat":305146},{"id":231181,"n":"Capsules Absolu + Bicarbonate Sun - Lave-vaiselle x26 - 390g","p":7.9,"u":"20,26 €/KG","img":"https://fd9-photos.leclercdrive.fr/image.ashx?id=2960279&use=l&cat=p&typeid=i","cat":284656},{"id":231282,"n":"Chips Street food Vico  Saveur tzatziki - 120g","p":1.25,"u":"10,42 €/KG","img":"https://fd9-photos.leclercdrive.fr/image.ashx?id=2985192&use=l&cat=p&typeid=i","cat":284447},{"id":231301,"n":"Nouilles au poulet  Tables du Monde - 900g","p":5.19,"u":"5,77 €/KG","img":"https://fd9-photos.leclercdrive.fr/image.ashx?id=2726794&use=l&cat=p&typeid=i","cat":284254},{"id":231313,"n":"Arrangé Isautier Café  50cl","p":16.75,"u":"33,50 €/L","img":"https://fd9-photos.leclercdrive.fr/image.ashx?id=2728474&use=l&cat=p&typeid=i","cat":284551},{"id":231314,"n":"Arrangé Isautier Ananas vanille piment  50cl","p":16.05,"u":"32,10 €/L","img":"https://fd9-photos.leclercdrive.fr/image.ashx?id=2728477&use=l&cat=p&typeid=i","cat":284551},{"id":231325,"n":"Rôti de porc cuit Tradilège supérieur -25% de sel x6 - 210g","p":3.31,"u":"15,76 €/KG","img":"https://fd9-photos.leclercdrive.fr/image.ashx?id=2728291&use=l&cat=p&typeid=i","cat":316009},{"id":231362,"n":"Barquettes de terrine Cesar Bio Natural Goodness - 100g","p":0.91,"u":"9,10 €/KG","img":"https://fd9-photos.leclercdrive.fr/image.ashx?id=2728657&use=l&cat=p&typeid=i","cat":284673},{"id":231364,"n":"Barquettes terrine Cesar Bio Natural Goodness - 100g","p":0.92,"u":"9,20 €/KG","img":"https://fd9-photos.leclercdrive.fr/image.ashx?id=2728654&use=l&cat=p&typeid=i","cat":284673},{"id":231366,"n":"Boîtes chien Cesar Natural Goodness en terrine - 3x400g","p":8.18,"u":"6,82 €/KG","img":"https://fd9-photos.leclercdrive.fr/image.ashx?id=2796405&use=l&cat=p&typeid=i","cat":288578},{"id":231369,"n":"Capsules café L'Or Espresso Splendente N°7 x30","p":9.03,"u":"57,88 €/KG","img":"https://fd9-photos.leclercdrive.fr/image.ashx?id=2728846&use=l&cat=p&typeid=i","cat":284749},{"id":231375,"n":"Fromage Carré Eco+ 25%MG - 200g","p":1.56,"u":"7,80 €/KG","img":"https://fd9-photos.leclercdrive.fr/image.ashx?id=2728047&use=l&cat=p&typeid=i","cat":314033},{"id":231402,"n":"Chips Paysannes Pom'Lisse Lardon oignon - 135g","p":1.39,"u":"10,30 €/KG","img":"https://fd9-photos.leclercdrive.fr/image.ashx?id=2919538&use=l&cat=p&typeid=i","cat":284447},{"id":231403,"n":"Chips sel & vinaigre Pom'Lisse 135g","p":1.07,"u":"7,93 €/KG","img":"https://fd9-photos.leclercdrive.fr/image.ashx?id=2919670&use=l&cat=p&typeid=i","cat":284447},{"id":231570,"n":"Badoit bulles de fruits rouges 1l","p":1.47,"u":"1,47 €/L","img":"https://fd9-photos.leclercdrive.fr/image.ashx?id=2964676&use=l&cat=p&typeid=i","cat":284536},{"id":231571,"n":"Badoit bulles de fruits  Exotiques - 1L","p":1.56,"u":"1,56 €/L","img":"https://fd9-photos.leclercdrive.fr/image.ashx?id=2753952&use=l&cat=p&typeid=i","cat":284536},{"id":231659,"n":"Tablette lave-vaisselle Tout-en-un - x100","p":11.43,"img":"https://fd9-photos.leclercdrive.fr/image.ashx?id=2954908&use=l&cat=p&typeid=i","cat":284656},{"id":231697,"n":"Crème à raser Gillette Satin care - Douce - 177ml","p":14.95,"u":"84,46 €/L","img":"https://fd9-photos.leclercdrive.fr/image.ashx?id=2740883&use=l&cat=p&typeid=i","cat":325352},{"id":231698,"n":"Rasoir Gillette Fusion Power - +1 Recharge","p":14.88,"img":"https://fd9-photos.leclercdrive.fr/image.ashx?id=2740868&use=l&cat=p&typeid=i","cat":284616},{"id":231699,"n":"Rasoir Gillette ProShield Power - +1 recharge","p":19.88,"img":"https://fd9-photos.leclercdrive.fr/image.ashx?id=2740865&use=l&cat=p&typeid=i","cat":284616},{"id":231704,"n":"Lessive multi-usages St Marc  à la Résine de pin - 1,4kg","p":4.78,"u":"3,41 €/KG","img":"https://fd9-photos.leclercdrive.fr/image.ashx?id=2884645&use=l&cat=p&typeid=i","cat":325365},{"id":231706,"n":"Capsules lave-vaisselle Finish  Ultimate Citron - x42","p":9.88,"u":"18,23 €/KG","img":"https://fd9-photos.leclercdrive.fr/image.ashx?id=2749446&use=l&cat=p&typeid=i","cat":284656},{"id":231707,"n":"Capsules lave-vaisselle Finish  Ultimate - x42","p":10.25,"u":"18,05 €/KG","img":"https://fd9-photos.leclercdrive.fr/image.ashx?id=2749443&use=l&cat=p&typeid=i","cat":284656},{"id":231708,"n":"Capsules lave-vaisselle Finish  Quantum - x46","p":8.95,"u":"18,72 €/KG","img":"https://fd9-photos.leclercdrive.fr/image.ashx?id=2749440&use=l&cat=p&typeid=i","cat":284656},{"id":231709,"n":"Capsules lave-vaisselle Finish Ultimate Plus Citron - x35","p":8.95,"u":"20,96 €/KG","img":"https://fd9-photos.leclercdrive.fr/image.ashx?id=2749437&use=l&cat=p&typeid=i","cat":284656},{"id":231710,"n":"Capsules lave-vaisselle Finish Ultimate Plus - x35","p":8.95,"u":"20,96 €/KG","img":"https://fd9-photos.leclercdrive.fr/image.ashx?id=2749434&use=l&cat=p&typeid=i","cat":284656},{"id":231711,"n":"Tablettes lave-vaisselle Finish Power Plus - x80","p":16.6,"u":"12,97 €/KG","img":"https://fd9-photos.leclercdrive.fr/image.ashx?id=2749428&use=l&cat=p&typeid=i","cat":284656},{"id":231712,"n":"Tablettes lave-vaisselle Finish Power Plus - x54","p":8.95,"u":"10,36 €/KG","img":"https://fd9-photos.leclercdrive.fr/image.ashx?id=2749425&use=l&cat=p&typeid=i","cat":284656},{"id":231713,"n":"Spray nettoyant Cillit Bang Expert crasse & calcaire 750ml","p":3.47,"u":"4,63 €/L","img":"https://fd9-photos.leclercdrive.fr/image.ashx?id=2839755&use=l&cat=p&typeid=i","cat":325362},{"id":231714,"n":"Spray nettoyant Cillit Bang  Expert Anti-moisissures - 750ml","p":3.52,"u":"4,69 €/L","img":"https://fd9-photos.leclercdrive.fr/image.ashx?id=2790114&use=l&cat=p&typeid=i","cat":325357},{"id":231715,"n":"Spray nettoyant Cillit Bang  Expert Javel - 750ml","p":2.99,"u":"3,99 €/L","img":"https://fd9-photos.leclercdrive.fr/image.ashx?id=2793653&use=l&cat=p&typeid=i","cat":325357},{"id":231719,"n":"Lessive capsules Super Croix X-tra Bora Bora x28  - 336g","p":7.99,"u":"23,78 €/KG","img":"https://fd9-photos.leclercdrive.fr/image.ashx?id=2876284&use=l&cat=p&typeid=i","cat":284641},{"id":231918,"n":"AOP Côtes de Provence rouge Berne Grande récolte - 75cl","p":11.35,"u":"15,13 €/L","img":"https://fd9-photos.leclercdrive.fr/image.ashx?id=2857533&use=l&cat=p&typeid=i","cat":289556},{"id":232021,"n":"My Intuition - Rasoirs comfort sensitive Xtreme 3 Wilkinson","p":10.26,"img":"https://fd9-photos.leclercdrive.fr/image.ashx?id=2743538&use=l&cat=p&typeid=i","cat":325352},{"id":232022,"n":"Lessive capsules Super Croix  X-tra Japon x28 - 336g","p":8.37,"u":"24,91 €/KG","img":"https://fd9-photos.leclercdrive.fr/image.ashx?id=2876278&use=l&cat=p&typeid=i","cat":284641},{"id":232107,"n":"Gin Bombay Saphire Sunset - 70cl 43% vol.","p":25.35,"u":"36,21 €/L","img":"https://fd9-photos.leclercdrive.fr/image.ashx?id=2848394&use=l&cat=p&typeid=i","cat":284550},{"id":232118,"n":"Bière blonde Corona Extra 4,5% - 3x33cl","p":5.15,"u":"5,20 €/L","img":"https://fd9-photos.leclercdrive.fr/image.ashx?id=2861177&use=l&cat=p&typeid=i","cat":334873},{"id":232130,"n":"Lessive liquide Super Croix  X-tra Bora Bora x63 - 2.835L","p":14.14,"u":"4,99 €/L","img":"https://fd9-photos.leclercdrive.fr/image.ashx?id=2876269&use=l&cat=p&typeid=i","cat":284640},{"id":232165,"n":"Adoucissant concentré Soupline Couleurs éclatantes - x52 -1.2L","p":4.99,"u":"4,16 €/L","img":"https://fd9-photos.leclercdrive.fr/image.ashx?id=2745427&use=l&cat=p&typeid=i","cat":284650},{"id":232183,"n":"Liquide vaisselle Mir  Dégraissant citron - 450ml","p":1.63,"u":"3,62 €/L","img":"https://fd9-photos.leclercdrive.fr/image.ashx?id=2744028&use=l&cat=p&typeid=i","cat":284655},{"id":232195,"n":"Liquide vaisselle Mir  Peau sensible aloe vera - 450ml","p":1.47,"u":"3,27 €/L","img":"https://fd9-photos.leclercdrive.fr/image.ashx?id=2874904&use=l&cat=p&typeid=i","cat":284655},{"id":232230,"n":"Crème visage Mixa Expert Anti-tâches SPF20 - 50ml","p":8.43,"u":"168,60 €/L","img":"https://fd9-photos.leclercdrive.fr/image.ashx?id=2770551&use=l&cat=p&typeid=i","cat":325345},{"id":232231,"n":"Nettoyant confort visage Mixa Anti-secheresse - 150ml","p":5.83,"u":"38,87 €/L","img":"https://fd9-photos.leclercdrive.fr/image.ashx?id=2744171&use=l&cat=p&typeid=i","cat":284603},{"id":232233,"n":"Gelée matifiante visage Mixa Anti-imperfections - 50ml","p":10.29,"u":"205,80 €/L","img":"https://fd9-photos.leclercdrive.fr/image.ashx?id=2770554&use=l&cat=p&typeid=i","cat":325345},{"id":232237,"n":"Nettoyant confort visage Mixa Anti-imperfection - 150ml","p":5.83,"u":"38,87 €/L","img":"https://fd9-photos.leclercdrive.fr/image.ashx?id=2744168&use=l&cat=p&typeid=i","cat":284603},{"id":232275,"n":"Bain de bouche Colgate Max Fraîcheur intense - 500ml","p":4.2,"u":"8,40 €/L","img":"https://fd9-photos.leclercdrive.fr/image.ashx?id=2745433&use=l&cat=p&typeid=i","cat":284613},{"id":232301,"n":"Dentifrice Signal Professionnel Sensibilité - Blancheur - 75ml","p":4.0,"u":"53,33 €/L","img":"https://fd9-photos.leclercdrive.fr/image.ashx?id=2858717&use=l&cat=p&typeid=i","cat":284612},{"id":232302,"n":"Dentifrice Signal Professionnel Soin complet - 75ml","p":4.0,"u":"53,33 €/L","img":"https://fd9-photos.leclercdrive.fr/image.ashx?id=2903878&use=l&cat=p&typeid=i","cat":284612},{"id":232309,"n":"Bloc WC Fresh Disc Canard Citron vert - 1x36ml","p":2.94,"img":"https://fd9-photos.leclercdrive.fr/image.ashx?id=2745769&use=l&cat=p&typeid=i","cat":284662},{"id":232314,"n":"Fil dentaire ciré Ricqles Fluoré & Mentholé - 60m","p":3.59,"img":"https://fd9-photos.leclercdrive.fr/image.ashx?id=2745637&use=l&cat=p&typeid=i","cat":285159},{"id":232318,"n":"Tablette lave-vaisselle Sun Tout-en-1 - x86 - 1.419kg","p":14.78,"u":"10,42 €/KG","img":"https://fd9-photos.leclercdrive.fr/image.ashx?id=3000899&use=l&cat=p&typeid=i","cat":284656},{"id":232341,"n":"Bloc WC Canard Fresh Disc Fraîcheur marine - 36ml","p":2.45,"img":"https://fd9-photos.leclercdrive.fr/image.ashx?id=2747691&use=l&cat=p&typeid=i","cat":284662},{"id":232345,"n":"Adoucissant Soupline concentré Utra Emotion Rose - 1.28L - x60","p":5.63,"u":"4,40 €/L","img":"https://fd9-photos.leclercdrive.fr/image.ashx?id=2832575&use=l&cat=p&typeid=i","cat":284650},{"id":232346,"n":"Tablettes Adoucissant Soupline Coeur Emotion Rose - x28 336g","p":6.36,"u":"18,93 €/KG","img":"https://fd9-photos.leclercdrive.fr/image.ashx?id=2745841&use=l&cat=p&typeid=i","cat":284650},{"id":232347,"n":"Perles de linge Soupline Coco - 230g","p":5.97,"u":"25,96 €/KG","img":"https://fd9-photos.leclercdrive.fr/image.ashx?id=2945829&use=l&cat=p&typeid=i","cat":325302},{"id":232348,"n":"Perles de linge Soupline Lavande - 230g","p":5.97,"u":"25,96 €/KG","img":"https://fd9-photos.leclercdrive.fr/image.ashx?id=2745835&use=l&cat=p&typeid=i","cat":325302},{"id":232351,"n":"Désinfectant du linge Lysol  Douceur de printemps - 1L","p":5.99,"pp":3.95,"u":"3,95 €/L","img":"https://fd9-photos.leclercdrive.fr/image.ashx?id=2745745&use=l&cat=p&typeid=i","cat":290451},{"id":232352,"n":"Désinfectant du linge Lysol  Parfum linge frais - 1,5L","p":5.99,"pp":3.95,"u":"2,63 €/L","img":"https://fd9-photos.leclercdrive.fr/image.ashx?id=2745742&use=l&cat=p&typeid=i","cat":290451},{"id":232353,"n":"Désodorisant diffuseur Airwick  huile essentielle Vanille -20ml","p":7.09,"img":"https://fd9-photos.leclercdrive.fr/image.ashx?id=2963481&use=l&cat=p&typeid=i","cat":311629},{"id":232356,"n":"Gel douche Sanex Zéro Family - Pompe - 700ml","p":5.76,"u":"8,23 €/L","img":"https://fd9-photos.leclercdrive.fr/image.ashx?id=2745859&use=l&cat=p&typeid=i","cat":284594},{"id":232357,"n":"Recharge Gel douche Sanex Zéro - Peaux sensibles - 500ml","p":3.32,"u":"6,64 €/L","img":"https://fd9-photos.leclercdrive.fr/image.ashx?id=2745856&use=l&cat=p&typeid=i","cat":284594},{"id":232358,"n":"Gel lavant désinfectant Sanytol Purifiant - 500ml","p":6.1,"u":"12,20 €/L","img":"https://fd9-photos.leclercdrive.fr/image.ashx?id=2904664&use=l&cat=p&typeid=i","cat":284597},{"id":232389,"n":"Nettoyant Textiles Tech9 + Brosse","p":4.59,"img":"https://fd9-photos.leclercdrive.fr/image.ashx?id=2907267&use=l&cat=p&typeid=i","cat":298252},{"id":232395,"n":"Nettoyant Jantes Tech9 Pulvérisateur - 500ml","p":3.99,"u":"7,98 €/L","img":"https://fd9-photos.leclercdrive.fr/image.ashx?id=2907276&use=l&cat=p&typeid=i","cat":298252},{"id":232410,"n":"Nettoyant plastique Tech9 Vanille - Brillance - 400ml","p":3.99,"u":"9,98 €/L","img":"https://fd9-photos.leclercdrive.fr/image.ashx?id=2884285&use=l&cat=p&typeid=i","cat":298252},{"id":232416,"n":"Nettoyant pour vitres TECH9 500ml","p":3.2,"u":"6,40 €/L","img":"https://fd9-photos.leclercdrive.fr/image.ashx?id=2907291&use=l&cat=p&typeid=i","cat":298252},{"id":232520,"n":"Pâtes Barilla Ditalini Rigati - 500g","p":1.27,"u":"2,54 €/KG","img":"https://fd9-photos.leclercdrive.fr/image.ashx?id=2748668&use=l&cat=p&typeid=i","cat":284427},{"id":232839,"n":"Gel déboucheur Destop  Turbo 5 min - 4 doses - 1L","p":7.17,"u":"7,17 €/L","img":"https://fd9-photos.leclercdrive.fr/image.ashx?id=2976032&use=l&cat=p&typeid=i","cat":284908},{"id":232856,"n":"Mini saucissons secs Saint-Azay À la truffe d'été - 75g","p":1.99,"u":"26,53 €/KG","img":"https://fd9-photos.leclercdrive.fr/image.ashx?id=2754901&use=l&cat=p&typeid=i","cat":316006},{"id":232857,"n":"Noisettes grillées sans sel  Couleurs Vives - 200g","p":3.49,"u":"17,45 €/KG","img":"https://fd9-photos.leclercdrive.fr/image.ashx?id=2749613&use=l&cat=p&typeid=i","cat":284357},{"id":232961,"n":"Gel douche Sanex Zéro% Sensitive Pompe - 700ml","p":5.64,"u":"8,06 €/L","img":"https://fd9-photos.leclercdrive.fr/image.ashx?id=2751384&use=l&cat=p&typeid=i","cat":284594},{"id":232971,"n":"Râpe Scholl Manuelle Nanofile - x1","p":8.81,"img":"https://fd9-photos.leclercdrive.fr/image.ashx?id=2990958&use=l&cat=p&typeid=i","cat":323852},{"id":232974,"n":"Gel massage Intimy Pomme d'amour - 200ml","p":6.19,"u":"30,95 €/L","img":"https://fd9-photos.leclercdrive.fr/image.ashx?id=2751012&use=l&cat=p&typeid=i","cat":285160},{"id":232979,"n":"Bougie Glade Aromatherapy  Orange & Néroli - x1","p":6.43,"img":"https://fd9-photos.leclercdrive.fr/image.ashx?id=2867725&use=l&cat=p&typeid=i","cat":284666},{"id":232982,"n":"Bougie Glade Vanille - 112g","p":3.77,"img":"https://fd9-photos.leclercdrive.fr/image.ashx?id=2751285&use=l&cat=p&typeid=i","cat":284666},{"id":232986,"n":"Bougie Glade Anti-tabac - 112g","p":3.77,"img":"https://fd9-photos.leclercdrive.fr/image.ashx?id=2751276&use=l&cat=p&typeid=i","cat":284666},{"id":232989,"n":"Spray nettoyant Cillit Bang  Expert Dégraissant - 750ml","p":3.05,"img":"https://fd9-photos.leclercdrive.fr/image.ashx?id=2751222&use=l&cat=p&typeid=i","cat":325357},{"id":232991,"n":"Déodorant Eco+ Floral - 200ml","p":0.87,"u":"4,35 €/L","img":"https://fd9-photos.leclercdrive.fr/image.ashx?id=2750270&use=l&cat=p&typeid=i","cat":284595},{"id":232994,"n":"Gel Lubrifiant Intime Intimy Fleur de coton - 70ml","p":5.3,"u":"75,71 €/L","img":"https://fd9-photos.leclercdrive.fr/image.ashx?id=2774957&use=l&cat=p&typeid=i","cat":285160},{"id":233001,"n":"Gel Lubrifiant Durex Naturel Hydratant - 100ML","p":6.98,"u":"69,80 €/L","img":"https://fd9-photos.leclercdrive.fr/image.ashx?id=2962026&use=l&cat=p&typeid=i","cat":285160},{"id":233100,"n":"Rasoir Intuition Wilkinson Sensitive Care 2en1 - x1","p":8.04,"img":"https://fd9-photos.leclercdrive.fr/image.ashx?id=2849430&use=l&cat=p&typeid=i","cat":325352},{"id":233103,"n":"Dentifrice Sensodyne Soin blancheur - 2x75ml","p":5.66,"u":"37,73 €/L","img":"https://fd9-photos.leclercdrive.fr/image.ashx?id=2829928&use=l&cat=p&typeid=i","cat":284612},{"id":233105,"n":"Dentifrice Sensodyne Répare & protège Menthe 2x75ml","p":6.73,"u":"44,87 €/L","img":"https://fd9-photos.leclercdrive.fr/image.ashx?id=2806919&use=l&cat=p&typeid=i","cat":284612},{"id":233106,"n":"Dentifrice Sensodyne Répare & Protège Blancheur 2x75ml","p":6.31,"u":"42,07 €/L","img":"https://fd9-photos.leclercdrive.fr/image.ashx?id=2880312&use=l&cat=p&typeid=i","cat":284612},{"id":233122,"n":"Shampooing / Après-shampooing DermaxPro - Hydrate","p":11.0,"img":"https://fd9-photos.leclercdrive.fr/image.ashx?id=2752182&use=l&cat=p&typeid=i","cat":284606},{"id":233123,"n":"Shampooing / Crème de soin DermaxPro - Hydrate - x2","p":9.9,"img":"https://fd9-photos.leclercdrive.fr/image.ashx?id=2752185&use=l&cat=p&typeid=i","cat":284606},{"id":233137,"n":"Masque cheveux Fructis Réparateur - Papaye - 320ml","p":5.79,"u":"18,09 €/L","img":"https://fd9-photos.leclercdrive.fr/image.ashx?id=2754036&use=l&cat=p&typeid=i","cat":284608},{"id":233151,"n":"Masque cheveux fructis Nourrissant - Banana - 320ml","p":5.79,"u":"18,09 €/L","img":"https://fd9-photos.leclercdrive.fr/image.ashx?id=2754042&use=l&cat=p&typeid=i","cat":284608},{"id":233153,"n":"Masque cheveux Fructis Nutrition Beurre de cacao 320ml","p":5.79,"u":"18,09 €/L","img":"https://fd9-photos.leclercdrive.fr/image.ashx?id=2788763&use=l&cat=p&typeid=i","cat":284608},{"id":233154,"n":"Masque cheveux Fructis Hydratant - Aloe Vera - 320ml","p":5.79,"u":"18,09 €/L","img":"https://fd9-photos.leclercdrive.fr/image.ashx?id=2754048&use=l&cat=p&typeid=i","cat":284608},{"id":233204,"n":"Guimauves Chocours Copains copines 600g","p":5.19,"u":"8,65 €/KG","img":"https://fd9-photos.leclercdrive.fr/image.ashx?id=2934778&use=l&cat=p&typeid=i","cat":304250},{"id":233261,"n":"Jus de fruits Cidou Pomme Fraise - 1L","p":2.26,"u":"2,26 €/L","img":"https://fd9-photos.leclercdrive.fr/image.ashx?id=2753193&use=l&cat=p&typeid=i","cat":284522},{"id":233280,"n":"Nouilles Tables du Monde Boeuf - 3x65g","p":1.25,"u":"6,41 €/KG","img":"https://fd9-photos.leclercdrive.fr/image.ashx?id=2752545&use=l&cat=p&typeid=i","cat":288992},{"id":233299,"n":"Plat à tarte 28cm - x1","p":12.0,"img":"https://fd9-photos.leclercdrive.fr/image.ashx?id=2816773&use=l&cat=p&typeid=i","cat":298490},{"id":233300,"n":"Plaque de cuisson 40x27cm - x1","p":18.0,"img":"https://fd9-photos.leclercdrive.fr/image.ashx?id=2816776&use=l&cat=p&typeid=i","cat":298490},{"id":233301,"n":"Plat à four Petit - 23x16cm - x1","p":19.0,"img":"https://fd9-photos.leclercdrive.fr/image.ashx?id=2816779&use=l&cat=p&typeid=i","cat":298490},{"id":233303,"n":"Plat à four Grand - 38x26cm - x1","p":39.0,"img":"https://fd9-photos.leclercdrive.fr/image.ashx?id=2816785&use=l&cat=p&typeid=i","cat":298490},{"id":233304,"n":"Rape zesteur x1","p":17.0,"img":"https://fd9-photos.leclercdrive.fr/image.ashx?id=2816794&use=l&cat=p&typeid=i","cat":334135},{"id":233305,"n":"Verre mesureur 1L - x1","p":15.0,"img":"https://fd9-photos.leclercdrive.fr/image.ashx?id=2816791&use=l&cat=p&typeid=i","cat":334135},{"id":233306,"n":"Moule à manqué 24cm - x1","p":19.0,"img":"https://fd9-photos.leclercdrive.fr/image.ashx?id=2816767&use=l&cat=p&typeid=i","cat":298490},{"id":233307,"n":"Cocotte avec couvercle 24cm - x1","p":99.0,"img":"https://fd9-photos.leclercdrive.fr/image.ashx?id=2816788&use=l&cat=p&typeid=i","cat":298490},{"id":233436,"n":"Coquille St-Jacques et fruits  de mer Eco+ 360g","p":3.97,"u":"11,03 €/KG","img":"https://fd9-photos.leclercdrive.fr/image.ashx?id=2754249&use=l&cat=p&typeid=i","cat":319787},{"id":233443,"n":"Escalopes de dinde Eco+ x5 - 600g","p":5.98,"u":"9,97 €/KG","img":"https://fd9-photos.leclercdrive.fr/image.ashx?id=2759187&use=l&cat=p&typeid=i","cat":284337},{"id":233473,"n":"Bière blonde Leffe Prestige 124 8,5% - 75cl","p":4.17,"u":"5,56 €/L","img":"https://fd9-photos.leclercdrive.fr/image.ashx?id=2755816&use=l&cat=p&typeid=i","cat":334852},{"id":233480,"n":"Fromage à tartiner Madame Loïk 9x20g","p":2.12,"u":"11,78 €/KG","img":"https://fd9-photos.leclercdrive.fr/image.ashx?id=2945562&use=l&cat=p&typeid=i","cat":314029},{"id":233612,"n":"Thé glacé Lipton Ice Tea Pêche - 5x1.25L + 1 offerte","p":7.49,"u":"29,96 €/L","img":"https://fd9-photos.leclercdrive.fr/image.ashx?id=2921100&use=l&cat=p&typeid=i","cat":295019},{"id":233623,"n":"Baume corps Le Petit Marseillais - Monoï - 380ml","p":6.94,"u":"18,26 €/L","img":"https://fd9-photos.leclercdrive.fr/image.ashx?id=2908171&use=l&cat=p&typeid=i","cat":325350},{"id":233625,"n":"Gommage corps Le Petit Marseillais - Coco - 150ml","p":5.25,"u":"35,00 €/L","img":"https://fd9-photos.leclercdrive.fr/image.ashx?id=2758108&use=l&cat=p&typeid=i","cat":325375},{"id":233626,"n":"Spray démêlant Le Petit Marseillais Pamplemousse 200ml","p":3.67,"u":"18,35 €/L","img":"https://fd9-photos.leclercdrive.fr/image.ashx?id=2758099&use=l&cat=p&typeid=i","cat":284608},{"id":233628,"n":"Gel douche Le Petit Marseillais Pin & Criste marine Bio 650ml","p":3.6,"u":"5,54 €/L","img":"https://fd9-photos.leclercdrive.fr/image.ashx?id=2758117&use=l&cat=p&typeid=i","cat":284594},{"id":233644,"n":"Escalopes de dinde Eco+ x2 - 240g","p":2.99,"u":"12,46 €/KG","img":"https://fd9-photos.leclercdrive.fr/image.ashx?id=2764797&use=l&cat=p&typeid=i","cat":284337},{"id":233645,"n":"Café Soluble Starbucks Caramel Latte 5 sticks - 115g","p":2.9,"u":"25,22 €/KG","img":"https://fd9-photos.leclercdrive.fr/image.ashx?id=2766099&use=l&cat=p&typeid=i","cat":284843},{"id":233729,"n":"Lessive liquide Skip Cycle  Court Efficacité Express x54","p":13.89,"u":"6,43 €/L","img":"https://fd9-photos.leclercdrive.fr/image.ashx?id=2843553&use=l&cat=p&typeid=i","cat":284640},{"id":233730,"n":"Lessive liquide Skip Cycle Court Couleur Protect x54","p":13.89,"u":"6,43 €/L","img":"https://fd9-photos.leclercdrive.fr/image.ashx?id=2842168&use=l&cat=p&typeid=i","cat":284640},{"id":233731,"n":"Lessive liquide Skip Cycle  Court Odeur Control x54","p":13.89,"u":"6,43 €/L","img":"https://fd9-photos.leclercdrive.fr/image.ashx?id=2788253&use=l&cat=p&typeid=i","cat":284640},{"id":233743,"n":"Bâtonnets glace Magnum chocolat blanc fruits rouges x3 - 196.5g","p":2.97,"u":"15,15 €/KG","img":"https://fd9-photos.leclercdrive.fr/image.ashx?id=2850288&use=l&cat=p&typeid=i","cat":284265},{"id":233744,"n":"Bâtonnets glace Magnum  Remix Amandes x3 - 198g","p":3.07,"u":"15,51 €/KG","img":"https://fd9-photos.leclercdrive.fr/image.ashx?id=2891758&use=l&cat=p&typeid=i","cat":284265},{"id":233746,"n":"Bâtonnets glace Ferrero Rondnoir x4 - 200g","p":3.7,"u":"18,50 €/KG","img":"https://fd9-photos.leclercdrive.fr/image.ashx?id=2807891&use=l&cat=p&typeid=i","cat":284265},{"id":233764,"n":"AOP vin rosé Bordeaux  Bio Mouton Cadet Rosé - 75cl","p":7.2,"u":"9,60 €/L","img":"https://fd9-photos.leclercdrive.fr/image.ashx?id=2857126&use=l&cat=p&typeid=i","cat":289558},{"id":233769,"n":"Dentifrice Oral-B 3D White Artic Fresh - 2x75ml","p":5.38,"u":"35,87 €/L","img":"https://fd9-photos.leclercdrive.fr/image.ashx?id=2804586&use=l&cat=p&typeid=i","cat":284612},{"id":233886,"n":"Dosettes café Senseo Cappuccino x8","p":3.04,"u":"33,04 €/KG","img":"https://fd9-photos.leclercdrive.fr/image.ashx?id=2760187&use=l&cat=p&typeid=i","cat":293238},{"id":233920,"n":"Os Vitakraft Calcium Poulet  Pure Bonas","p":3.8,"img":"https://fd9-photos.leclercdrive.fr/image.ashx?id=2851255&use=l&cat=p&typeid=i","cat":294527},{"id":233946,"n":"Lessive capsules Omo Monoï - 3en1 - x29 - 502g","p":9.66,"u":"19,24 €/KG","img":"https://fd9-photos.leclercdrive.fr/image.ashx?id=2841607&use=l&cat=p&typeid=i","cat":284641},{"id":233949,"n":"Lessive capsules 3en1 Omo Lavande & Patchouli - x29 502g","p":10.01,"u":"19,94 €/KG","img":"https://fd9-photos.leclercdrive.fr/image.ashx?id=2832599&use=l&cat=p&typeid=i","cat":284641},{"id":233950,"n":"Lessive capsules 3en1 Omo Jasmin fleur de coton 502g x29","p":9.14,"u":"18,21 €/KG","img":"https://fd9-photos.leclercdrive.fr/image.ashx?id=2841613&use=l&cat=p&typeid=i","cat":284641},{"id":233953,"n":"Lessive liquide Skip Cycle  Court Efficacité Express x37","p":10.28,"u":"6,95 €/L","img":"https://fd9-photos.leclercdrive.fr/image.ashx?id=2910240&use=l&cat=p&typeid=i","cat":284640},{"id":233955,"n":"Lessive liquide Skip Cycle Court Odeur Control x37","p":10.52,"u":"7,11 €/L","img":"https://fd9-photos.leclercdrive.fr/image.ashx?id=2927735&use=l&cat=p&typeid=i","cat":284640},{"id":233956,"n":"Lessive liquide Omo Rose & Lilas Blanc - 1.76L","p":9.75,"u":"5,53 €/L","img":"https://fd9-photos.leclercdrive.fr/image.ashx?id=2818208&use=l&cat=p&typeid=i","cat":284640},{"id":233987,"n":"Chips oignons rings Nongshim - 50g","p":3.06,"u":"61,20 €/KG","img":"https://fd9-photos.leclercdrive.fr/image.ashx?id=2762364&use=l&cat=p&typeid=i","cat":284447},{"id":233988,"n":"Chips oignons rings épicés Nongshim - 40g","p":3.06,"u":"76,50 €/KG","img":"https://fd9-photos.leclercdrive.fr/image.ashx?id=2762343&use=l&cat=p&typeid=i","cat":284447},{"id":233989,"n":"Nouilles instantanées Nongshim au Kimchi - 112g","p":4.01,"u":"35,80 €/KG","img":"https://fd9-photos.leclercdrive.fr/image.ashx?id=2762358&use=l&cat=p&typeid=i","cat":288992},{"id":233991,"n":"Soupe de nouilles Nongshim 114g","p":4.01,"u":"35,18 €/KG","img":"https://fd9-photos.leclercdrive.fr/image.ashx?id=2762346&use=l&cat=p&typeid=i","cat":288992},{"id":233994,"n":"Cup de nouilles instantanées Nongshim - 75g","p":2.45,"u":"32,67 €/KG","img":"https://fd9-photos.leclercdrive.fr/image.ashx?id=2762352&use=l&cat=p&typeid=i","cat":288992},{"id":233997,"n":"Cup de nouilles instantanées Nongshim - Végétarien - 67g","p":2.45,"u":"36,57 €/KG","img":"https://fd9-photos.leclercdrive.fr/image.ashx?id=2762349&use=l&cat=p&typeid=i","cat":288992},{"id":234006,"n":"Bol nouilles instantanées Crevettes épicées - 115g","p":4.01,"u":"34,87 €/KG","img":"https://fd9-photos.leclercdrive.fr/image.ashx?id=2764080&use=l&cat=p&typeid=i","cat":288992},{"id":234007,"n":"Bol nouilles épicées \"Super Spicy\" - 68g","p":2.86,"u":"42,06 €/KG","img":"https://fd9-photos.leclercdrive.fr/image.ashx?id=2762361&use=l&cat=p&typeid=i","cat":288992},{"id":234008,"n":"Bol nouilles épicées Nongshim Shin cup - 68g","p":2.45,"u":"36,03 €/KG","img":"https://fd9-photos.leclercdrive.fr/image.ashx?id=2762355&use=l&cat=p&typeid=i","cat":288992},{"id":234012,"n":"Chips de crevettes Nongshim 75g","p":3.38,"u":"45,07 €/KG","img":"https://fd9-photos.leclercdrive.fr/image.ashx?id=2764083&use=l&cat=p&typeid=i","cat":284447},{"id":234152,"n":"Déodorant bille Ushuaïa Monoï & tiaré - 50ml","p":2.74,"u":"54,80 €/L","img":"https://fd9-photos.leclercdrive.fr/image.ashx?id=2769020&use=l&cat=p&typeid=i","cat":284595},{"id":234155,"n":"Déodorant bille femme Ushuaïa Grenade açores - 50ml","p":2.74,"u":"54,80 €/L","img":"https://fd9-photos.leclercdrive.fr/image.ashx?id=2789092&use=l&cat=p&typeid=i","cat":284595},{"id":234156,"n":"Déodorant bille Ushuaïa Vanille - 50ml","p":2.74,"u":"54,80 €/L","img":"https://fd9-photos.leclercdrive.fr/image.ashx?id=2769023&use=l&cat=p&typeid=i","cat":284595},{"id":234157,"n":"Déodorant spray Ushuaïa Grenade - 200ml","p":2.74,"u":"13,70 €/L","img":"https://fd9-photos.leclercdrive.fr/image.ashx?id=2769026&use=l&cat=p&typeid=i","cat":284595},{"id":234158,"n":"Déodorant spray Ushuaïa Orchidée - 200ml","p":2.74,"u":"13,70 €/L","img":"https://fd9-photos.leclercdrive.fr/image.ashx?id=2769029&use=l&cat=p&typeid=i","cat":284595},{"id":234159,"n":"Déodorant spray Ushuaïa Vanille - 200ml","p":2.74,"u":"13,70 €/L","img":"https://fd9-photos.leclercdrive.fr/image.ashx?id=2769032&use=l&cat=p&typeid=i","cat":284595},{"id":234166,"n":"Déodorant spray homme Narta Resixyl Physio - 200ml","p":4.95,"u":"24,75 €/L","img":"https://fd9-photos.leclercdrive.fr/image.ashx?id=2769044&use=l&cat=p&typeid=i","cat":284596},{"id":234168,"n":"Déodorant bille homme Narta Resixyl Physio - 50ml","p":4.03,"u":"80,60 €/L","img":"https://fd9-photos.leclercdrive.fr/image.ashx?id=2769035&use=l&cat=p&typeid=i","cat":284596},{"id":234261,"n":"Nouilles instantanées Mei Asia Boeuf Teppanyaki - 65g","p":1.49,"u":"22,92 €/KG","img":"https://fd9-photos.leclercdrive.fr/image.ashx?id=2763601&use=l&cat=p&typeid=i","cat":288992},{"id":234264,"n":"Nouilles instantanées Mei Asia Porc - 65g","p":1.45,"u":"22,31 €/KG","img":"https://fd9-photos.leclercdrive.fr/image.ashx?id=2763607&use=l&cat=p&typeid=i","cat":288992},{"id":234274,"n":"Aérosol Glade huile essentielle  jasmin et bois santal 300ml","p":1.99,"u":"6,63 €/L","img":"https://fd9-photos.leclercdrive.fr/image.ashx?id=2763685&use=l&cat=p&typeid=i","cat":311626},{"id":234281,"n":"Gel parfumé Glade huiles essentielles - Lavande 150g","p":1.32,"u":"8,80 €/KG","img":"https://fd9-photos.leclercdrive.fr/image.ashx?id=2763748&use=l&cat=p&typeid=i","cat":311628},{"id":234295,"n":"Recharge Sense & Spray Glade Linge propre - 18ml","p":4.03,"u":"223,89 €/L","img":"https://fd9-photos.leclercdrive.fr/image.ashx?id=2763688&use=l&cat=p&typeid=i","cat":311629},{"id":234370,"n":"Cornichons Croq'Vert  Amora Extra-fins aux épices 210g","p":2.09,"u":"9,95 €/KG","img":"https://fd9-photos.leclercdrive.fr/image.ashx?id=2770671&use=l&cat=p&typeid=i","cat":284458},{"id":234375,"n":"Nouilles Tables du Monde Poulet - 3x65g","p":1.39,"u":"7,13 €/KG","img":"https://fd9-photos.leclercdrive.fr/image.ashx?id=2763045&use=l&cat=p&typeid=i","cat":288992},{"id":234379,"n":"Bâtonnets Magnum Euphoria Pink limonade x3 - 208g","p":2.4,"u":"11,54 €/KG","img":"https://fd9-photos.leclercdrive.fr/image.ashx?id=2788121&use=l&cat=p&typeid=i","cat":284265},{"id":234513,"n":"Thé vert gingembre  Lipton Bio citron vert x20 - 28g","p":3.47,"u":"123,93 €/KG","img":"https://fd9-photos.leclercdrive.fr/image.ashx?id=2769131&use=l&cat=p&typeid=i","cat":293233},{"id":234520,"n":"Boisson tropical Jafun 1.5L","p":1.59,"u":"1,06 €/L","img":"https://fd9-photos.leclercdrive.fr/image.ashx?id=2913766&use=l&cat=p&typeid=i","cat":295018},{"id":234521,"n":"Boisson Jafun Pomme cassis framboise 1L","p":1.35,"u":"1,35 €/L","img":"https://fd9-photos.leclercdrive.fr/image.ashx?id=2764745&use=l&cat=p&typeid=i","cat":295018},{"id":234601,"n":"Plateau de crevettes cocktail L'Atelier Poissonnerie - 130g","p":4.69,"u":"36,08 €/KG","img":"https://fd9-photos.leclercdrive.fr/image.ashx?id=2917903&use=l&cat=p&typeid=i","cat":284343},{"id":234700,"n":"Sauge Ducros 12g","p":1.46,"u":"121,67 €/KG","img":"https://fd9-photos.leclercdrive.fr/image.ashx?id=2767090&use=l&cat=p&typeid=i","cat":298297},{"id":234701,"n":"Mélange Piment de Cayenne fort Ducros - 29g","p":2.6,"u":"89,66 €/KG","img":"https://fd9-photos.leclercdrive.fr/image.ashx?id=2767132&use=l&cat=p&typeid=i","cat":298297},{"id":234702,"n":"Marjolaine Ducros 10g","p":1.31,"u":"131,00 €/KG","img":"https://fd9-photos.leclercdrive.fr/image.ashx?id=2767087&use=l&cat=p&typeid=i","cat":298297},{"id":234706,"n":"Piment de Cayenne entier  Ducros - 11g","p":2.01,"u":"182,73 €/KG","img":"https://fd9-photos.leclercdrive.fr/image.ashx?id=2767096&use=l&cat=p&typeid=i","cat":298297},{"id":234860,"n":"Fromage Mini Caprice Des Dieux Filet de 4 Portions - 200g","p":3.46,"u":"17,30 €/KG","img":"https://fd9-photos.leclercdrive.fr/image.ashx?id=2768933&use=l&cat=p&typeid=i","cat":314033},{"id":234861,"n":"Jus de pomme pêche poire  Jafaden - 90cl","p":2.26,"u":"2,51 €/L","img":"https://fd9-photos.leclercdrive.fr/image.ashx?id=2916731&use=l&cat=p&typeid=i","cat":285435},{"id":234866,"n":"Mini nems au poulet Tables du Monde x8 - 240g","p":3.68,"u":"15,33 €/KG","img":"https://fd9-photos.leclercdrive.fr/image.ashx?id=2768484&use=l&cat=p&typeid=i","cat":319774},{"id":234869,"n":"Gâteau moelleux Chocalin Harrys Cacao et Chocolat X10 - 350G","p":3.41,"u":"9,74 €/KG","img":"https://fd9-photos.leclercdrive.fr/image.ashx?id=2962464&use=l&cat=p&typeid=i","cat":284495},{"id":234870,"n":"Gâteaux Choco Mousse Harrys Fourrés au chocolat  X8 - 280G","p":2.81,"u":"10,04 €/KG","img":"https://fd9-photos.leclercdrive.fr/image.ashx?id=2985069&use=l&cat=p&typeid=i","cat":284495},{"id":234875,"n":"Purée de tomates Heinz x 3 - 212g","p":2.02,"u":"3,18 €/KG","img":"https://fd9-photos.leclercdrive.fr/image.ashx?id=2927004&use=l&cat=p&typeid=i","cat":288384},{"id":234947,"n":"Filets de thon Rio Mare Huile d'Olive & Gingembre -130g","p":4.07,"u":"31,31 €/KG","img":"https://fd9-photos.leclercdrive.fr/image.ashx?id=2770915&use=l&cat=p&typeid=i","cat":303867},{"id":234959,"n":"Croissants prêts à cuire Eco+ x20 - 1.1kg","p":5.7,"u":"5,18 €/KG","img":"https://fd9-photos.leclercdrive.fr/image.ashx?id=2770286&use=l&cat=p&typeid=i","cat":284267},{"id":234960,"n":"Pains au chocolat Eco+ x20 - 1.2kg","p":5.99,"u":"4,99 €/KG","img":"https://fd9-photos.leclercdrive.fr/image.ashx?id=2770289&use=l&cat=p&typeid=i","cat":284267},{"id":234984,"n":"Dentifrice Sanogyl Biome  Protège gencives - 2x75ml","p":8.3,"u":"55,33 €/L","img":"https://fd9-photos.leclercdrive.fr/image.ashx?id=2771211&use=l&cat=p&typeid=i","cat":284612},{"id":235065,"n":"Repas bébé Blédichef 15 mois  Pâtes poireaux et kiri -250g","p":2.09,"u":"8,36 €/KG","img":"https://fd9-photos.leclercdrive.fr/image.ashx?id=2928420&use=l&cat=p&typeid=i","cat":312238},{"id":235067,"n":"Repas bébé Blédichef Dès 12mois Carotte et semoule - 4x230g","p":7.54,"u":"8,20 €/KG","img":"https://fd9-photos.leclercdrive.fr/image.ashx?id=2773216&use=l&cat=p&typeid=i","cat":312237},{"id":235068,"n":"Repas bébé Blédichef 15 mois Lasagne bolognaise -230g","p":2.78,"u":"12,09 €/KG","img":"https://fd9-photos.leclercdrive.fr/image.ashx?id=2975098&use=l&cat=p&typeid=i","cat":312238},{"id":235069,"n":"Repas bébé Blédichef 15 mois Lasagnes légumes -230g","p":2.79,"u":"12,13 €/KG","img":"https://fd9-photos.leclercdrive.fr/image.ashx?id=2865632&use=l&cat=p&typeid=i","cat":312238},{"id":235071,"n":"Aubergines compotées & blé  Cassegrain - 375g","p":3.66,"u":"9,76 €/KG","img":"https://fd9-photos.leclercdrive.fr/image.ashx?id=2970840&use=l&cat=p&typeid=i","cat":312612},{"id":235072,"n":"Légumes du soleil et épautre  Cassegrain - 375g","p":3.81,"u":"10,16 €/KG","img":"https://fd9-photos.leclercdrive.fr/image.ashx?id=2953456&use=l&cat=p&typeid=i","cat":312612},{"id":235073,"n":"Repas bébé Blédichef 15 mois  Brocolis petits pois  -230g","p":2.32,"u":"11,60 €/KG","img":"https://fd9-photos.leclercdrive.fr/image.ashx?id=2773219&use=l&cat=p&typeid=i","cat":312238},{"id":235079,"n":"Lait infantile Hipp Biologique Bio Dès 6 mois Combiotic  800g","p":17.75,"u":"22,19 €/KG","img":"https://fd9-photos.leclercdrive.fr/image.ashx?id=2926828&use=l&cat=p&typeid=i","cat":284727},{"id":235082,"n":"Plat cuisiné William Saurin Trio gourmand merlu - 320g","p":3.88,"u":"12,13 €/KG","img":"https://fd9-photos.leclercdrive.fr/image.ashx?id=2986389&use=l&cat=p&typeid=i","cat":284953},{"id":235084,"n":"Plat cuisiné William Saurin Trio gourmand 320g","p":3.81,"u":"11,91 €/KG","img":"https://fd9-photos.leclercdrive.fr/image.ashx?id=2986380&use=l&cat=p&typeid=i","cat":284953},{"id":235121,"n":"Morceaux de thon Petit Navire Au naturel - 3x112g","p":5.39,"u":"16,04 €/KG","img":"https://fd9-photos.leclercdrive.fr/image.ashx?id=2887488&use=l&cat=p&typeid=i","cat":303867},{"id":235127,"n":"Biscuits parmesan poivre Savour 100g","p":1.85,"u":"18,50 €/KG","img":"https://fd9-photos.leclercdrive.fr/image.ashx?id=2791048&use=l&cat=p&typeid=i","cat":297000},{"id":235133,"n":"Cabécou du Périgord NRT - 3x35g","p":2.19,"u":"20,86 €/KG","img":"https://fd9-photos.leclercdrive.fr/image.ashx?id=2788984&use=l&cat=p&typeid=i","cat":314031},{"id":235247,"n":"M&M's Peanut x5 180g","p":1.97,"u":"10,94 €/KG","img":"https://fd9-photos.leclercdrive.fr/image.ashx?id=3009011&use=l&cat=p&typeid=i","cat":304238},{"id":235260,"n":"Pâte Lotus Biscoff Speculoos Creamy - 410g","p":3.41,"u":"8,32 €/KG","img":"https://fd9-photos.leclercdrive.fr/image.ashx?id=2776208&use=l&cat=p&typeid=i","cat":284481},{"id":235404,"n":"Lait éveil croissance Lactel  système immunitaire - 6x1L","p":14.26,"u":"2,38 €/L","img":"https://fd9-photos.leclercdrive.fr/image.ashx?id=2776531&use=l&cat=p&typeid=i","cat":284728},{"id":235407,"n":"Lait 2ème âge Hipp biologique  Combiotic Nutrigest - 800g","p":19.7,"u":"24,63 €/KG","img":"https://fd9-photos.leclercdrive.fr/image.ashx?id=2926831&use=l&cat=p&typeid=i","cat":284727},{"id":235414,"n":"Lait en poudre Modilac Actigest LF+1 Bébé 0-6 mois - 800g","p":20.87,"u":"26,09 €/KG","img":"https://fd9-photos.leclercdrive.fr/image.ashx?id=2981184&use=l&cat=p&typeid=i","cat":284726},{"id":235636,"n":"Capsules lave-vaisselle Finish Quantum Citron - x46 - 478g","p":8.95,"u":"18,72 €/KG","img":"https://fd9-photos.leclercdrive.fr/image.ashx?id=2780493&use=l&cat=p&typeid=i","cat":284656},{"id":235655,"n":"Cassonade Saint Louis Equitable - 650g","p":2.46,"u":"3,78 €/KG","img":"https://fd9-photos.leclercdrive.fr/image.ashx?id=2780214&use=l&cat=p&typeid=i","cat":284502},{"id":235658,"n":"Herbes de provence Saint Lucie \"L'Originale Recette\" - 30g","p":1.54,"u":"51,33 €/KG","img":"https://fd9-photos.leclercdrive.fr/image.ashx?id=2968154&use=l&cat=p&typeid=i","cat":298297},{"id":235685,"n":"Lait bébé en poudre Calisma Gallia Croissance 12 mois 830g","p":10.86,"u":"13,08 €/KG","img":"https://fd9-photos.leclercdrive.fr/image.ashx?id=2794274&use=l&cat=p&typeid=i","cat":290219},{"id":235710,"n":"Chapelure Tablier Blanc 400g","p":0.88,"u":"2,20 €/KG","img":"https://fd9-photos.leclercdrive.fr/image.ashx?id=2793335&use=l&cat=p&typeid=i","cat":288382},{"id":235786,"n":"Tablette lave-vaisselle Visior Tout-en-un - x45 - 765g","p":5.27,"u":"6,89 €/KG","img":"https://fd9-photos.leclercdrive.fr/image.ashx?id=2954902&use=l&cat=p&typeid=i","cat":284656},{"id":235789,"n":"Cirage crème de luxe Baranne Incolore - 100ml","p":3.58,"u":"35,80 €/L","img":"https://fd9-photos.leclercdrive.fr/image.ashx?id=2781621&use=l&cat=p&typeid=i","cat":285201},{"id":235791,"n":"Lames de rasoir homme Gillette ProGlide - x4","p":20.72,"img":"https://fd9-photos.leclercdrive.fr/image.ashx?id=2781684&use=l&cat=p&typeid=i","cat":284616},{"id":235793,"n":"Dentifrice Junior Signal Menthe douce - 6-13 ans 75ml","p":2.76,"u":"36,80 €/L","img":"https://fd9-photos.leclercdrive.fr/image.ashx?id=2993502&use=l&cat=p&typeid=i","cat":288898},{"id":235796,"n":"Mouliné de légumes verts Régal 1L","p":1.88,"u":"1,88 €/L","img":"https://fd9-photos.leclercdrive.fr/image.ashx?id=2781007&use=l&cat=p&typeid=i","cat":284462},{"id":235828,"n":"Sac poubelle  Elembal Rectangle coulissant - 40L x 20","p":2.99,"u":"0,15 €/P","img":"https://fd9-photos.leclercdrive.fr/image.ashx?id=2793338&use=l&cat=p&typeid=i","cat":285168},{"id":235831,"n":"Brosse à dent électrique +1 Recharge Active Power","p":14.99,"img":"https://fd9-photos.leclercdrive.fr/image.ashx?id=2781049&use=l&cat=p&typeid=i","cat":297133},{"id":235910,"n":"Calendrier de l'Avent Milka Père Noël - 213g","p":13.89,"u":"65,21 €/KG","img":"https://fd9-photos.leclercdrive.fr/image.ashx?id=2937983&use=l&cat=p&typeid=i","cat":336112},{"id":235914,"n":"Aubergines Cuisinées Cassegrain A la Provençale 3x375g","p":8.7,"u":"7,73 €/KG","img":"https://fd9-photos.leclercdrive.fr/image.ashx?id=2926305&use=l&cat=p&typeid=i","cat":312612},{"id":235952,"n":"Noisettes Mc Cain Air Fryer - 550g","p":2.3,"u":"4,18 €/KG","img":"https://fd9-photos.leclercdrive.fr/image.ashx?id=2878474&use=l&cat=p&typeid=i","cat":319792},{"id":236050,"n":"Lait bébé en poudre Calisma Gallia Junior Dès 18 mois 830g","p":10.94,"u":"13,18 €/KG","img":"https://fd9-photos.leclercdrive.fr/image.ashx?id=2907860&use=l&cat=p&typeid=i","cat":290219},{"id":236105,"n":"Compote Andros La vie en vert 4x100g","p":1.75,"u":"4,38 €/KG","img":"https://fd9-photos.leclercdrive.fr/image.ashx?id=2989330&use=l&cat=p&typeid=i","cat":284416},{"id":236221,"n":"Brioche tressée Epi d'or nature - 600g","p":2.09,"u":"3,48 €/KG","img":"https://fd9-photos.leclercdrive.fr/image.ashx?id=2976297&use=l&cat=p&typeid=i","cat":284478},{"id":236236,"n":"Café en capsules Lavazza Tales of Roma x10 - 57g","p":3.67,"u":"64,39 €/KG","img":"https://fd9-photos.leclercdrive.fr/image.ashx?id=2919042&use=l&cat=p&typeid=i","cat":284749},{"id":236240,"n":"Café en capsules Lavazza Tales  of Napoli x10 - 55g","p":3.66,"u":"66,55 €/KG","img":"https://fd9-photos.leclercdrive.fr/image.ashx?id=2919039&use=l&cat=p&typeid=i","cat":284749},{"id":236504,"n":"Cup de nouilles Mei Asia Saveur Kim Chi - 173g","p":3.48,"u":"20,12 €/KG","img":"https://fd9-photos.leclercdrive.fr/image.ashx?id=2791521&use=l&cat=p&typeid=i","cat":284953},{"id":236535,"n":"Cup de nouilles Mei Asia Saveur Poulet - 173g","p":3.48,"u":"20,12 €/KG","img":"https://fd9-photos.leclercdrive.fr/image.ashx?id=2792810&use=l&cat=p&typeid=i","cat":284953},{"id":236536,"n":"Cup de nouilles Mei Asia Saveur Boeuf - 173g","p":3.48,"u":"20,12 €/KG","img":"https://fd9-photos.leclercdrive.fr/image.ashx?id=2792807&use=l&cat=p&typeid=i","cat":284953},{"id":236538,"n":"Topokki Mei Asia Original - 178g","p":4.14,"u":"23,26 €/KG","img":"https://fd9-photos.leclercdrive.fr/image.ashx?id=2792816&use=l&cat=p&typeid=i","cat":284953},{"id":236539,"n":"Sachet Ramen Mei Asia Soja caramel - 170g","p":2.05,"u":"12,06 €/KG","img":"https://fd9-photos.leclercdrive.fr/image.ashx?id=2792804&use=l&cat=p&typeid=i","cat":284953},{"id":236595,"n":"Fromage rapé Leerdammer  Fruité fondant 150g","p":1.88,"u":"12,53 €/KG","img":"https://fd9-photos.leclercdrive.fr/image.ashx?id=2793578&use=l&cat=p&typeid=i","cat":314035},{"id":236619,"n":"Calendrier de l'Avent Chabert Et Guillot - Provence - 245g","p":14.87,"u":"60,69 €/KG","img":"https://fd9-photos.leclercdrive.fr/image.ashx?id=2794313&use=l&cat=p&typeid=i","cat":336112},{"id":236676,"n":"Bâtonnets Mikado Chocolat au lait - 6x100g","p":10.45,"u":"17,42 €/KG","img":"https://fd9-photos.leclercdrive.fr/image.ashx?id=2805885&use=l&cat=p&typeid=i","cat":284488},{"id":236773,"n":"Lisa la licorne blanche Fizzy Chocolat - 100g","p":12.15,"u":"121,50 €/KG","img":"https://fd9-photos.leclercdrive.fr/image.ashx?id=2798903&use=l&cat=p&typeid=i","cat":327789},{"id":236775,"n":"Lisa la licorne rose Fizzy Chocolat - 100g","p":12.15,"u":"121,50 €/KG","img":"https://fd9-photos.leclercdrive.fr/image.ashx?id=2798906&use=l&cat=p&typeid=i","cat":327789},{"id":236778,"n":"Sac a main peluche Fizzy Husky - 100g","p":12.15,"u":"121,50 €/KG","img":"https://fd9-photos.leclercdrive.fr/image.ashx?id=2798912&use=l&cat=p&typeid=i","cat":327789},{"id":236779,"n":"Sac a main peluche Fizzy Saint Bernard - 100g","p":12.15,"u":"121,50 €/KG","img":"https://fd9-photos.leclercdrive.fr/image.ashx?id=2798915&use=l&cat=p&typeid=i","cat":327789},{"id":236785,"n":"La tribu du père Noël Fizzy  Ours + 50g de chocolat","p":6.35,"u":"127,00 €/KG","img":"https://fd9-photos.leclercdrive.fr/image.ashx?id=2798927&use=l&cat=p&typeid=i","cat":327789},{"id":236818,"n":"Funny Sweat musical Ourson Licorne - 50g","p":9.66,"u":"193,20 €/KG","img":"https://fd9-photos.leclercdrive.fr/image.ashx?id=3000588&use=l&cat=p&typeid=i","cat":327789},{"id":236989,"n":"Pandoro Bauli 100g 100g","p":4.19,"u":"41,90 €/KG","img":"https://fd9-photos.leclercdrive.fr/image.ashx?id=2938154&use=l&cat=p&typeid=i","cat":327607},{"id":236992,"n":"Pandoro Bauli Pépites chocolat noir - 750g","p":19.35,"u":"25,80 €/KG","img":"https://fd9-photos.leclercdrive.fr/image.ashx?id=2938157&use=l&cat=p&typeid=i","cat":327607},{"id":236993,"n":"Pandoro Bauli Crème choco - 750g","p":19.37,"u":"25,83 €/KG","img":"https://fd9-photos.leclercdrive.fr/image.ashx?id=2797653&use=l&cat=p&typeid=i","cat":327607},{"id":236994,"n":"Panettone Bauli Mignon - 90g","p":3.47,"u":"38,56 €/KG","img":"https://fd9-photos.leclercdrive.fr/image.ashx?id=2938160&use=l&cat=p&typeid=i","cat":327607},{"id":236995,"n":"Panettone Bauli Mignon Pépites chocolats - 90g","p":3.62,"u":"40,22 €/KG","img":"https://fd9-photos.leclercdrive.fr/image.ashx?id=2797665&use=l&cat=p&typeid=i","cat":327607},{"id":236996,"n":"Panettone Bauli 700g","p":14.02,"u":"20,03 €/KG","img":"https://fd9-photos.leclercdrive.fr/image.ashx?id=2938166&use=l&cat=p&typeid=i","cat":327607},{"id":236997,"n":"Panettone Bauli 1kg","p":20.51,"u":"20,51 €/KG","img":"https://fd9-photos.leclercdrive.fr/image.ashx?id=2971419&use=l&cat=p&typeid=i","cat":327607},{"id":237000,"n":"Creazioni di pandoro Bauli Poire williams chocolat - 820g","p":24.57,"u":"29,96 €/KG","img":"https://fd9-photos.leclercdrive.fr/image.ashx?id=2797659&use=l&cat=p&typeid=i","cat":327607},{"id":237016,"n":"Boïte Chocolat Jacquot Lait Noir & Blanc - 222g","p":6.47,"u":"29,14 €/KG","img":"https://fd9-photos.leclercdrive.fr/image.ashx?id=2796734&use=l&cat=p&typeid=i","cat":327595},{"id":237017,"n":"Boïte Chocolat Jacquot Lait Noir & Blanc - 433g","p":11.63,"u":"26,86 €/KG","img":"https://fd9-photos.leclercdrive.fr/image.ashx?id=2796731&use=l&cat=p&typeid=i","cat":327595},{"id":237018,"n":"Boïte Chocolat Jacquot Chocolat au lait - 214g","p":6.71,"u":"31,36 €/KG","img":"https://fd9-photos.leclercdrive.fr/image.ashx?id=2796740&use=l&cat=p&typeid=i","cat":327595},{"id":237019,"n":"Boïte Chocolat Jacquot Chocolat au lait - 424g","p":10.7,"u":"25,24 €/KG","img":"https://fd9-photos.leclercdrive.fr/image.ashx?id=2796737&use=l&cat=p&typeid=i","cat":327595},{"id":237028,"n":"Figurines de noël Jacquot Chocolat praliné - 250g","p":3.63,"u":"14,52 €/KG","img":"https://fd9-photos.leclercdrive.fr/image.ashx?id=2796719&use=l&cat=p&typeid=i","cat":327592},{"id":237029,"n":"Figurines Kid Noël Jacquot Chocolat lait - 250g","p":3.61,"u":"14,44 €/KG","img":"https://fd9-photos.leclercdrive.fr/image.ashx?id=2796716&use=l&cat=p&typeid=i","cat":327592},{"id":237030,"n":"Primizie Dufour Gels de fruits - 500g","p":8.95,"pp":5.91,"u":"11,82 €/KG","img":"https://fd9-photos.leclercdrive.fr/image.ashx?id=2797094&use=l&cat=p&typeid=i","cat":327606},{"id":237036,"n":"Petits plaisirs Ferrero Rocher Mix 3 goûts - 200g","p":7.9,"u":"39,50 €/KG","img":"https://fd9-photos.leclercdrive.fr/image.ashx?id=2945017&use=l&cat=p&typeid=i","cat":327600},{"id":237047,"n":"Moulage Kinder Caramel - 110g","p":3.62,"u":"32,91 €/KG","img":"https://fd9-photos.leclercdrive.fr/image.ashx?id=2797013&use=l&cat=p&typeid=i","cat":327592},{"id":237053,"n":"Boîte chocolat Kinder Happy Moments Sapin - 243g","p":8.42,"u":"34,65 €/KG","img":"https://fd9-photos.leclercdrive.fr/image.ashx?id=2945790&use=l&cat=p&typeid=i","cat":327592},{"id":237056,"n":"Chocolat Ferrero Collection Grand assortiment x42 - 441g","p":17.23,"u":"39,07 €/KG","img":"https://fd9-photos.leclercdrive.fr/image.ashx?id=2940540&use=l&cat=p&typeid=i","cat":327595},{"id":237068,"n":"Sac à main Peluche Fizzy Licorne - 100g","p":12.15,"u":"121,50 €/KG","img":"https://fd9-photos.leclercdrive.fr/image.ashx?id=2796318&use=l&cat=p&typeid=i","cat":327789},{"id":237069,"n":"Coffret cadeau magique Hamlet Chocolats Belges - 200g","p":11.95,"pp":8.96,"u":"44,80 €/KG","img":"https://fd9-photos.leclercdrive.fr/image.ashx?id=2839328&use=l&cat=p&typeid=i","cat":327595},{"id":237072,"n":"Bombe Chocolat Libeert Chocolat chaud - 80g","p":4.95,"u":"61,88 €/KG","img":"https://fd9-photos.leclercdrive.fr/image.ashx?id=2801479&use=l&cat=p&typeid=i","cat":327592},{"id":237073,"n":"Bombe Libeert Triple chocolat - 80g","p":5.9,"u":"73,75 €/KG","img":"https://fd9-photos.leclercdrive.fr/image.ashx?id=2801476&use=l&cat=p&typeid=i","cat":327592},{"id":237114,"n":"Cornet Piemonte Hazelnut Creations Chocolat noir - 150g","p":6.95,"u":"46,33 €/KG","img":"https://fd9-photos.leclercdrive.fr/image.ashx?id=2798298&use=l&cat=p&typeid=i","cat":327595},{"id":237116,"n":"Cornet Nocciolata Hazelnut Creations Chocolat noir - 150g","p":6.95,"u":"46,33 €/KG","img":"https://fd9-photos.leclercdrive.fr/image.ashx?id=2798301&use=l&cat=p&typeid=i","cat":327595},{"id":237127,"n":"Boîte chocolat Lanvin Mixte chocolats - 285g","p":11.66,"u":"40,91 €/KG","img":"https://fd9-photos.leclercdrive.fr/image.ashx?id=2797145&use=l&cat=p&typeid=i","cat":327595},{"id":237128,"n":"Assortiment chocolat Lanvin Chocolat noir - 294g","p":14.5,"u":"49,32 €/KG","img":"https://fd9-photos.leclercdrive.fr/image.ashx?id=2966149&use=l&cat=p&typeid=i","cat":327595},{"id":237129,"n":"Les Bouchées Les Recettes de L'Atelier - Lait et noir - 398G","p":14.75,"pp":11.06,"u":"27,79 €/KG","img":"https://fd9-photos.leclercdrive.fr/image.ashx?id=2797106&use=l&cat=p&typeid=i","cat":327595},{"id":237131,"n":"Boîte chocolat Lanvin Assortiment chocolat Lait 274g","p":15.0,"u":"54,74 €/KG","img":"https://fd9-photos.leclercdrive.fr/image.ashx?id=2797139&use=l&cat=p&typeid=i","cat":327595},{"id":237132,"n":"L'escargot chocolat Lanvin Trio Lait Blanc Noir - 362g","p":14.5,"u":"40,06 €/KG","img":"https://fd9-photos.leclercdrive.fr/image.ashx?id=2966146&use=l&cat=p&typeid=i","cat":327595},{"id":237133,"n":"L'escargot Lanvin Chocolat Blanc - 362g","p":14.5,"u":"40,06 €/KG","img":"https://fd9-photos.leclercdrive.fr/image.ashx?id=2897402&use=l&cat=p&typeid=i","cat":327595},{"id":237137,"n":"Bouchées Les Recettes de L'Atelier - Noir - 401g","p":14.75,"pp":11.06,"u":"27,58 €/KG","img":"https://fd9-photos.leclercdrive.fr/image.ashx?id=2960102&use=l&cat=p&typeid=i","cat":327595},{"id":237140,"n":"L'escargot trio Lanvin Lait Amande Caramel - 362g","p":15.59,"u":"43,07 €/KG","img":"https://fd9-photos.leclercdrive.fr/image.ashx?id=2897405&use=l&cat=p&typeid=i","cat":327595},{"id":237143,"n":"Barre nougat Chabert & Guillot Blanc - Provence IGP - 100g","p":4.9,"u":"49,00 €/KG","img":"https://fd9-photos.leclercdrive.fr/image.ashx?id=2796656&use=l&cat=p&typeid=i","cat":327605},{"id":237144,"n":"Sac nougat Chabert & Guillot Blanc Provence Miel IGP - 190g","p":8.79,"u":"46,26 €/KG","img":"https://fd9-photos.leclercdrive.fr/image.ashx?id=2796659&use=l&cat=p&typeid=i","cat":327605},{"id":237145,"n":"Papillotes Pâtes de fruit chocolaterie du Forez - 420g","p":8.3,"u":"197,62 €/KG","img":"https://fd9-photos.leclercdrive.fr/image.ashx?id=2797825&use=l&cat=p&typeid=i","cat":327597},{"id":237146,"n":"Papillotes Pâtes de fruit Chocolaterie du Forez - 840g","p":14.7,"u":"175,00 €/KG","img":"https://fd9-photos.leclercdrive.fr/image.ashx?id=2797828&use=l&cat=p&typeid=i","cat":327597},{"id":237147,"n":"Papillotes Chocolat Praliné   Chocolaterie du Forez - 840g","p":14.7,"u":"17,50 €/KG","img":"https://fd9-photos.leclercdrive.fr/image.ashx?id=2797831&use=l&cat=p&typeid=i","cat":327597},{"id":237148,"n":"Papillotes Révillon Pétard Lait blanc - 300g","p":9.79,"u":"32,63 €/KG","img":"https://fd9-photos.leclercdrive.fr/image.ashx?id=2798036&use=l&cat=p&typeid=i","cat":327597},{"id":237149,"n":"Papillotte Quiz cinéma Révillon Chocolat Noir Lait Blanc - 360g","p":10.95,"u":"30,42 €/KG","img":"https://fd9-photos.leclercdrive.fr/image.ashx?id=2797834&use=l&cat=p&typeid=i","cat":327597},{"id":237150,"n":"Papillottes Révillon Quiz  culture Noir Lait Blanc - 360g","p":10.6,"u":"29,44 €/KG","img":"https://fd9-photos.leclercdrive.fr/image.ashx?id=2802365&use=l&cat=p&typeid=i","cat":327597},{"id":237151,"n":"Papillotte Quiz musical Révillon Noir Lait Blanc - 360g","p":10.95,"u":"30,42 €/KG","img":"https://fd9-photos.leclercdrive.fr/image.ashx?id=2802368&use=l&cat=p&typeid=i","cat":327597},{"id":237156,"n":"Boîte chocolat Révillon Grand assortiment lait - 407g","p":18.01,"u":"44,25 €/KG","img":"https://fd9-photos.leclercdrive.fr/image.ashx?id=2900788&use=l&cat=p&typeid=i","cat":327595},{"id":237157,"n":"Boîte chocolat Révillon Grand Assortiment Noir 70% Lait 404g","p":17.99,"u":"44,53 €/KG","img":"https://fd9-photos.leclercdrive.fr/image.ashx?id=2900794&use=l&cat=p&typeid=i","cat":327595},{"id":237158,"n":"Boîte chocolat Révillon Noir 70% Lait Blanc - 409g","p":16.99,"u":"41,54 €/KG","img":"https://fd9-photos.leclercdrive.fr/image.ashx?id=2900797&use=l&cat=p&typeid=i","cat":327595},{"id":237159,"n":"Boîte chocolat Révillon Grand Assortiment Noir 70% - 409g","p":16.8,"u":"41,08 €/KG","img":"https://fd9-photos.leclercdrive.fr/image.ashx?id=2900791&use=l&cat=p&typeid=i","cat":327595},{"id":237160,"n":"Boîte chocolat Révillon Alcool Noir 70% Lait Blanc - 420g","p":16.8,"u":"40,00 €/KG","img":"https://fd9-photos.leclercdrive.fr/image.ashx?id=2900800&use=l&cat=p&typeid=i","cat":327595},{"id":237162,"n":"Ballotin Révillon Chocolat Chocolat noir 70% - 215g","p":8.95,"u":"41,63 €/KG","img":"https://fd9-photos.leclercdrive.fr/image.ashx?id=2900785&use=l&cat=p&typeid=i","cat":327595},{"id":237173,"n":"Chalet garni de noël Riegelein Moulage chocolat au lait - 174g","p":7.9,"u":"45,40 €/KG","img":"https://fd9-photos.leclercdrive.fr/image.ashx?id=2796950&use=l&cat=p&typeid=i","cat":327592},{"id":237177,"n":"Sachet cornet Napo Eichetti Confiserie de cacao - 200g","p":2.29,"u":"11,45 €/KG","img":"https://fd9-photos.leclercdrive.fr/image.ashx?id=2796920&use=l&cat=p&typeid=i","cat":327592},{"id":237851,"n":"Mini Flam's Coté table x12 - 360g","p":5.99,"u":"16,64 €/KG","img":"https://fd9-photos.leclercdrive.fr/image.ashx?id=2801282&use=l&cat=p&typeid=i","cat":319774},{"id":237884,"n":"Candy canes Batman Etoile de noël - 30g","p":1.5,"u":"50,00 €/KG","img":"https://fd9-photos.leclercdrive.fr/image.ashx?id=2803020&use=l&cat=p&typeid=i","cat":327789},{"id":237885,"n":"Candy canes Bob l'éponge Etoile de noël - 30g","p":1.5,"u":"50,00 €/KG","img":"https://fd9-photos.leclercdrive.fr/image.ashx?id=2803023&use=l&cat=p&typeid=i","cat":327789},{"id":237886,"n":"Candy canes Bored Ape Etoile de noël - 30g","p":1.5,"u":"50,00 €/KG","img":"https://fd9-photos.leclercdrive.fr/image.ashx?id=2803026&use=l&cat=p&typeid=i","cat":327789},{"id":237887,"n":"Candy canes Minions Etoile de noël - 30g","p":1.5,"u":"50,00 €/KG","img":"https://fd9-photos.leclercdrive.fr/image.ashx?id=2803029&use=l&cat=p&typeid=i","cat":327789},{"id":237888,"n":"Candy canes Peppa Pig Etoile de noël - 30g","p":1.5,"u":"50,00 €/KG","img":"https://fd9-photos.leclercdrive.fr/image.ashx?id=2803032&use=l&cat=p&typeid=i","cat":327789},{"id":237889,"n":"Candy canes Tortue Ninja Etoile de noël - 30g","p":1.5,"u":"50,00 €/KG","img":"https://fd9-photos.leclercdrive.fr/image.ashx?id=2803035&use=l&cat=p&typeid=i","cat":327789},{"id":237908,"n":"Fizzy mug Mr et Mme Bonheur 100g","p":6.8,"u":"68,00 €/KG","img":"https://fd9-photos.leclercdrive.fr/image.ashx?id=2983676&use=l&cat=p&typeid=i","cat":327789},{"id":237950,"n":"Pâtes Barilla Linguine  Al Bronzo - 500g","p":1.95,"u":"3,90 €/KG","img":"https://fd9-photos.leclercdrive.fr/image.ashx?id=2798683&use=l&cat=p&typeid=i","cat":284427},{"id":238056,"n":"Pâtes Barilla Spaghettoni  Al Bronzo - 500g","p":1.95,"u":"3,90 €/KG","img":"https://fd9-photos.leclercdrive.fr/image.ashx?id=2798686&use=l&cat=p&typeid=i","cat":284427},{"id":238073,"n":"Soda Coca-Cola Sans Sucres Bouteille - Pack 6x50CL","p":5.23,"u":"1,74 €/L","img":"https://fd9-photos.leclercdrive.fr/image.ashx?id=2860532&use=l&cat=p&typeid=i","cat":284530},{"id":238172,"n":"Nettoyant concentré Mixa Perfecteur de pores 2x15cl","p":10.48,"u":"34,93 €/L","img":"https://fd9-photos.leclercdrive.fr/image.ashx?id=2919760&use=l&cat=p&typeid=i","cat":284603},{"id":238174,"n":"Nettoyant concentré Mixa Hydratant Lot de 2 - 2x15cl","p":10.48,"u":"34,93 €/L","img":"https://fd9-photos.leclercdrive.fr/image.ashx?id=2919763&use=l&cat=p&typeid=i","cat":284603},{"id":238192,"n":"Funny Sweat musical Ourson Marron - 50g","p":9.66,"u":"193,20 €/KG","img":"https://fd9-photos.leclercdrive.fr/image.ashx?id=2799817&use=l&cat=p&typeid=i","cat":327789},{"id":238313,"n":"Nouilles Tables du Monde Curry - 3x65g","p":1.39,"u":"7,13 €/KG","img":"https://fd9-photos.leclercdrive.fr/image.ashx?id=2799850&use=l&cat=p&typeid=i","cat":288992},{"id":238377,"n":"Mousse à raser Wilkinson 200ml","p":3.06,"u":"15,30 €/L","img":"https://fd9-photos.leclercdrive.fr/image.ashx?id=2801252&use=l&cat=p&typeid=i","cat":284617},{"id":238378,"n":"Gel à raser Wilkinson 200ml","p":3.81,"u":"19,05 €/L","img":"https://fd9-photos.leclercdrive.fr/image.ashx?id=2801255&use=l&cat=p&typeid=i","cat":284617},{"id":238379,"n":"Mousse à raser mini Wilkinson 75ml","p":2.5,"u":"33,33 €/L","img":"https://fd9-photos.leclercdrive.fr/image.ashx?id=2895008&use=l&cat=p&typeid=i","cat":284617},{"id":238410,"n":"Pancakes bio Yooji pour bébé Carotte et Maïs 120g","p":3.88,"u":"32,33 €/KG","img":"https://fd9-photos.leclercdrive.fr/image.ashx?id=2800950&use=l&cat=p&typeid=i","cat":290631},{"id":238411,"n":"Pancakes bio Yooji pour bébé Petit pois epinard 120g","p":3.9,"u":"32,50 €/KG","img":"https://fd9-photos.leclercdrive.fr/image.ashx?id=2800953&use=l&cat=p&typeid=i","cat":290631},{"id":238415,"n":"Pancakes bio Yooji pour bébé Banane 120g","p":2.93,"u":"24,42 €/KG","img":"https://fd9-photos.leclercdrive.fr/image.ashx?id=2800956&use=l&cat=p&typeid=i","cat":312394},{"id":238429,"n":"Chocolat au lait Tablette d'Or caramel beurre salé 180g","p":2.49,"u":"13,83 €/KG","img":"https://fd9-photos.leclercdrive.fr/image.ashx?id=2800758&use=l&cat=p&typeid=i","cat":284497},{"id":238565,"n":"Compotes gourdes Pom'Potes Multivariétés - 64x90g","p":28.39,"pp":19.87,"u":"3,45 €/KG","img":"https://fd9-photos.leclercdrive.fr/image.ashx?id=2977270&use=l&cat=p&typeid=i","cat":284508},{"id":238567,"n":"Masque cheveux Fructis Garnier Longueur & glow Ananas - 320ml","p":6.37,"u":"19,91 €/L","img":"https://fd9-photos.leclercdrive.fr/image.ashx?id=2802129&use=l&cat=p&typeid=i","cat":284608},{"id":238591,"n":"Calendrier de l'Avent Gabby's Dollhouse - 75g","p":3.5,"u":"46,67 €/KG","img":"https://fd9-photos.leclercdrive.fr/image.ashx?id=2866196&use=l&cat=p&typeid=i","cat":327590},{"id":238696,"n":"Calendrier de l'Avent Peppa Pig - 75g","p":2.25,"u":"30,00 €/KG","img":"https://fd9-photos.leclercdrive.fr/image.ashx?id=2824337&use=l&cat=p&typeid=i","cat":327590},{"id":238699,"n":"Calendrier de l'Avent Tortues Ninja - 75g","p":2.73,"u":"36,40 €/KG","img":"https://fd9-photos.leclercdrive.fr/image.ashx?id=2824343&use=l&cat=p&typeid=i","cat":284958},{"id":238786,"n":"Sucette guimauve Xmas Fizzy  Pain d'epices - 35g","p":1.57,"u":"44,86 €/KG","img":"https://fd9-photos.leclercdrive.fr/image.ashx?id=2804349&use=l&cat=p&typeid=i","cat":327592},{"id":238872,"n":"Quinoa facile Lustucru 300g","p":2.37,"u":"7,90 €/KG","img":"https://fd9-photos.leclercdrive.fr/image.ashx?id=2804565&use=l&cat=p&typeid=i","cat":284429},{"id":238894,"n":"Pilon de poulet blanc Eco+ 1kg","p":4.74,"u":"4,74 €/KG","img":"https://fd9-photos.leclercdrive.fr/image.ashx?id=2858974&use=l&cat=p&typeid=i","cat":284336},{"id":238895,"n":"Pilon de poulet jaune Eco+ 1kg","p":4.74,"u":"4,74 €/KG","img":"https://fd9-photos.leclercdrive.fr/image.ashx?id=2804169&use=l&cat=p&typeid=i","cat":284336},{"id":238899,"n":"Yaourt protéiné Skyr Yoplait Vanille 0%Mg - 450g","p":2.31,"u":"5,13 €/KG","img":"https://fd9-photos.leclercdrive.fr/image.ashx?id=2884447&use=l&cat=p&typeid=i","cat":315000},{"id":238914,"n":"Fraises surgelées  1kg","p":6.57,"u":"6,57 €/KG","img":"https://fd9-photos.leclercdrive.fr/image.ashx?id=2804550&use=l&cat=p&typeid=i","cat":284268},{"id":238984,"n":"Rasoir Tondeuse Carré Homme Hybride +1 recharge","p":17.9,"u":"17,90 €/PRT","img":"https://fd9-photos.leclercdrive.fr/image.ashx?id=2804072&use=l&cat=p&typeid=i","cat":284616},{"id":238985,"n":"Recharge rasoir tondeuse Hybride - Carré homme","p":8.99,"img":"https://fd9-photos.leclercdrive.fr/image.ashx?id=2804075&use=l&cat=p&typeid=i","cat":284616},{"id":239101,"n":"Riz Thaï Taureau Ailé 1kg","p":2.3,"u":"2,30 €/KG","img":"https://fd9-photos.leclercdrive.fr/image.ashx?id=2805558&use=l&cat=p&typeid=i","cat":284428},{"id":239122,"n":"Assortiment chocolat Hamlet Coffret \"croco\" marron 250g","p":11.95,"pp":8.96,"u":"35,84 €/KG","img":"https://fd9-photos.leclercdrive.fr/image.ashx?id=2804367&use=l&cat=p&typeid=i","cat":284499},{"id":239125,"n":"Assortiment chocolat Hamlet Coffret \"croco\" beige 250g","p":11.95,"pp":8.96,"u":"35,84 €/KG","img":"https://fd9-photos.leclercdrive.fr/image.ashx?id=2804370&use=l&cat=p&typeid=i","cat":284499},{"id":239127,"n":"Assortiment chocolat Hamlet Coffret \"croco\" vert 250g","p":11.95,"pp":8.96,"u":"35,84 €/KG","img":"https://fd9-photos.leclercdrive.fr/image.ashx?id=2804373&use=l&cat=p&typeid=i","cat":284499},{"id":239183,"n":"Jus multifruits Abc Eco+ 1L","p":1.11,"u":"1,11 €/L","img":"https://fd9-photos.leclercdrive.fr/image.ashx?id=2804840&use=l&cat=p&typeid=i","cat":284917},{"id":239185,"n":"AOP Ventoux vin rouge 3L","p":9.99,"u":"3,33 €/L","img":"https://fd9-photos.leclercdrive.fr/image.ashx?id=2804843&use=l&cat=p&typeid=i","cat":289560},{"id":239206,"n":"Coloration Palette N°900 Noir - x1","p":3.72,"img":"https://fd9-photos.leclercdrive.fr/image.ashx?id=2817479&use=l&cat=p&typeid=i","cat":288899},{"id":239207,"n":"Coloration Palette N°909 Noir bleuté - x1","p":3.8,"img":"https://fd9-photos.leclercdrive.fr/image.ashx?id=2911294&use=l&cat=p&typeid=i","cat":288899},{"id":239211,"n":"Huile Essentielle So Bio Etic  Eucalyptus Globuleux Bio - 12ml","p":3.64,"u":"303,33 €/MT","img":"https://fd9-photos.leclercdrive.fr/image.ashx?id=2805456&use=l&cat=p&typeid=i","cat":284630},{"id":239213,"n":"Huile Essentielle So Bio Etic Arbre à thé Bio - 12ml","p":5.57,"u":"464,17 €/L","img":"https://fd9-photos.leclercdrive.fr/image.ashx?id=2805459&use=l&cat=p&typeid=i","cat":284630},{"id":239215,"n":"Huile Essentielle So Bio Etic Menthe poivrée Bio - 10ml","p":6.02,"u":"602,00 €/L","img":"https://fd9-photos.leclercdrive.fr/image.ashx?id=2805462&use=l&cat=p&typeid=i","cat":284630},{"id":239218,"n":"Lingettes Décolor Stop  Anti-décoloration x52","p":5.69,"u":"0,11 €/P","img":"https://fd9-photos.leclercdrive.fr/image.ashx?id=2805264&use=l&cat=p&typeid=i","cat":290450},{"id":239220,"n":"Bain de Bouche Listerine Haleine Fraiche 500ml","p":3.89,"u":"7,78 €/L","img":"https://fd9-photos.leclercdrive.fr/image.ashx?id=2806309&use=l&cat=p&typeid=i","cat":284613},{"id":239224,"n":"Bain de Bouche Listerine Dents et Gencives 10 en 1 500ml","p":4.09,"u":"8,18 €/L","img":"https://fd9-photos.leclercdrive.fr/image.ashx?id=2806318&use=l&cat=p&typeid=i","cat":284613},{"id":239225,"n":"Bain de Bouche Listerine Total Care - Sans alcool 500ml","p":4.09,"u":"8,18 €/L","img":"https://fd9-photos.leclercdrive.fr/image.ashx?id=2806321&use=l&cat=p&typeid=i","cat":284613},{"id":239226,"n":"Adoucissant recharge Soupline à diluer Grand Air - 600ml","p":2.19,"u":"3,65 €/L","img":"https://fd9-photos.leclercdrive.fr/image.ashx?id=2957314&use=l&cat=p&typeid=i","cat":284650},{"id":239228,"n":"Adoucissant recharge Soupline à diluer Moment Magique-600ml","p":2.85,"u":"4,75 €/L","img":"https://fd9-photos.leclercdrive.fr/image.ashx?id=2863027&use=l&cat=p&typeid=i","cat":284650},{"id":239231,"n":"Dentifrice Sensitive Elmex Blancheur - 75ml","p":5.9,"u":"78,67 €/L","img":"https://fd9-photos.leclercdrive.fr/image.ashx?id=2806447&use=l&cat=p&typeid=i","cat":284612},{"id":239232,"n":"Dentifrice Colgate Active Blancheur - 75ml","p":3.41,"u":"45,47 €/L","img":"https://fd9-photos.leclercdrive.fr/image.ashx?id=2814623&use=l&cat=p&typeid=i","cat":284612},{"id":239233,"n":"Dentifrice Colgate Soin complet - 75ml","p":2.16,"u":"28,80 €/L","img":"https://fd9-photos.leclercdrive.fr/image.ashx?id=2836196&use=l&cat=p&typeid=i","cat":284612},{"id":239234,"n":"Dentifrice Colgate Total Résistance de l'émail 75ml","p":2.93,"u":"39,07 €/L","img":"https://fd9-photos.leclercdrive.fr/image.ashx?id=2832578&use=l&cat=p&typeid=i","cat":284612},{"id":239237,"n":"Couches bébé Mots d'enfant Taille 3 - 4-9kg - x104","p":12.67,"u":"12,67 €/PRT","img":"https://fd9-photos.leclercdrive.fr/image.ashx?id=2922439&use=l&cat=p&typeid=i","cat":284737},{"id":239239,"n":"Couches bébé Mots d'enfant Taille 4 - 7-18kg - x92","p":12.67,"img":"https://fd9-photos.leclercdrive.fr/image.ashx?id=2922442&use=l&cat=p&typeid=i","cat":284737},{"id":239242,"n":"Couches bébé Mots d'enfant Taille 5 - 11-25kg - x84","p":12.67,"u":"0,15 €/P","img":"https://fd9-photos.leclercdrive.fr/image.ashx?id=2922448&use=l&cat=p&typeid=i","cat":284737},{"id":239371,"n":"Capsules café L'Or Espresso Supremo N°10 x50","p":14.61,"u":"56,19 €/KG","img":"https://fd9-photos.leclercdrive.fr/image.ashx?id=3000480&use=l&cat=p&typeid=i","cat":284749},{"id":239478,"n":"Burger Géant Jacquet Nature x4 - 330g","p":1.13,"u":"3,42 €/KG","img":"https://fd9-photos.leclercdrive.fr/image.ashx?id=3010981&use=l&cat=p&typeid=i","cat":325067},{"id":239508,"n":"Préparation maison Vahiné Muffins chocolat noisettes 330g","p":3.5,"u":"10,61 €/KG","img":"https://fd9-photos.leclercdrive.fr/image.ashx?id=2806964&use=l&cat=p&typeid=i","cat":284505},{"id":239509,"n":"Préparation maison Vahiné Gâteau 3en1 chocolat  280g","p":2.66,"u":"9,50 €/KG","img":"https://fd9-photos.leclercdrive.fr/image.ashx?id=2806961&use=l&cat=p&typeid=i","cat":284505},{"id":239871,"n":"Soupe Douceur à l'Italienne Knorr - 600ml","p":2.94,"u":"4,90 €/L","img":"https://fd9-photos.leclercdrive.fr/image.ashx?id=2950906&use=l&cat=p&typeid=i","cat":284462},{"id":239883,"n":"Velouté Eco+ Poireaux pomme de terre","p":0.87,"u":"0,87 €/L","img":"https://fd9-photos.leclercdrive.fr/image.ashx?id=2808724&use=l&cat=p&typeid=i","cat":284462},{"id":239891,"n":"Poule aux vermicelles Maggi 65g","p":0.53,"u":"8,15 €/KG","img":"https://fd9-photos.leclercdrive.fr/image.ashx?id=2811716&use=l&cat=p&typeid=i","cat":288379},{"id":239902,"n":"Saumon en croûte Côté Table 700g","p":7.49,"u":"10,70 €/KG","img":"https://fd9-photos.leclercdrive.fr/image.ashx?id=2808733&use=l&cat=p&typeid=i","cat":319776},{"id":239905,"n":"Nouilles Tables du Monde Legumes - 3x65g","p":1.39,"u":"7,13 €/KG","img":"https://fd9-photos.leclercdrive.fr/image.ashx?id=2808727&use=l&cat=p&typeid=i","cat":288992},{"id":239953,"n":"Chocolat noir Excellence Lindt 3 graines - 100g","p":2.51,"u":"2,51 €/L","img":"https://fd9-photos.leclercdrive.fr/image.ashx?id=2810675&use=l&cat=p&typeid=i","cat":284499},{"id":239981,"n":"Sauce napolitaine Eco+ 390g","p":0.97,"u":"2,49 €/KG","img":"https://fd9-photos.leclercdrive.fr/image.ashx?id=2809172&use=l&cat=p&typeid=i","cat":299047},{"id":240002,"n":"Billes M&Ms caramel salé 367g","p":5.32,"u":"14,50 €/KG","img":"https://fd9-photos.leclercdrive.fr/image.ashx?id=2924770&use=l&cat=p&typeid=i","cat":304238},{"id":240106,"n":"Lessive Mono-doses - x20 Uni vert","p":5.65,"img":"https://fd9-photos.leclercdrive.fr/image.ashx?id=2842322&use=l&cat=p&typeid=i","cat":284641},{"id":240157,"n":"Bretzels salés Flipz caramel beurre salé - 90g","p":2.05,"u":"22,78 €/KG","img":"https://fd9-photos.leclercdrive.fr/image.ashx?id=2813896&use=l&cat=p&typeid=i","cat":297000},{"id":240234,"n":"Bûche glacée Pilpa Duo de Vanilles - 535g","p":5.27,"u":"9,85 €/KG","img":"https://fd9-photos.leclercdrive.fr/image.ashx?id=2812765&use=l&cat=p&typeid=i","cat":284266},{"id":240338,"n":"Laque Elnett Fixation normale  200ml","p":5.46,"u":"27,30 €/L","img":"https://fd9-photos.leclercdrive.fr/image.ashx?id=2814064&use=l&cat=p&typeid=i","cat":284609},{"id":240428,"n":"Soda à l'orange Orangina 6x33cl","p":3.61,"u":"1,82 €/L","img":"https://fd9-photos.leclercdrive.fr/image.ashx?id=2946502&use=l&cat=p&typeid=i","cat":284532},{"id":240482,"n":"Riz basmati Lustucru 10min - 5x180g","p":3.16,"u":"3,51 €/KG","img":"https://fd9-photos.leclercdrive.fr/image.ashx?id=2814163&use=l&cat=p&typeid=i","cat":284428},{"id":240751,"n":"Spaghetti Barilla Quadrati Al bronzo - 500g","p":1.95,"u":"3,90 €/KG","img":"https://fd9-photos.leclercdrive.fr/image.ashx?id=2815145&use=l&cat=p&typeid=i","cat":284427},{"id":240842,"n":"Skyr nature Délisse 4x100g","p":1.72,"u":"4,30 €/KG","img":"https://fd9-photos.leclercdrive.fr/image.ashx?id=2992588&use=l&cat=p&typeid=i","cat":315000},{"id":240843,"n":"Skyr nature Délisse 850g","p":2.75,"u":"3,24 €/KG","img":"https://fd9-photos.leclercdrive.fr/image.ashx?id=2992600&use=l&cat=p&typeid=i","cat":315000},{"id":240867,"n":"Frites classiques Pom'lisse  2kg","p":3.69,"u":"1,85 €/KG","img":"https://fd9-photos.leclercdrive.fr/image.ashx?id=2814890&use=l&cat=p&typeid=i","cat":319791},{"id":240876,"n":"Yaourt à la Grecque Eco+ Nature - 4x125g","p":0.98,"u":"1,96 €/KG","img":"https://fd9-photos.leclercdrive.fr/image.ashx?id=2814854&use=l&cat=p&typeid=i","cat":284409},{"id":240880,"n":"Yaourt nature Délisse Au lait entier 4x125g","p":1.29,"u":"2,58 €/KG","img":"https://fd9-photos.leclercdrive.fr/image.ashx?id=2814908&use=l&cat=p&typeid=i","cat":284409},{"id":240883,"n":"Saumon fumé Delpeyrat Ecosse 4 tranches mini - 110g","p":6.76,"u":"61,45 €/KG","img":"https://fd9-photos.leclercdrive.fr/image.ashx?id=2901716&use=l&cat=p&typeid=i","cat":285188},{"id":240889,"n":"Oeufs de lompe Labeyrie  MSC 80g","p":4.17,"u":"52,13 €/KG","img":"https://fd9-photos.leclercdrive.fr/image.ashx?id=2817602&use=l&cat=p&typeid=i","cat":285191},{"id":240905,"n":"Île flottante Délisse Caramel - 4x100g","p":2.25,"u":"5,63 €/KG","img":"https://fd9-photos.leclercdrive.fr/image.ashx?id=2932429&use=l&cat=p&typeid=i","cat":284419},{"id":240920,"n":"Saumon fumé Delpeyrat Noorvège 4 tranches - 120g","p":6.05,"u":"50,42 €/KG","img":"https://fd9-photos.leclercdrive.fr/image.ashx?id=2901713&use=l&cat=p&typeid=i","cat":285188},{"id":241099,"n":"Nouilles asiatiques Maggi Pad Thai - 128g","p":1.95,"u":"15,23 €/KG","img":"https://fd9-photos.leclercdrive.fr/image.ashx?id=2899776&use=l&cat=p&typeid=i","cat":288992},{"id":241164,"n":"Eau aromatisée fraise Volvic Juicy - 4+2 bouteilles offertes","p":5.44,"u":"0,60 €/L","img":"https://fd9-photos.leclercdrive.fr/image.ashx?id=2962005&use=l&cat=p&typeid=i","cat":284537},{"id":241256,"n":"M&M's minis pochons  360g","p":4.89,"u":"13,58 €/KG","img":"https://fd9-photos.leclercdrive.fr/image.ashx?id=3005290&use=l&cat=p&typeid=i","cat":304238},{"id":241392,"n":"Coton Biolane Bio  Douceur x150","p":4.84,"u":"0,03 €/P","img":"https://fd9-photos.leclercdrive.fr/image.ashx?id=2849830&use=l&cat=p&typeid=i","cat":284739},{"id":241499,"n":"Bloc foie gras de canard  Pierre de Chaumeyrac 2x40g","p":5.95,"u":"74,38 €/KG","img":"https://fd9-photos.leclercdrive.fr/image.ashx?id=2817235&use=l&cat=p&typeid=i","cat":316008},{"id":241514,"n":"Foie gras de canard Labeyrie 320g","p":41.97,"u":"131,16 €/KG","img":"https://fd9-photos.leclercdrive.fr/image.ashx?id=2819307&use=l&cat=p&typeid=i","cat":316008},{"id":241657,"n":"Riz Thai Taureau ailé 500g","p":2.16,"u":"4,32 €/KG","img":"https://fd9-photos.leclercdrive.fr/image.ashx?id=2828340&use=l&cat=p&typeid=i","cat":284428},{"id":241812,"n":"Gourde bébé Blédina - 10 mois Multifruits - 8x85g","p":7.55,"u":"11,10 €/KG","img":"https://fd9-photos.leclercdrive.fr/image.ashx?id=2826642&use=l&cat=p&typeid=i","cat":312393},{"id":241912,"n":"Couches Culottes Huggies Pull-ups - T5 - x24","p":11.85,"img":"https://fd9-photos.leclercdrive.fr/image.ashx?id=2844721&use=l&cat=p&typeid=i","cat":290633},{"id":241916,"n":"Protection solaire Garnier Vitamine C - Spf50+ - 40ml","p":11.75,"u":"293,75 €/L","img":"https://fd9-photos.leclercdrive.fr/image.ashx?id=2828058&use=l&cat=p&typeid=i","cat":325355},{"id":241919,"n":"AOP Fitou Prieur Barsanne Vin rouge - 3L","p":9.99,"u":"3,33 €/L","img":"https://fd9-photos.leclercdrive.fr/image.ashx?id=2982916&use=l&cat=p&typeid=i","cat":289556},{"id":241923,"n":"Biscuits sablés Mère Poulard Coffret fer mythique - 500g","p":10.45,"u":"20,90 €/KG","img":"https://fd9-photos.leclercdrive.fr/image.ashx?id=2827911&use=l&cat=p&typeid=i","cat":284490},{"id":241926,"n":"Biscuits  galettes Mère Poulard Coffret fer mythique - 472,5g","p":10.52,"u":"22,29 €/KG","img":"https://fd9-photos.leclercdrive.fr/image.ashx?id=2827917&use=l&cat=p&typeid=i","cat":284490},{"id":241927,"n":"Biscuits palets Mère Poulard Coffret fer mythique - 500g","p":10.94,"u":"23,18 €/KG","img":"https://fd9-photos.leclercdrive.fr/image.ashx?id=2827914&use=l&cat=p&typeid=i","cat":284490},{"id":242210,"n":"Tartinades de thon Petit Navire 250g","p":4.44,"u":"17,76 €/KG","img":"https://fd9-photos.leclercdrive.fr/image.ashx?id=2835848&use=l&cat=p&typeid=i","cat":284451},{"id":242214,"n":"Bloc WC Bref Deluxe  Magnolia précieux 2+1","p":2.88,"u":"0,96 €/P","img":"https://fd9-photos.leclercdrive.fr/image.ashx?id=2965022&use=l&cat=p&typeid=i","cat":284662},{"id":242218,"n":"Lingettes Mixa bébé au lait x80","p":3.45,"u":"0,04 €/P","img":"https://fd9-photos.leclercdrive.fr/image.ashx?id=2828079&use=l&cat=p&typeid=i","cat":284738},{"id":242226,"n":"Déodorant Mixa Anti-transpirant 48h","p":2.69,"u":"53,80 €/L","img":"https://fd9-photos.leclercdrive.fr/image.ashx?id=2869116&use=l&cat=p&typeid=i","cat":284595},{"id":242235,"n":"Lingettes bébé Cadum  Ultra-douces x48","p":4.19,"u":"0,04 €/P","img":"https://fd9-photos.leclercdrive.fr/image.ashx?id=2828091&use=l&cat=p&typeid=i","cat":284738},{"id":242258,"n":"Laque Elnett 300ml","p":7.5,"u":"25,00 €/L","img":"https://fd9-photos.leclercdrive.fr/image.ashx?id=2828019&use=l&cat=p&typeid=i","cat":284609},{"id":242259,"n":"Laque Elnett fixation forte 300ml","p":8.79,"u":"29,30 €/L","img":"https://fd9-photos.leclercdrive.fr/image.ashx?id=2828016&use=l&cat=p&typeid=i","cat":284609},{"id":242261,"n":"Laque Elnett Fixation normale 400ml","p":9.33,"u":"23,33 €/L","img":"https://fd9-photos.leclercdrive.fr/image.ashx?id=2828025&use=l&cat=p&typeid=i","cat":284609},{"id":242262,"n":"Laque Elnett Fixation forte 400ml","p":10.09,"u":"25,23 €/L","img":"https://fd9-photos.leclercdrive.fr/image.ashx?id=2828022&use=l&cat=p&typeid=i","cat":284609},{"id":242311,"n":"Lunettes romans Nos Régions ont du Talent 350g","p":2.79,"u":"7,97 €/KG","img":"https://fd9-photos.leclercdrive.fr/image.ashx?id=2856633&use=l&cat=p&typeid=i","cat":284489},{"id":242329,"n":"Bonbons Copains Copines Acides - 200g","p":1.13,"u":"5,65 €/KG","img":"https://fd9-photos.leclercdrive.fr/image.ashx?id=2934793&use=l&cat=p&typeid=i","cat":304250},{"id":242554,"n":"Coktails Tails  Coffret Rhum Daiquiri - 50cl","p":14.92,"u":"29,84 €/L","img":"https://fd9-photos.leclercdrive.fr/image.ashx?id=2826477&use=l&cat=p&typeid=i","cat":284550},{"id":242573,"n":"Coffret Whisky Chivas 70cl","p":37.9,"pp":34.11,"u":"48,73 €/L","img":"https://fd9-photos.leclercdrive.fr/image.ashx?id=2943948&use=l&cat=p&typeid=i","cat":284547},{"id":242585,"n":"Girasoli champignons cèpes  TURINI 250G","p":2.49,"u":"9,96 €/KG","img":"https://fd9-photos.leclercdrive.fr/image.ashx?id=2897823&use=l&cat=p&typeid=i","cat":333682},{"id":242587,"n":"Ravioli carbonara TURINI 250G","p":1.77,"u":"7,08 €/KG","img":"https://fd9-photos.leclercdrive.fr/image.ashx?id=2897868&use=l&cat=p&typeid=i","cat":333682},{"id":242619,"n":"Gruyère AOP Suisse L'Origine du Goût 150g","p":5.5,"u":"36,67 €/KG","img":"https://fd9-photos.leclercdrive.fr/image.ashx?id=2829241&use=l&cat=p&typeid=i","cat":314034},{"id":242706,"n":"Crème dessert Danette Praliné - 4x125g","p":1.6,"u":"3,20 €/KG","img":"https://fd9-photos.leclercdrive.fr/image.ashx?id=2918556&use=l&cat=p&typeid=i","cat":285041},{"id":242707,"n":"Crème dessert Danette Petit-beurre chocolat 4x125g","p":1.61,"u":"3,22 €/KG","img":"https://fd9-photos.leclercdrive.fr/image.ashx?id=2928414&use=l&cat=p&typeid=i","cat":285041},{"id":242712,"n":"Skyr Danone Cerise - 2x140g","p":1.99,"u":"7,11 €/KG","img":"https://fd9-photos.leclercdrive.fr/image.ashx?id=2826570&use=l&cat=p&typeid=i","cat":315000},{"id":242717,"n":"Skyr à boire Danone Fraise - 270g","p":1.68,"u":"6,22 €/KG","img":"https://fd9-photos.leclercdrive.fr/image.ashx?id=2826564&use=l&cat=p&typeid=i","cat":284415},{"id":242719,"n":"Yaourt protéiné Hipro Fraise - 2x160g","p":2.27,"u":"7,09 €/KG","img":"https://fd9-photos.leclercdrive.fr/image.ashx?id=2945418&use=l&cat=p&typeid=i","cat":315000},{"id":242886,"n":"Terrine de Saint-Jacques  Ronde des Mers 2x60g","p":1.99,"u":"16,58 €/KG","img":"https://fd9-photos.leclercdrive.fr/image.ashx?id=2856214&use=l&cat=p&typeid=i","cat":285191},{"id":242901,"n":"AOP Jurançon sec Vin blanc Terrasses d'Autan - 75cl","p":4.99,"u":"6,65 €/L","img":"https://fd9-photos.leclercdrive.fr/image.ashx?id=2933458&use=l&cat=p&typeid=i","cat":289557},{"id":242907,"n":"Gel douche Sanex Zero Essential Peaux sensible 2x47.5ml","p":9.18,"u":"9,66 €/L","img":"https://fd9-photos.leclercdrive.fr/image.ashx?id=2826255&use=l&cat=p&typeid=i","cat":284594},{"id":242930,"n":"Starter Quattro Wilkinson Sensitive + 5lames - 1p","p":14.8,"img":"https://fd9-photos.leclercdrive.fr/image.ashx?id=2826078&use=l&cat=p&typeid=i","cat":325352},{"id":242950,"n":"Toasts croquants 3 graines Labeyrie - 100g","p":3.48,"u":"34,80 €/KG","img":"https://fd9-photos.leclercdrive.fr/image.ashx?id=2825535&use=l&cat=p&typeid=i","cat":285191},{"id":242982,"n":"Pizza Turini Jambon champignons - 450g","p":2.04,"u":"4,53 €/KG","img":"https://fd9-photos.leclercdrive.fr/image.ashx?id=2709734&use=l&cat=p&typeid=i","cat":326550},{"id":243068,"n":"Cocktails Tails Rasberry Shaker - 50 cl","p":14.15,"u":"28,30 €/L","img":"https://fd9-photos.leclercdrive.fr/image.ashx?id=2825484&use=l&cat=p&typeid=i","cat":284551},{"id":243087,"n":"Roti de boeuf cuit Tradilège VBF - 120g","p":2.61,"u":"21,75 €/KG","img":"https://fd9-photos.leclercdrive.fr/image.ashx?id=2753584&use=l&cat=p&typeid=i","cat":326550},{"id":243188,"n":"Coffret La mère Poulard Petit beurre - 507g","p":10.56,"u":"20,83 €/KG","img":"https://fd9-photos.leclercdrive.fr/image.ashx?id=2830516&use=l&cat=p&typeid=i","cat":284490},{"id":243249,"n":"Foie gras de canard Delpeyrat Bloc 540g","p":42.95,"u":"79,54 €/KG","img":"https://fd9-photos.leclercdrive.fr/image.ashx?id=2833267&use=l&cat=p&typeid=i","cat":316008},{"id":243336,"n":"Panettone Al Nocciola  Tradizioni d'Italia 500g","p":6.84,"u":"13,68 €/KG","img":"https://fd9-photos.leclercdrive.fr/image.ashx?id=2826327&use=l&cat=p&typeid=i","cat":293600},{"id":243414,"n":"Yaourt à la grecque YAOS Citron - 4x125g","p":1.88,"u":"3,76 €/KG","img":"https://fd9-photos.leclercdrive.fr/image.ashx?id=2578672&use=l&cat=p&typeid=i","cat":326550},{"id":243688,"n":"Concentré de citron Frucci 75cl","p":1.54,"u":"2,05 €/L","img":"https://fd9-photos.leclercdrive.fr/image.ashx?id=2865308&use=l&cat=p&typeid=i","cat":295020},{"id":243689,"n":"Boisson energisante X-Tense Energisante pina coco - 50cl","p":0.98,"u":"1,96 €/L","img":"https://fd9-photos.leclercdrive.fr/image.ashx?id=2956798&use=l&cat=p&typeid=i","cat":284533},{"id":243706,"n":"Boisson energisante X-tense  Tropical - 50cl","p":0.98,"u":"1,96 €/L","img":"https://fd9-photos.leclercdrive.fr/image.ashx?id=2956795&use=l&cat=p&typeid=i","cat":284533},{"id":243739,"n":"Poulet fermier jaune Loué Label Rouge - 1.25kg","p":7.46,"u":"5,97 €/KG","img":"https://fd9-photos.leclercdrive.fr/image.ashx?id=2411761&use=l&cat=p&typeid=i","cat":326550},{"id":243774,"n":"Piles AAA Duracel Optimum x8","p":11.5,"img":"https://fd9-photos.leclercdrive.fr/image.ashx?id=2929119&use=l&cat=p&typeid=i","cat":300572},{"id":243901,"n":"Yaourts lait brebis nature Bio Bio village - 2x125g","p":1.06,"u":"4,24 €/KG","img":"https://fd9-photos.leclercdrive.fr/image.ashx?id=2841959&use=l&cat=p&typeid=i","cat":326550},{"id":243934,"n":"Poulet Label Rouge Blanc  IGP Volailles du Maine - 1,25kg","p":8.02,"u":"6,42 €/KG","img":"https://fd9-photos.leclercdrive.fr/image.ashx?id=2411758&use=l&cat=p&typeid=i","cat":326550},{"id":243957,"n":"Concentré Frucci Citron vert - 75cl","p":1.8,"u":"2,40 €/L","img":"https://fd9-photos.leclercdrive.fr/image.ashx?id=2865311&use=l&cat=p&typeid=i","cat":295020},{"id":243958,"n":"Concentré Frucci Orange Citron - 75cl","p":2.41,"u":"3,21 €/L","img":"https://fd9-photos.leclercdrive.fr/image.ashx?id=2865314&use=l&cat=p&typeid=i","cat":295020},{"id":243962,"n":"Lingettes Decolor Stop Protection couleurs - x22","p":3.92,"img":"https://fd9-photos.leclercdrive.fr/image.ashx?id=2890127&use=l&cat=p&typeid=i","cat":290450},{"id":243963,"n":"Lessive liquide Winni's Savon d'Alep & Verveine 1125ml","p":6.41,"u":"5,70 €/L","img":"https://fd9-photos.leclercdrive.fr/image.ashx?id=2834539&use=l&cat=p&typeid=i","cat":284640},{"id":243964,"n":"Lessive liquide Ecopack Winni's Savon d'Alep et Verveine 1350ml","p":8.0,"u":"5,93 €/L","img":"https://fd9-photos.leclercdrive.fr/image.ashx?id=2834542&use=l&cat=p&typeid=i","cat":284640},{"id":243967,"n":"Lessive liquide Winni's Couleurs Ecolabel 1125ml x25","p":5.62,"u":"5,00 €/L","img":"https://fd9-photos.leclercdrive.fr/image.ashx?id=2834545&use=l&cat=p&typeid=i","cat":284640},{"id":243968,"n":"Lessive liquide Ecopack Winni's Couleurs Ecolabel 1350ml x30","p":7.05,"u":"5,22 €/L","img":"https://fd9-photos.leclercdrive.fr/image.ashx?id=2834548&use=l&cat=p&typeid=i","cat":284640},{"id":243969,"n":"Adoucissant Winni's Fleurs blanches - 775ml - x31","p":3.28,"u":"4,23 €/L","img":"https://fd9-photos.leclercdrive.fr/image.ashx?id=2834551&use=l&cat=p&typeid=i","cat":284650},{"id":243970,"n":"Adoucissant Eco-pack Winni's Fleurs Blanches - 1250ml - x50","p":6.77,"u":"5,42 €/L","img":"https://fd9-photos.leclercdrive.fr/image.ashx?id=2834554&use=l&cat=p&typeid=i","cat":284650},{"id":243977,"n":"Vinaigre de nettoyage Clair 5L","p":5.01,"u":"1,00 €/L","img":"https://fd9-photos.leclercdrive.fr/image.ashx?id=2834190&use=l&cat=p&typeid=i","cat":325362},{"id":244108,"n":"Merguez Poulet Volandrie 300g","p":2.61,"u":"8,70 €/KG","img":"https://fd9-photos.leclercdrive.fr/image.ashx?id=2707558&use=l&cat=p&typeid=i","cat":326550},{"id":244182,"n":"Bière blonde Corona Extra 4,5% - 18x33cl","p":27.81,"u":"4,68 €/L","img":"https://fd9-photos.leclercdrive.fr/image.ashx?id=2944368&use=l&cat=p&typeid=i","cat":334873},{"id":244187,"n":"Gin Tanqueray 0.0% vol. sans alcool - 70cl","p":18.6,"u":"26,57 €/L","img":"https://fd9-photos.leclercdrive.fr/image.ashx?id=2948408&use=l&cat=p&typeid=i","cat":284550},{"id":244204,"n":"Poêlée Champêtre Ec0+ 1kg","p":2.49,"img":"https://fd9-photos.leclercdrive.fr/image.ashx?id=2835045&use=l&cat=p&typeid=i","cat":319823},{"id":244205,"n":"Poêlée de légumes 1kg","p":2.49,"u":"2,49 €/KG","img":"https://fd9-photos.leclercdrive.fr/image.ashx?id=2835048&use=l&cat=p&typeid=i","cat":319823},{"id":244218,"n":"Croquettes Friskies chat adulte Thon Légumes - 3kg","p":8.64,"u":"2,88 €/KG","img":"https://fd9-photos.leclercdrive.fr/image.ashx?id=2835148&use=l&cat=p&typeid=i","cat":284680},{"id":244229,"n":"Croquettes Friskies chat adulte Lapin Poulet Légumes - 1.5kg","p":4.6,"u":"3,07 €/KG","img":"https://fd9-photos.leclercdrive.fr/image.ashx?id=2835160&use=l&cat=p&typeid=i","cat":284680},{"id":244230,"n":"Croquettes Friskies chat adulte Poulet Légumes - 3kg","p":8.64,"u":"2,88 €/KG","img":"https://fd9-photos.leclercdrive.fr/image.ashx?id=2835151&use=l&cat=p&typeid=i","cat":284680},{"id":244234,"n":"Croquettes Friskies chat adulte Saumon Légumes - 1.5kg","p":4.6,"u":"3,07 €/KG","img":"https://fd9-photos.leclercdrive.fr/image.ashx?id=2860586&use=l&cat=p&typeid=i","cat":284680},{"id":244235,"n":"Croquettes Friskies chat adulte  Boeuf Poulet Légumes - 1.5kg","p":4.66,"u":"3,11 €/KG","img":"https://fd9-photos.leclercdrive.fr/image.ashx?id=2835154&use=l&cat=p&typeid=i","cat":284680},{"id":244298,"n":"Galette au blé noir Côté Table Lardons chèvre - 195g","p":1.31,"u":"6,72 €/KG","img":"https://fd9-photos.leclercdrive.fr/image.ashx?id=2835014&use=l&cat=p&typeid=i","cat":326550},{"id":244299,"n":"Macédoine Menu Fraîcheur  Légumes - 300g","p":1.19,"u":"3,97 €/KG","img":"https://fd9-photos.leclercdrive.fr/image.ashx?id=2901446&use=l&cat=p&typeid=i","cat":326550},{"id":244351,"n":"Shampooing Elsève Color vive 250ml","p":2.35,"u":"9,40 €/L","img":"https://fd9-photos.leclercdrive.fr/image.ashx?id=2989318&use=l&cat=p&typeid=i","cat":284606},{"id":244354,"n":"Shampooing Garnier Ultra doux  Miel - 250ml","p":2.06,"u":"8,24 €/L","img":"https://fd9-photos.leclercdrive.fr/image.ashx?id=2836502&use=l&cat=p&typeid=i","cat":284606},{"id":244356,"n":"Shampooing Garnier Ultra doux  Avocat 250ml","p":2.05,"u":"8,20 €/L","img":"https://fd9-photos.leclercdrive.fr/image.ashx?id=2836499&use=l&cat=p&typeid=i","cat":284606},{"id":244359,"n":"Shampooing Elsève Dream length  250ml","p":3.48,"u":"13,92 €/L","img":"https://fd9-photos.leclercdrive.fr/image.ashx?id=2863614&use=l&cat=p&typeid=i","cat":284606},{"id":244360,"n":"Shampooing Elsève Hyaluronique  250ml","p":3.48,"u":"13,92 €/L","img":"https://fd9-photos.leclercdrive.fr/image.ashx?id=2863617&use=l&cat=p&typeid=i","cat":284606},{"id":244382,"n":"Duo pâté / mousse Tradilège Canard 2x50g","p":0.86,"u":"8,60 €/KG","img":"https://fd9-photos.leclercdrive.fr/image.ashx?id=2974861&use=l&cat=p&typeid=i","cat":326550},{"id":244385,"n":"Manchons de poulet Eco+ 250g","p":1.52,"u":"6,08 €/KG","img":"https://fd9-photos.leclercdrive.fr/image.ashx?id=2742676&use=l&cat=p&typeid=i","cat":326550},{"id":244483,"n":"Pâté de campagne Breton L'Atelier Charcuterie - 170g","p":1.79,"u":"10,53 €/KG","img":"https://fd9-photos.leclercdrive.fr/image.ashx?id=2970426&use=l&cat=p&typeid=i","cat":326550},{"id":244498,"n":"Filet poulet Tradilège rôti sans nitrite 4 tranches - 120g","p":1.41,"u":"11,75 €/KG","img":"https://fd9-photos.leclercdrive.fr/image.ashx?id=2989790&use=l&cat=p&typeid=i","cat":326550},{"id":244661,"n":"Riz Basmati Lustucru Selection  10 min - 450g","p":2.18,"u":"4,84 €/KG","img":"https://fd9-photos.leclercdrive.fr/image.ashx?id=2836732&use=l&cat=p&typeid=i","cat":284428},{"id":245000,"n":"Crème dessert La Laitière Pot de crème café - 4x100g","p":1.73,"u":"4,33 €/KG","img":"https://fd9-photos.leclercdrive.fr/image.ashx?id=2875963&use=l&cat=p&typeid=i","cat":326550},{"id":245061,"n":"Pain pour panini Epi d'Or Précuit - x4  300g","p":1.48,"u":"4,93 €/KG","img":"https://fd9-photos.leclercdrive.fr/image.ashx?id=2837144&use=l&cat=p&typeid=i","cat":284985},{"id":245062,"n":"Compotée d'aubergines & blé Cassegrain - 2x375g","p":6.98,"u":"9,31 €/KG","img":"https://fd9-photos.leclercdrive.fr/image.ashx?id=2970843&use=l&cat=p&typeid=i","cat":312612},{"id":245075,"n":"Nouilles instantanées Maggi  sauce Teriyaki - 128g","p":1.95,"u":"15,23 €/KG","img":"https://fd9-photos.leclercdrive.fr/image.ashx?id=2837625&use=l&cat=p&typeid=i","cat":288992},{"id":245082,"n":"Nouilles instantanées Maggi sauce sweet chili - 75g","p":1.95,"u":"26,00 €/KG","img":"https://fd9-photos.leclercdrive.fr/image.ashx?id=2842960&use=l&cat=p&typeid=i","cat":288992},{"id":245099,"n":"Pilons de poulet Côté Croc à l'Indienne - 250g","p":1.86,"u":"7,44 €/KG","img":"https://fd9-photos.leclercdrive.fr/image.ashx?id=2560473&use=l&cat=p&typeid=i","cat":326550},{"id":245131,"n":"Jambon supérieur Tradilège Découenné dégraissé x6 - 240g","p":2.43,"u":"10,13 €/KG","img":"https://fd9-photos.leclercdrive.fr/image.ashx?id=2974879&use=l&cat=p&typeid=i","cat":326550},{"id":245174,"n":"Rillettes de canard Tradilège 220g","p":2.06,"u":"9,36 €/KG","img":"https://fd9-photos.leclercdrive.fr/image.ashx?id=2560575&use=l&cat=p&typeid=i","cat":326550},{"id":245198,"n":"Émincés de porc thaï L'Atelier Boucherie - 300g","p":3.44,"u":"11,47 €/KG","img":"https://fd9-photos.leclercdrive.fr/image.ashx?id=2854294&use=l&cat=p&typeid=i","cat":326550},{"id":245208,"n":"Dos de cabillaud MSC L'Atelier Poissonnerie - 300g","p":7.11,"u":"23,70 €/KG","img":"https://fd9-photos.leclercdrive.fr/image.ashx?id=2868699&use=l&cat=p&typeid=i","cat":326550},{"id":245238,"n":"Gousses vanille Tablier Blanc x2 - 4g","p":5.44,"img":"https://fd9-photos.leclercdrive.fr/image.ashx?id=2837701&use=l&cat=p&typeid=i","cat":284504},{"id":245276,"n":"Sandwich XXL Daunat Poulet rôti - 230g","p":1.54,"u":"6,70 €/KG","img":"https://fd9-photos.leclercdrive.fr/image.ashx?id=2894260&use=l&cat=p&typeid=i","cat":326550},{"id":245397,"n":"Frites au four allumettes  Pom'lisse - 2kg","p":3.99,"u":"2,00 €/KG","img":"https://fd9-photos.leclercdrive.fr/image.ashx?id=2838547&use=l&cat=p&typeid=i","cat":319791},{"id":245400,"n":"Dés de chorizo Saint-Azay 120g","p":1.99,"u":"16,58 €/KG","img":"https://fd9-photos.leclercdrive.fr/image.ashx?id=2959746&use=l&cat=p&typeid=i","cat":316011},{"id":245402,"n":"Gyoza au poulet Tables du Monde x8 - 200g","p":3.2,"u":"16,00 €/KG","img":"https://fd9-photos.leclercdrive.fr/image.ashx?id=2838550&use=l&cat=p&typeid=i","cat":333673},{"id":245404,"n":"Nouilles aux légumes Tables du Monde - 300g","p":2.89,"u":"9,63 €/KG","img":"https://fd9-photos.leclercdrive.fr/image.ashx?id=2838556&use=l&cat=p&typeid=i","cat":333673},{"id":245415,"n":"Feuille de chêne 125g","p":1.09,"u":"8,72 €/KG","img":"https://fd9-photos.leclercdrive.fr/image.ashx?id=2693315&use=l&cat=p&typeid=i","cat":326550},{"id":245509,"n":"Mozzarella di Buffala AOP Les Croisés - 125g","p":1.23,"u":"9,84 €/KG","img":"https://fd9-photos.leclercdrive.fr/image.ashx?id=2146137&use=l&cat=p&typeid=i","cat":326550},{"id":245528,"n":"Haché moelleux Eco+ x2 - 200g","p":1.79,"u":"8,95 €/KG","img":"https://fd9-photos.leclercdrive.fr/image.ashx?id=2930609&use=l&cat=p&typeid=i","cat":326550},{"id":245582,"n":"Sauce Pesto Panzani poivrons ricotta - 190g","p":2.13,"u":"11,21 €/KG","img":"https://fd9-photos.leclercdrive.fr/image.ashx?id=2873835&use=l&cat=p&typeid=i","cat":299047},{"id":245681,"n":"Tranches Emmental Baguette Président - 8 tranches - 120g","p":1.95,"u":"16,25 €/KG","img":"https://fd9-photos.leclercdrive.fr/image.ashx?id=2840518&use=l&cat=p&typeid=i","cat":314028},{"id":245682,"n":"Tranches Gouda Baguette Président - 8 tranches - 120g","p":1.95,"u":"16,25 €/KG","img":"https://fd9-photos.leclercdrive.fr/image.ashx?id=2840521&use=l&cat=p&typeid=i","cat":314028},{"id":245683,"n":"Tranches Mimolette Baguette Président - 8 tranches - 120g","p":2.0,"u":"16,67 €/KG","img":"https://fd9-photos.leclercdrive.fr/image.ashx?id=2840524&use=l&cat=p&typeid=i","cat":314028},{"id":245832,"n":"Salade Notre Jardin Jeunes pousses - 125g","p":1.11,"u":"8,88 €/KG","img":"https://fd9-photos.leclercdrive.fr/image.ashx?id=2720154&use=l&cat=p&typeid=i","cat":326550},{"id":245836,"n":"Fromage Tomme de Savoie NRT IGP 300g","p":3.18,"u":"10,60 €/KG","img":"https://fd9-photos.leclercdrive.fr/image.ashx?id=2934835&use=l&cat=p&typeid=i","cat":326550},{"id":245843,"n":"Carottes râpées Notre Jardin 250g","p":1.11,"u":"4,44 €/KG","img":"https://fd9-photos.leclercdrive.fr/image.ashx?id=2693321&use=l&cat=p&typeid=i","cat":326550},{"id":245900,"n":"Mousse de canard Tradilège 2x50g","p":0.81,"u":"8,10 €/KG","img":"https://fd9-photos.leclercdrive.fr/image.ashx?id=2998886&use=l&cat=p&typeid=i","cat":326550},{"id":245929,"n":"Tablette chocolat KitKat Caramel salé - 99g","p":2.35,"u":"23,74 €/KG","img":"https://fd9-photos.leclercdrive.fr/image.ashx?id=2990868&use=l&cat=p&typeid=i","cat":284497},{"id":245930,"n":"Tablette KitKat  Double chocolat - 99g","p":2.34,"u":"23,64 €/KG","img":"https://fd9-photos.leclercdrive.fr/image.ashx?id=2990865&use=l&cat=p&typeid=i","cat":284497},{"id":245931,"n":"Tablette chocolat KitKat  Noisette - 99g","p":2.34,"u":"23,64 €/KG","img":"https://fd9-photos.leclercdrive.fr/image.ashx?id=2871046&use=l&cat=p&typeid=i","cat":284497},{"id":246026,"n":"Tarama Ronde des Mers Oeufs de cabillaud - 250g","p":1.72,"u":"6,88 €/KG","img":"https://fd9-photos.leclercdrive.fr/image.ashx?id=1942389&use=l&cat=p&typeid=i","cat":326550},{"id":246199,"n":"Sablés au roquefort Nos Régions ont du Talent 100g","p":1.99,"u":"19,90 €/KG","img":"https://fd9-photos.leclercdrive.fr/image.ashx?id=2909927&use=l&cat=p&typeid=i","cat":297000},{"id":246201,"n":"Pâtes penné rigaté Eco+ 1kg","p":1.1,"u":"1,10 €/KG","img":"https://fd9-photos.leclercdrive.fr/image.ashx?id=2856736&use=l&cat=p&typeid=i","cat":284427},{"id":246213,"n":"Complément alimentaire Zohi Magnesium pilulier x30","p":12.55,"u":"69,72 €/KG","img":"https://fd9-photos.leclercdrive.fr/image.ashx?id=2844205&use=l&cat=p&typeid=i","cat":284632},{"id":246216,"n":"Coupelles Douceurs du Verger Pomme Fraise - 4x100g","p":1.23,"u":"3,08 €/KG","img":"https://fd9-photos.leclercdrive.fr/image.ashx?id=2878741&use=l&cat=p&typeid=i","cat":284508},{"id":246217,"n":"Gourdes Douceur du Verger Pommes Fraises abricot 4x90g","p":1.6,"u":"4,44 €/KG","img":"https://fd9-photos.leclercdrive.fr/image.ashx?id=2934781&use=l&cat=p&typeid=i","cat":284508},{"id":246225,"n":"Tablette de chocolat Equador Amandes caramel - 100g","p":1.69,"u":"16,90 €/KG","img":"https://fd9-photos.leclercdrive.fr/image.ashx?id=2843120&use=l&cat=p&typeid=i","cat":284497},{"id":246237,"n":"Fromage de Brebis Le Brebiou  Des Pyrénées - 180g","p":2.37,"u":"13,17 €/KG","img":"https://fd9-photos.leclercdrive.fr/image.ashx?id=2472855&use=l&cat=p&typeid=i","cat":326550},{"id":246260,"n":"Masque Elseve Total Repair 5 - 310ml","p":5.05,"u":"16,29 €/L","img":"https://fd9-photos.leclercdrive.fr/image.ashx?id=2844178&use=l&cat=p&typeid=i","cat":284608},{"id":246261,"n":"Shampooing Elseve Hyaluronique - 400ml","p":6.09,"u":"15,23 €/L","img":"https://fd9-photos.leclercdrive.fr/image.ashx?id=2844181&use=l&cat=p&typeid=i","cat":284606},{"id":246262,"n":"Shampooing Elseve Dream long - 400ml","p":5.12,"u":"12,80 €/L","img":"https://fd9-photos.leclercdrive.fr/image.ashx?id=2844187&use=l&cat=p&typeid=i","cat":284606},{"id":246263,"n":"Sérum Elseve Anti-chute - 102ml","p":10.96,"u":"107,45 €/L","img":"https://fd9-photos.leclercdrive.fr/image.ashx?id=2844190&use=l&cat=p&typeid=i","cat":284608},{"id":246269,"n":"Après-shampooing Elseve Démêlant anti-chute - 150ml","p":6.75,"u":"45,00 €/L","img":"https://fd9-photos.leclercdrive.fr/image.ashx?id=2844193&use=l&cat=p&typeid=i","cat":284607},{"id":246270,"n":"Shampooing Elseve Anti-chute - 200ml","p":5.59,"u":"27,95 €/L","img":"https://fd9-photos.leclercdrive.fr/image.ashx?id=2844196&use=l&cat=p&typeid=i","cat":284606},{"id":246272,"n":"Shampooing Elseve Hyaluronique Pure - 250ml","p":4.18,"u":"16,72 €/L","img":"https://fd9-photos.leclercdrive.fr/image.ashx?id=2981593&use=l&cat=p&typeid=i","cat":284606},{"id":246318,"n":"Tablette de chocolat Equador Blond caramel amandes - 100g","p":1.69,"u":"16,90 €/KG","img":"https://fd9-photos.leclercdrive.fr/image.ashx?id=2843824&use=l&cat=p&typeid=i","cat":284497},{"id":246319,"n":"Tablette de chocolat Equador Noir gianduja - 100g","p":1.49,"u":"14,90 €/KG","img":"https://fd9-photos.leclercdrive.fr/image.ashx?id=2843821&use=l&cat=p&typeid=i","cat":284956},{"id":246321,"n":"Coffret palet Mère Poulard Gamme mythique - citron 500g","p":12.55,"u":"25,10 €/KG","img":"https://fd9-photos.leclercdrive.fr/image.ashx?id=2844133&use=l&cat=p&typeid=i","cat":284490},{"id":246322,"n":"Coffret sablés Mère Poulard Eclats de chocolat - 500g","p":12.55,"u":"25,10 €/KG","img":"https://fd9-photos.leclercdrive.fr/image.ashx?id=2844130&use=l&cat=p&typeid=i","cat":284487},{"id":246324,"n":"Coffret sablés Mère Poulard Gamme mythique - caramel 500g","p":10.9,"u":"21,80 €/KG","img":"https://fd9-photos.leclercdrive.fr/image.ashx?id=2844127&use=l&cat=p&typeid=i","cat":284487},{"id":246325,"n":"Biscuits La Biscuiterie Delacre Gauffrette chocolat noir - 130g","p":2.65,"u":"20,38 €/KG","img":"https://fd9-photos.leclercdrive.fr/image.ashx?id=2862140&use=l&cat=p&typeid=i","cat":284490},{"id":246330,"n":"Saumon Selection Purina One Junior 1 à 12 mois - 1.5 kg","p":7.42,"u":"4,95 €/KG","img":"https://fd9-photos.leclercdrive.fr/image.ashx?id=2844487&use=l&cat=p&typeid=i","cat":284680},{"id":246331,"n":"Saumon Purina One Mini 85g","p":4.14,"u":"4,87 €/KG","img":"https://fd9-photos.leclercdrive.fr/image.ashx?id=2844484&use=l&cat=p&typeid=i","cat":294526},{"id":246351,"n":"Nouilles odon précuite Suzi Wan Wok soja sésame 320g","p":2.94,"u":"9,19 €/KG","img":"https://fd9-photos.leclercdrive.fr/image.ashx?id=2886229&use=l&cat=p&typeid=i","cat":288992},{"id":246352,"n":"Nouilles ramen Suzi Wan Précuites curry jaune - 320g","p":2.91,"u":"9,09 €/KG","img":"https://fd9-photos.leclercdrive.fr/image.ashx?id=2886232&use=l&cat=p&typeid=i","cat":288992},{"id":246353,"n":"Nouilles ramen Suzi Wan Précuites wok korean bbq - 320g","p":2.7,"u":"8,44 €/KG","img":"https://fd9-photos.leclercdrive.fr/image.ashx?id=2886235&use=l&cat=p&typeid=i","cat":288992},{"id":246391,"n":"Saucisse Tradilège Mini Knacks Pot micro ondable 200g","p":1.94,"u":"9,70 €/KG","img":"https://fd9-photos.leclercdrive.fr/image.ashx?id=2930921&use=l&cat=p&typeid=i","cat":326550},{"id":246427,"n":"Soupe deshydratée Knorr Pistou","p":1.35,"u":"16,88 €/KG","img":"https://fd9-photos.leclercdrive.fr/image.ashx?id=2845071&use=l&cat=p&typeid=i","cat":284463},{"id":246431,"n":"Bière artisanale Blanche 4.5% - 33cl","p":1.59,"u":"4,82 €/L","img":"https://fd9-photos.leclercdrive.fr/image.ashx?id=2844521&use=l&cat=p&typeid=i","cat":334878},{"id":246466,"n":"Soupe Knorr Pot au feu -14x55g","p":1.39,"u":"1,81 €/KG","img":"https://fd9-photos.leclercdrive.fr/image.ashx?id=2845656&use=l&cat=p&typeid=i","cat":293527},{"id":246540,"n":"Bière artisanale Ipa 6.5% - 33cl","p":1.59,"u":"4,82 €/L","img":"https://fd9-photos.leclercdrive.fr/image.ashx?id=2845164&use=l&cat=p&typeid=i","cat":334872},{"id":246541,"n":"Bière artisanale Blonde 5.6% - 33cl","p":1.49,"u":"4,52 €/L","img":"https://fd9-photos.leclercdrive.fr/image.ashx?id=2845167&use=l&cat=p&typeid=i","cat":334872},{"id":246542,"n":"Bière artisanale Ambrée 6.5% - 33cl","p":1.59,"u":"4,82 €/L","img":"https://fd9-photos.leclercdrive.fr/image.ashx?id=2845173&use=l&cat=p&typeid=i","cat":334872},{"id":246543,"n":"Gommage corps Bionaïa Solide Bio - 100g","p":2.49,"u":"24,90 €/KG","img":"https://fd9-photos.leclercdrive.fr/image.ashx?id=2845158&use=l&cat=p&typeid=i","cat":325375},{"id":246547,"n":"Crème nettoyante Neutrogena Points noirs 2% - 150ml","p":4.79,"u":"31,93 €/L","img":"https://fd9-photos.leclercdrive.fr/image.ashx?id=2846045&use=l&cat=p&typeid=i","cat":284603},{"id":246549,"n":"Gel nettoyant Neutrogena Pamplemousse 0.5% - 200ml","p":3.82,"u":"19,10 €/L","img":"https://fd9-photos.leclercdrive.fr/image.ashx?id=2846051&use=l&cat=p&typeid=i","cat":284603},{"id":246597,"n":"Rasoirs Jetables Wilkinson Extra essential 3 - 4x8","p":18.92,"img":"https://fd9-photos.leclercdrive.fr/image.ashx?id=2850692&use=l&cat=p&typeid=i","cat":284616},{"id":246638,"n":"Riz parfumé Taureau Ailé 1kg","p":2.88,"u":"2,88 €/KG","img":"https://fd9-photos.leclercdrive.fr/image.ashx?id=2846739&use=l&cat=p&typeid=i","cat":284428},{"id":246814,"n":"Saumon fumé Ronde des Mers Ecosse x8T - 300g","p":8.24,"u":"27,47 €/KG","img":"https://fd9-photos.leclercdrive.fr/image.ashx?id=2449978&use=l&cat=p&typeid=i","cat":326550},{"id":246914,"n":"Haricots blancs Notre Jardin 600g","p":1.85,"u":"3,08 €/KG","img":"https://fd9-photos.leclercdrive.fr/image.ashx?id=2873174&use=l&cat=p&typeid=i","cat":319805},{"id":246918,"n":"Lentilles vertes Notre Jardin 600g","p":1.99,"u":"3,32 €/KG","img":"https://fd9-photos.leclercdrive.fr/image.ashx?id=2873177&use=l&cat=p&typeid=i","cat":319805},{"id":246920,"n":"Pois chiches Notre Jardin 600g","p":1.7,"u":"2,83 €/KG","img":"https://fd9-photos.leclercdrive.fr/image.ashx?id=2873180&use=l&cat=p&typeid=i","cat":319805},{"id":246921,"n":"Fèves de soja Notre Jardin 450g","p":2.39,"u":"5,31 €/KG","img":"https://fd9-photos.leclercdrive.fr/image.ashx?id=2873183&use=l&cat=p&typeid=i","cat":319805},{"id":246924,"n":"Émincés de poulet rôti Volandrie - 180g","p":2.99,"u":"16,61 €/KG","img":"https://fd9-photos.leclercdrive.fr/image.ashx?id=2847796&use=l&cat=p&typeid=i","cat":284336},{"id":247058,"n":"Les Mini Galettes Saint Michel Emmental - 100g","p":1.9,"u":"19,00 €/KG","img":"https://fd9-photos.leclercdrive.fr/image.ashx?id=2936278&use=l&cat=p&typeid=i","cat":297000},{"id":247059,"n":"Les minis galettes Saint Michel Comté - 100g","p":1.94,"u":"19,40 €/KG","img":"https://fd9-photos.leclercdrive.fr/image.ashx?id=2936281&use=l&cat=p&typeid=i","cat":297000},{"id":247060,"n":"Les Minis Galettes Saint Michel Tomates herbes de provence 100g","p":1.85,"u":"18,50 €/KG","img":"https://fd9-photos.leclercdrive.fr/image.ashx?id=2936284&use=l&cat=p&typeid=i","cat":297000},{"id":247061,"n":"Les minis pesto Saint Michel madeleines moelleuses  100g","p":1.94,"u":"19,40 €/KG","img":"https://fd9-photos.leclercdrive.fr/image.ashx?id=2936302&use=l&cat=p&typeid=i","cat":297000},{"id":247087,"n":"Duo blé riz sarrasin Jardin Bio 220g","p":1.83,"u":"8,32 €/KG","img":"https://fd9-photos.leclercdrive.fr/image.ashx?id=2849953&use=l&cat=p&typeid=i","cat":284953},{"id":247089,"n":"Mouliné de lentilles Jardin Bio bio 1L","p":2.92,"u":"2,92 €/L","img":"https://fd9-photos.leclercdrive.fr/image.ashx?id=2849947&use=l&cat=p&typeid=i","cat":284462},{"id":247091,"n":"Trio gourmand Jardin Bio Riz lentilles bio - 220g","p":1.82,"u":"8,27 €/KG","img":"https://fd9-photos.leclercdrive.fr/image.ashx?id=2849944&use=l&cat=p&typeid=i","cat":284953},{"id":247092,"n":"Blé à la tomate Jardin Bio Basilic - 220g","p":1.83,"u":"8,32 €/KG","img":"https://fd9-photos.leclercdrive.fr/image.ashx?id=2849941&use=l&cat=p&typeid=i","cat":284953},{"id":247093,"n":"Nouilles curry Jardin Bio 220g","p":2.93,"u":"13,32 €/KG","img":"https://fd9-photos.leclercdrive.fr/image.ashx?id=2849938&use=l&cat=p&typeid=i","cat":284953},{"id":247096,"n":"Pad Thai Jardin Bio bio 220g","p":2.6,"u":"11,82 €/KG","img":"https://fd9-photos.leclercdrive.fr/image.ashx?id=2849935&use=l&cat=p&typeid=i","cat":284953},{"id":247099,"n":"Coupelles Douceur du verger pomme banane - 4x100g","p":1.09,"u":"2,73 €/KG","img":"https://fd9-photos.leclercdrive.fr/image.ashx?id=2878744&use=l&cat=p&typeid=i","cat":284508},{"id":247143,"n":"Mini madeleines Saint Michel Provencale - 100g","p":1.9,"u":"19,00 €/KG","img":"https://fd9-photos.leclercdrive.fr/image.ashx?id=2936305&use=l&cat=p&typeid=i","cat":297000},{"id":247208,"n":"Fromage frais nature Bio Bio village - 8x100g","p":2.37,"u":"2,96 €/KG","img":"https://fd9-photos.leclercdrive.fr/image.ashx?id=2839950&use=l&cat=p&typeid=i","cat":326550},{"id":247261,"n":"Shampooing Elsève Colorvive - 300ml","p":4.18,"u":"13,93 €/L","img":"https://fd9-photos.leclercdrive.fr/image.ashx?id=2850614&use=l&cat=p&typeid=i","cat":284606},{"id":247262,"n":"Shampooing Elsève Hyaluronique - 250ml","p":4.18,"u":"16,72 €/L","img":"https://fd9-photos.leclercdrive.fr/image.ashx?id=2869095&use=l&cat=p&typeid=i","cat":284606},{"id":247263,"n":"Shampooing Elsève Total repair 5 - 300ml","p":4.18,"u":"13,93 €/L","img":"https://fd9-photos.leclercdrive.fr/image.ashx?id=2850617&use=l&cat=p&typeid=i","cat":284606},{"id":247264,"n":"Shampooing Elseve Huile extraordinaire - 250ml","p":4.18,"u":"16,72 €/L","img":"https://fd9-photos.leclercdrive.fr/image.ashx?id=2868690&use=l&cat=p&typeid=i","cat":284606},{"id":247265,"n":"Shampooing Elseve Dream long - 250ml","p":4.18,"u":"16,72 €/L","img":"https://fd9-photos.leclercdrive.fr/image.ashx?id=2850623&use=l&cat=p&typeid=i","cat":284606},{"id":247269,"n":"Shampooing Elseve Nutri gloss - 300ml","p":4.18,"u":"13,93 €/L","img":"https://fd9-photos.leclercdrive.fr/image.ashx?id=2869089&use=l&cat=p&typeid=i","cat":284606},{"id":247273,"n":"Démélant Elseve Hyaluronique Booster hydratation 72h - 200ml","p":4.18,"u":"20,90 €/L","img":"https://fd9-photos.leclercdrive.fr/image.ashx?id=2869092&use=l&cat=p&typeid=i","cat":284607},{"id":247274,"n":"Après-Shampooing Elseve Dream Long - 200ml","p":4.18,"u":"20,90 €/L","img":"https://fd9-photos.leclercdrive.fr/image.ashx?id=2850638&use=l&cat=p&typeid=i","cat":284607},{"id":247275,"n":"Après-shampooing Elseve Nutri gloss - 250ml","p":4.18,"u":"16,72 €/L","img":"https://fd9-photos.leclercdrive.fr/image.ashx?id=2850641&use=l&cat=p&typeid=i","cat":284607},{"id":247489,"n":"Coeur fondant Equador Caramel - 2x90g","p":1.76,"u":"9,78 €/KG","img":"https://fd9-photos.leclercdrive.fr/image.ashx?id=2640212&use=l&cat=p&typeid=i","cat":326550},{"id":247567,"n":"IGP Ardeche Ferme du Rouret  Blanc 10L","p":18.9,"u":"1,89 €/L","img":"https://fd9-photos.leclercdrive.fr/image.ashx?id=2862281&use=l&cat=p&typeid=i","cat":289557},{"id":247582,"n":"Pizza Turini Margherita - 400g","p":2.51,"u":"6,28 €/KG","img":"https://fd9-photos.leclercdrive.fr/image.ashx?id=2888968&use=l&cat=p&typeid=i","cat":326550},{"id":247616,"n":"Yaourt brassé lait de chèvre Soignon Citron - 4x125g","p":1.87,"u":"3,74 €/KG","img":"https://fd9-photos.leclercdrive.fr/image.ashx?id=2518274&use=l&cat=p&typeid=i","cat":326550},{"id":247834,"n":"Nettoyant plastique mat Tech9 400ml","p":3.99,"u":"9,98 €/L","img":"https://fd9-photos.leclercdrive.fr/image.ashx?id=2907288&use=l&cat=p&typeid=i","cat":298252},{"id":247865,"n":"Shampooing Elsève Color vive  500ml","p":5.12,"u":"10,24 €/L","img":"https://fd9-photos.leclercdrive.fr/image.ashx?id=2853964&use=l&cat=p&typeid=i","cat":284606},{"id":247866,"n":"Shampooing Elsève Full resist  250ml","p":3.69,"u":"14,76 €/L","img":"https://fd9-photos.leclercdrive.fr/image.ashx?id=2853967&use=l&cat=p&typeid=i","cat":284606},{"id":247867,"n":"Shampooing Elsève Huile  extraordinaire Coco - 250ml","p":4.09,"u":"16,36 €/L","img":"https://fd9-photos.leclercdrive.fr/image.ashx?id=2853970&use=l&cat=p&typeid=i","cat":284606},{"id":247869,"n":"Shampooing Elsève Huile  extraordinaire amla -250ml","p":3.69,"u":"14,76 €/L","img":"https://fd9-photos.leclercdrive.fr/image.ashx?id=2853973&use=l&cat=p&typeid=i","cat":284606},{"id":247871,"n":"Shampooing Elsève  Liss intense -300ml","p":4.1,"u":"13,67 €/L","img":"https://fd9-photos.leclercdrive.fr/image.ashx?id=2853976&use=l&cat=p&typeid=i","cat":284606},{"id":247874,"n":"Savon liquide Le Naturel  Extra pur de Marseille -500ml","p":2.61,"u":"5,22 €/L","img":"https://fd9-photos.leclercdrive.fr/image.ashx?id=2869119&use=l&cat=p&typeid=i","cat":284597},{"id":247879,"n":"Adoucissant Soupline Concentré Grand air - 1.9L","p":10.79,"u":"5,68 €/L","img":"https://fd9-photos.leclercdrive.fr/image.ashx?id=2966800&use=l&cat=p&typeid=i","cat":284650},{"id":247882,"n":"Shampooing Elsève  Antipelliculaire - 300ml","p":3.71,"u":"12,37 €/L","img":"https://fd9-photos.leclercdrive.fr/image.ashx?id=2853982&use=l&cat=p&typeid=i","cat":284606},{"id":248046,"n":"Boudins Blancs Le Gaulois Volaille Nature 300g","p":2.28,"u":"7,60 €/KG","img":"https://fd9-photos.leclercdrive.fr/image.ashx?id=2236851&use=l&cat=p&typeid=i","cat":326550},{"id":248074,"n":"Flammekueche d'Alsace NRT 180g","p":1.56,"u":"8,67 €/KG","img":"https://fd9-photos.leclercdrive.fr/image.ashx?id=2743864&use=l&cat=p&typeid=i","cat":326550},{"id":248328,"n":"Recharge Crème de douche  Le Petit Marseillais Lait 500ml","p":2.7,"u":"5,40 €/L","img":"https://fd9-photos.leclercdrive.fr/image.ashx?id=2855957&use=l&cat=p&typeid=i","cat":284594},{"id":248329,"n":"Recharge Crème de douche Fleur d'oranger - 500ml","p":2.78,"u":"5,56 €/L","img":"https://fd9-photos.leclercdrive.fr/image.ashx?id=2855960&use=l&cat=p&typeid=i","cat":284594},{"id":248340,"n":"Recharge Crème de douche Le Petit Marseillais Vanille 500ml","p":2.66,"u":"5,32 €/L","img":"https://fd9-photos.leclercdrive.fr/image.ashx?id=2855966&use=l&cat=p&typeid=i","cat":284594},{"id":248342,"n":"Lait après-soleil Garnier Ambre solaire - 175ml","p":6.34,"u":"36,23 €/L","img":"https://fd9-photos.leclercdrive.fr/image.ashx?id=2881954&use=l&cat=p&typeid=i","cat":325355},{"id":248345,"n":"Bandes de cire visage Veet Peaux sensibles - x16","p":5.06,"img":"https://fd9-photos.leclercdrive.fr/image.ashx?id=2901668&use=l&cat=p&typeid=i","cat":325351},{"id":248388,"n":"Queues de crevettes ASC L'Atelier Poissonnerie - 220g","p":4.49,"u":"20,41 €/KG","img":"https://fd9-photos.leclercdrive.fr/image.ashx?id=2644283&use=l&cat=p&typeid=i","cat":326550},{"id":248542,"n":"Mangue 1p","p":1.69,"img":"https://fd9-photos.leclercdrive.fr/image.ashx?id=1636371&use=l&cat=p&typeid=i","cat":284356},{"id":248544,"n":"Ananas Extra Sweet 1p","p":2.19,"img":"https://fd9-photos.leclercdrive.fr/image.ashx?id=2856700&use=l&cat=p&typeid=i","cat":284356},{"id":248567,"n":"Fromage apéritif BoursinFromage Tomates et Basilic 20 roulés","p":2.79,"u":"27,90 €/KG","img":"https://fd9-photos.leclercdrive.fr/image.ashx?id=2918592&use=l&cat=p&typeid=i","cat":326550},{"id":248679,"n":"Filet de lieu noir MSC L'Atelier Poissonnerie  - 250g","p":3.36,"u":"13,44 €/KG","img":"https://fd9-photos.leclercdrive.fr/image.ashx?id=2868702&use=l&cat=p&typeid=i","cat":326550},{"id":248687,"n":"Mascarpone gorgonzola Tradizioni d'Italia - 200g","p":2.01,"u":"10,05 €/KG","img":"https://fd9-photos.leclercdrive.fr/image.ashx?id=2966535&use=l&cat=p&typeid=i","cat":326550},{"id":248774,"n":"Mozzarella mini billes  Les Croisés - 150g","p":1.27,"u":"8,47 €/KG","img":"https://fd9-photos.leclercdrive.fr/image.ashx?id=2463468&use=l&cat=p&typeid=i","cat":326550},{"id":248823,"n":"Sauce algérienne Rustica 260g","p":1.67,"u":"6,42 €/KG","img":"https://fd9-photos.leclercdrive.fr/image.ashx?id=2954397&use=l&cat=p&typeid=i","cat":318431},{"id":248828,"n":"Galettes maïs et lin Bio  Bio Village - 115g","p":1.2,"u":"8,00 €/KG","img":"https://fd9-photos.leclercdrive.fr/image.ashx?id=2858117&use=l&cat=p&typeid=i","cat":null},{"id":248847,"n":"Jambon fumé Tradilège Avec couenne -4 tranches - 160g","p":1.86,"u":"11,63 €/KG","img":"https://fd9-photos.leclercdrive.fr/image.ashx?id=2448327&use=l&cat=p&typeid=i","cat":326550},{"id":248947,"n":"Mozzarella Bio Bio Village AOP Di Bufalla - 125g","p":2.0,"u":"16,00 €/KG","img":"https://fd9-photos.leclercdrive.fr/image.ashx?id=2726712&use=l&cat=p&typeid=i","cat":326550},{"id":249019,"n":"Lessive liquide Xéor Savon de Marseille - 2.2L","p":3.89,"u":"1,77 €/L","img":"https://fd9-photos.leclercdrive.fr/image.ashx?id=2901500&use=l&cat=p&typeid=i","cat":284640},{"id":249020,"n":"Lessive liquide Xéor Fleurs de Cerisiers - 2.2L","p":3.99,"u":"1,81 €/L","img":"https://fd9-photos.leclercdrive.fr/image.ashx?id=2901491&use=l&cat=p&typeid=i","cat":284640},{"id":249021,"n":"Lessive liquide Xéor Savon de Marseille - 1.2L","p":2.12,"u":"1,77 €/L","img":"https://fd9-photos.leclercdrive.fr/image.ashx?id=2901503&use=l&cat=p&typeid=i","cat":284640},{"id":249040,"n":"Crème nourrissante et hydratant Biolane 100ml","p":2.29,"u":"22,90 €/L","img":"https://fd9-photos.leclercdrive.fr/image.ashx?id=2893699&use=l&cat=p&typeid=i","cat":284741},{"id":249072,"n":"Saumon Ronde des Mers Tranches pour toasts - 80g","p":3.44,"u":"43,00 €/KG","img":"https://fd9-photos.leclercdrive.fr/image.ashx?id=2449972&use=l&cat=p&typeid=i","cat":326550},{"id":249083,"n":"Chou rouge émincé Notre Jardin 250g","p":0.74,"u":"2,96 €/KG","img":"https://fd9-photos.leclercdrive.fr/image.ashx?id=2693324&use=l&cat=p&typeid=i","cat":326550},{"id":249173,"n":"Riz basmati Taureau Ailé 1kg","p":3.61,"u":"3,61 €/KG","img":"https://fd9-photos.leclercdrive.fr/image.ashx?id=2860457&use=l&cat=p&typeid=i","cat":284428},{"id":249381,"n":"Yaourt lait brebis Délisse Citron - 4x125g","p":1.79,"u":"3,58 €/KG","img":"https://fd9-photos.leclercdrive.fr/image.ashx?id=1889797&use=l&cat=p&typeid=i","cat":326550},{"id":249450,"n":"Saucisses fumées Férial x4 - 360g","p":2.99,"u":"8,31 €/KG","img":"https://fd9-photos.leclercdrive.fr/image.ashx?id=2693156&use=l&cat=p&typeid=i","cat":326550},{"id":249558,"n":"Salade composée Notre Jardin 250g","p":0.9,"u":"3,60 €/KG","img":"https://fd9-photos.leclercdrive.fr/image.ashx?id=2680824&use=l&cat=p&typeid=i","cat":326550},{"id":249595,"n":"Glace Carte d'Or Vanille pécan caramel - 470g","p":3.2,"pp":2.24,"u":"4,77 €/KG","img":"https://fd9-photos.leclercdrive.fr/image.ashx?id=2861216&use=l&cat=p&typeid=i","cat":284263},{"id":249596,"n":"Glace Carte d'Or Cookie & Chocolat - 457g","p":3.3,"pp":2.31,"u":"5,05 €/KG","img":"https://fd9-photos.leclercdrive.fr/image.ashx?id=2861213&use=l&cat=p&typeid=i","cat":284263},{"id":249597,"n":"Glace Carte d'Or  Fraise et meringue 463g","p":3.07,"pp":2.15,"u":"4,64 €/KG","img":"https://fd9-photos.leclercdrive.fr/image.ashx?id=2861222&use=l&cat=p&typeid=i","cat":284263},{"id":249598,"n":"Glace Carte d'Or Façon smoothie Exotique - 466g","p":3.9,"pp":2.73,"u":"5,86 €/KG","img":"https://fd9-photos.leclercdrive.fr/image.ashx?id=2861210&use=l&cat=p&typeid=i","cat":284263},{"id":249599,"n":"Glace Carte d'Or Façon yaourt  Fruits des bois - 480g","p":3.9,"pp":2.73,"u":"5,69 €/KG","img":"https://fd9-photos.leclercdrive.fr/image.ashx?id=2861219&use=l&cat=p&typeid=i","cat":284263},{"id":249743,"n":"Sauce Crudités Bénédicta Nature - 290g","p":1.78,"u":"6,14 €/KG","img":"https://fd9-photos.leclercdrive.fr/image.ashx?id=2889661&use=l&cat=p&typeid=i","cat":284456},{"id":249796,"n":"Infusion Clipper bio Détox curcuma - 44g","p":4.5,"u":"102,27 €/KG","img":"https://fd9-photos.leclercdrive.fr/image.ashx?id=2922107&use=l&cat=p&typeid=i","cat":293234},{"id":249956,"n":"Perles de linge Soupline  Grand air - 460g","p":16.48,"img":"https://fd9-photos.leclercdrive.fr/image.ashx?id=2861833&use=l&cat=p&typeid=i","cat":284650},{"id":249957,"n":"Risotto aux champignons Knorr 175g","p":2.18,"u":"12,46 €/KG","img":"https://fd9-photos.leclercdrive.fr/image.ashx?id=2938349&use=l&cat=p&typeid=i","cat":284428},{"id":249958,"n":"Risotto classique Knorr 12min - 175g","p":2.29,"u":"13,09 €/KG","img":"https://fd9-photos.leclercdrive.fr/image.ashx?id=3011956&use=l&cat=p&typeid=i","cat":284428},{"id":249960,"n":"Risotto à la courge Knorr  12min - 175g","p":2.29,"u":"13,09 €/KG","img":"https://fd9-photos.leclercdrive.fr/image.ashx?id=2872225&use=l&cat=p&typeid=i","cat":284428},{"id":249961,"n":"Risotto aux asperges Knorr 12min - 175g","p":2.3,"u":"13,14 €/KG","img":"https://fd9-photos.leclercdrive.fr/image.ashx?id=2964255&use=l&cat=p&typeid=i","cat":284428},{"id":249962,"n":"Risotto pointe de safran Knorr 12min - 175g","p":1.88,"u":"10,74 €/KG","img":"https://fd9-photos.leclercdrive.fr/image.ashx?id=2918116&use=l&cat=p&typeid=i","cat":284428},{"id":249964,"n":"Gourdes Douceur du Verger Fruits jaunes - 12x90g","p":4.39,"u":"4,06 €/KG","img":"https://fd9-photos.leclercdrive.fr/image.ashx?id=2934790&use=l&cat=p&typeid=i","cat":284508},{"id":249965,"n":"Gourdes Douceur du Verger 12x90g","p":4.19,"u":"3,88 €/KG","img":"https://fd9-photos.leclercdrive.fr/image.ashx?id=2934787&use=l&cat=p&typeid=i","cat":284508},{"id":249968,"n":"Pain sandwich nature Harry's  x8 - 360g","p":2.52,"u":"7,00 €/KG","img":"https://fd9-photos.leclercdrive.fr/image.ashx?id=2861503&use=l&cat=p&typeid=i","cat":284477},{"id":249994,"n":"Adoucissant Soupline  Hypoallergenique - 880ml","p":5.49,"u":"6,24 €/L","img":"https://fd9-photos.leclercdrive.fr/image.ashx?id=2863923&use=l&cat=p&typeid=i","cat":284650},{"id":250006,"n":"Lentilles corail Notre Jardin 280g","p":2.32,"u":"8,29 €/KG","img":"https://fd9-photos.leclercdrive.fr/image.ashx?id=2983841&use=l&cat=p&typeid=i","cat":312609},{"id":250007,"n":"Boisson aux fruits Jafun Tropical - 6x33cl","p":3.03,"u":"1,53 €/L","img":"https://fd9-photos.leclercdrive.fr/image.ashx?id=2992603&use=l&cat=p&typeid=i","cat":295018},{"id":250026,"n":"Sauce samourai Rustica 260g","p":1.39,"u":"5,35 €/KG","img":"https://fd9-photos.leclercdrive.fr/image.ashx?id=2955074&use=l&cat=p&typeid=i","cat":318431},{"id":250153,"n":"Sauce burger Rustica 260g","p":1.29,"u":"4,96 €/KG","img":"https://fd9-photos.leclercdrive.fr/image.ashx?id=2954400&use=l&cat=p&typeid=i","cat":318431},{"id":250158,"n":"Crème hydratante So Bio Etic Booster d'éclat Bio 50ml","p":9.53,"u":"190,60 €/L","img":"https://fd9-photos.leclercdrive.fr/image.ashx?id=2863581&use=l&cat=p&typeid=i","cat":325350},{"id":250160,"n":"Sérum hydratation So Bio Etic Booster d'éclat Bio30ml","p":11.66,"u":"388,67 €/L","img":"https://fd9-photos.leclercdrive.fr/image.ashx?id=2863578&use=l&cat=p&typeid=i","cat":325345},{"id":250172,"n":"Sérum hydratant So Bio Etic Fortifiant repulpant Bio - 30ml","p":12.64,"u":"421,33 €/L","img":"https://fd9-photos.leclercdrive.fr/image.ashx?id=2863584&use=l&cat=p&typeid=i","cat":325345},{"id":250182,"n":"Sauce tartare Rustica 235g","p":1.13,"u":"4,81 €/KG","img":"https://fd9-photos.leclercdrive.fr/image.ashx?id=2955080&use=l&cat=p&typeid=i","cat":318430},{"id":250187,"n":"Crème douceur nuit So Bio Etic Régénérante - Anesse Bio 50ml","p":10.68,"u":"213,60 €/L","img":"https://fd9-photos.leclercdrive.fr/image.ashx?id=2863587&use=l&cat=p&typeid=i","cat":325345},{"id":250406,"n":"Sérum capillaire So Bio Etic Karité bio équitable - 100ml","p":7.35,"u":"73,50 €/L","img":"https://fd9-photos.leclercdrive.fr/image.ashx?id=2864104&use=l&cat=p&typeid=i","cat":284608},{"id":250407,"n":"Huile végétale So Bio Etic Ricin Bio équitable - 100ml","p":8.53,"u":"85,30 €/L","img":"https://fd9-photos.leclercdrive.fr/image.ashx?id=2864107&use=l&cat=p&typeid=i","cat":284608},{"id":250409,"n":"Eau micellaire So Bio Etic Peaux sensibles Bio - 300ml","p":4.29,"u":"14,30 €/L","img":"https://fd9-photos.leclercdrive.fr/image.ashx?id=2864098&use=l&cat=p&typeid=i","cat":284603},{"id":250411,"n":"Gel douche So Bio Etic Fleurs de Cerisier Bio - 300ml","p":3.6,"u":"12,00 €/L","img":"https://fd9-photos.leclercdrive.fr/image.ashx?id=2864101&use=l&cat=p&typeid=i","cat":284594},{"id":250412,"n":"Gel douche So Bio Etic Fruits du verger Bio - 300ml","p":3.6,"u":"12,00 €/L","img":"https://fd9-photos.leclercdrive.fr/image.ashx?id=2912275&use=l&cat=p&typeid=i","cat":284594},{"id":250416,"n":"Crème visage nuit Nivea Q10 Power anti-rides 50ml","p":11.56,"u":"231,20 €/L","img":"https://fd9-photos.leclercdrive.fr/image.ashx?id=3014593&use=l&cat=p&typeid=i","cat":325345},{"id":250417,"n":"Crème visage jour Nivea Q10 anti-rides SPF30 50ml","p":13.71,"u":"274,20 €/L","img":"https://fd9-photos.leclercdrive.fr/image.ashx?id=3000339&use=l&cat=p&typeid=i","cat":325345},{"id":250419,"n":"Crème visage jour Nivea Q10 anti-rides SPF15 50ml","p":11.47,"u":"229,40 €/L","img":"https://fd9-photos.leclercdrive.fr/image.ashx?id=2985480&use=l&cat=p&typeid=i","cat":325345},{"id":250420,"n":"Crème visage Nivea Q10 Energy jour SPF15 50ml","p":12.73,"u":"254,60 €/L","img":"https://fd9-photos.leclercdrive.fr/image.ashx?id=3014862&use=l&cat=p&typeid=i","cat":325345},{"id":250421,"n":"Sérum visage Nivea Luminous anti-tâches 30ml","p":16.35,"u":"545,00 €/L","img":"https://fd9-photos.leclercdrive.fr/image.ashx?id=3000821&use=l&cat=p&typeid=i","cat":325345},{"id":250425,"n":"Crème soin jour visage Nivea Anti-tâches SPF50 - 40ml","p":16.65,"u":"416,25 €/L","img":"https://fd9-photos.leclercdrive.fr/image.ashx?id=2985501&use=l&cat=p&typeid=i","cat":325345},{"id":250427,"n":"Crème nuit visage Nivea Q10 Energie - 50ml","p":13.32,"u":"266,40 €/L","img":"https://fd9-photos.leclercdrive.fr/image.ashx?id=2981274&use=l&cat=p&typeid=i","cat":325345},{"id":250428,"n":"Sérum visage Q10 Double action - 30ml","p":13.74,"u":"458,00 €/L","img":"https://fd9-photos.leclercdrive.fr/image.ashx?id=3014620&use=l&cat=p&typeid=i","cat":325345},{"id":250429,"n":"Crème contour yeux Nivea Q10 Power anti-rides - 15ml","p":12.12,"u":"808,00 €/L","img":"https://fd9-photos.leclercdrive.fr/image.ashx?id=3000336&use=l&cat=p&typeid=i","cat":325345},{"id":250431,"n":"Adoucissant Soupline concentré  Hypoallergénique - 1900 ml","p":9.59,"u":"5,05 €/L","img":"https://fd9-photos.leclercdrive.fr/image.ashx?id=2864230&use=l&cat=p&typeid=i","cat":284650},{"id":250432,"n":"Adoucissant Soupline Concentré  Lavande relaxante  1,9 L","p":8.85,"u":"4,66 €/L","img":"https://fd9-photos.leclercdrive.fr/image.ashx?id=2864227&use=l&cat=p&typeid=i","cat":284650},{"id":250433,"n":"Adoucissant  Soupline concentré Coco Envoûtant - 835ml","p":4.78,"u":"5,72 €/L","img":"https://fd9-photos.leclercdrive.fr/image.ashx?id=2864224&use=l&cat=p&typeid=i","cat":284650},{"id":250435,"n":"Adoucissant concentré Soupline Ultra Vanille - 835ml","p":4.2,"u":"5,03 €/L","img":"https://fd9-photos.leclercdrive.fr/image.ashx?id=2864221&use=l&cat=p&typeid=i","cat":284650},{"id":250472,"n":"Dés de jambon Tradilège -25% de sel - 2x75g","p":1.12,"u":"7,47 €/KG","img":"https://fd9-photos.leclercdrive.fr/image.ashx?id=2984191&use=l&cat=p&typeid=i","cat":326550},{"id":250820,"n":"Gnocchini à poêler Lustucru 2x300g + 1 offert","p":3.19,"u":"3,54 €/KG","img":"https://fd9-photos.leclercdrive.fr/image.ashx?id=2939493&use=l&cat=p&typeid=i","cat":333682},{"id":251383,"n":"Saucisses végétales Végé x4 - 200g","p":2.12,"u":"10,60 €/KG","img":"https://fd9-photos.leclercdrive.fr/image.ashx?id=2932689&use=l&cat=p&typeid=i","cat":316036},{"id":251385,"n":"Émincés végétal Végé 160g","p":2.23,"u":"13,94 €/KG","img":"https://fd9-photos.leclercdrive.fr/image.ashx?id=2932680&use=l&cat=p&typeid=i","cat":316036},{"id":251522,"n":"Boisson énergisante Celsius Pêche - 35,5cl","p":1.4,"u":"3,94 €/L","img":"https://fd9-photos.leclercdrive.fr/image.ashx?id=2905021&use=l&cat=p&typeid=i","cat":284533},{"id":251524,"n":"Tropicana - Juicy Pêche rouge 1,5L","p":2.25,"u":"1,50 €/L","img":"https://fd9-photos.leclercdrive.fr/image.ashx?id=3010813&use=l&cat=p&typeid=i","cat":284915},{"id":251906,"n":"Fromage Emmental râpé NRT IGP Est-Central - 200g","p":2.61,"u":"13,05 €/KG","img":"https://fd9-photos.leclercdrive.fr/image.ashx?id=2771067&use=l&cat=p&typeid=i","cat":326550},{"id":251907,"n":"Fromage blanc nature Les 300 Laitiers Bio - 4x100g","p":1.35,"u":"3,38 €/KG","img":"https://fd9-photos.leclercdrive.fr/image.ashx?id=2502323&use=l&cat=p&typeid=i","cat":326550},{"id":251983,"n":"Petits fours apéritifs x24 bouchées - 365g","p":8.24,"u":"22,58 €/KG","img":"https://fd9-photos.leclercdrive.fr/image.ashx?id=2804293&use=l&cat=p&typeid=i","cat":326550},{"id":251990,"n":"Patch invisible visage Garnier Anti-acné - x22","p":9.29,"img":"https://fd9-photos.leclercdrive.fr/image.ashx?id=3000794&use=l&cat=p&typeid=i","cat":325345},{"id":251996,"n":"Perles de linge Soupline Adoucissant - Vanille - 230g","p":7.35,"u":"31,96 €/KG","img":"https://fd9-photos.leclercdrive.fr/image.ashx?id=2868608&use=l&cat=p&typeid=i","cat":284650},{"id":252002,"n":"Couches écoresponsables Biolane Taille 1 - x28","p":8.47,"img":"https://fd9-photos.leclercdrive.fr/image.ashx?id=2876518&use=l&cat=p&typeid=i","cat":284737},{"id":252008,"n":"Sérum visage Revitalift Laser Correcteur anti-âge -30ml","p":14.6,"u":"486,67 €/L","img":"https://fd9-photos.leclercdrive.fr/image.ashx?id=2874024&use=l&cat=p&typeid=i","cat":325345},{"id":252010,"n":"Lessive liquide Skip Fraîcheur intense - x40 - 1.68L","p":11.57,"u":"6,89 €/L","img":"https://fd9-photos.leclercdrive.fr/image.ashx?id=2940657&use=l&cat=p&typeid=i","cat":284640},{"id":252099,"n":"Fil dentaire Ricqles 2 en 1 - x50","p":3.59,"img":"https://fd9-photos.leclercdrive.fr/image.ashx?id=2868909&use=l&cat=p&typeid=i","cat":285159},{"id":252100,"n":"Fil dentaire expansible Ricqles Fluore et menthole - 40m","p":3.59,"img":"https://fd9-photos.leclercdrive.fr/image.ashx?id=2868912&use=l&cat=p&typeid=i","cat":285159},{"id":252106,"n":"Gel corps et cheveux Biolane 350ml","p":4.86,"u":"13,89 €/L","img":"https://fd9-photos.leclercdrive.fr/image.ashx?id=2868975&use=l&cat=p&typeid=i","cat":284740},{"id":252109,"n":"Duo sérum anti-âge L'Oréal Age perfect - 30ml","p":24.5,"pp":16.17,"u":"539,00 €/L","img":"https://fd9-photos.leclercdrive.fr/image.ashx?id=2874003&use=l&cat=p&typeid=i","cat":325345},{"id":252113,"n":"Fluide anti-uv L'Oréal Medium SPF50 50ml","p":19.59,"u":"391,80 €/L","img":"https://fd9-photos.leclercdrive.fr/image.ashx?id=2874009&use=l&cat=p&typeid=i","cat":325345},{"id":252120,"n":"Crème hydratante L'Oréal Bright Reveal - SPF50 - 50ml","p":16.6,"u":"332,00 €/L","img":"https://fd9-photos.leclercdrive.fr/image.ashx?id=2874015&use=l&cat=p&typeid=i","cat":284622},{"id":252128,"n":"Spray nettoyant multi-usage CIF Infinite+Clean Protection 280ml","p":4.25,"u":"15,18 €/MT","img":"https://fd9-photos.leclercdrive.fr/image.ashx?id=2948543&use=l&cat=p&typeid=i","cat":325357},{"id":252129,"n":"Spray nettoyant multi-usage Cif  Infinite+Clean Brillance-280ml","p":4.25,"u":"15,18 €/L","img":"https://fd9-photos.leclercdrive.fr/image.ashx?id=2872234&use=l&cat=p&typeid=i","cat":325357},{"id":252133,"n":"Spray nettoyant multi-usage CIF Infinite+Clean 280ml","p":4.25,"u":"15,18 €/L","img":"https://fd9-photos.leclercdrive.fr/image.ashx?id=2948546&use=l&cat=p&typeid=i","cat":325357},{"id":252134,"n":"Recharge Spray nettoyant CIF Infinite+Clean Protection 590ml","p":4.98,"u":"8,44 €/L","img":"https://fd9-photos.leclercdrive.fr/image.ashx?id=2948549&use=l&cat=p&typeid=i","cat":325357},{"id":252136,"n":"Recharge Spray nettoyant CIF Infinite+Clean Brillance 590ml","p":5.0,"u":"8,47 €/L","img":"https://fd9-photos.leclercdrive.fr/image.ashx?id=2940675&use=l&cat=p&typeid=i","cat":325357},{"id":252137,"n":"Recharge Spray nettoyant CIF Infinite+Clean 590ml","p":4.85,"u":"8,22 €/L","img":"https://fd9-photos.leclercdrive.fr/image.ashx?id=2974066&use=l&cat=p&typeid=i","cat":325357},{"id":252184,"n":"Yaourt à la grecque Délisse Café - 4x150g","p":1.86,"u":"3,10 €/KG","img":"https://fd9-photos.leclercdrive.fr/image.ashx?id=2883017&use=l&cat=p&typeid=i","cat":326550},{"id":252264,"n":"Tenders de poulet Côté Croc Épicés 600g","p":6.29,"u":"10,48 €/KG","img":"https://fd9-photos.leclercdrive.fr/image.ashx?id=2892355&use=l&cat=p&typeid=i","cat":319780},{"id":252302,"n":"Coeurs fondants caramel  Côté Table x2 - 180g","p":2.74,"u":"15,22 €/KG","img":"https://fd9-photos.leclercdrive.fr/image.ashx?id=2869305&use=l&cat=p&typeid=i","cat":284267},{"id":252586,"n":"Dos de lieu noir Eco+ 200g","p":2.99,"u":"14,95 €/KG","img":"https://fd9-photos.leclercdrive.fr/image.ashx?id=2966716&use=l&cat=p&typeid=i","cat":326550},{"id":252607,"n":"Spaghetti Côté Table Bolognaise - 300g","p":2.4,"u":"8,00 €/KG","img":"https://fd9-photos.leclercdrive.fr/image.ashx?id=2846562&use=l&cat=p&typeid=i","cat":326550},{"id":252781,"n":"Petit Brie Les Croisés 32% matière grasse - 500g","p":3.23,"u":"6,46 €/KG","img":"https://fd9-photos.leclercdrive.fr/image.ashx?id=2974792&use=l&cat=p&typeid=i","cat":326550},{"id":252810,"n":"Spray crème solaire Nivea Sun Corps - SPF50+ - 200ml","p":12.85,"u":"64,25 €/L","img":"https://fd9-photos.leclercdrive.fr/image.ashx?id=2986786&use=l&cat=p&typeid=i","cat":325355},{"id":252811,"n":"Lait corps Nivea Nourrissant Peaux sèches 250ml","p":4.12,"u":"20,60 €/L","img":"https://fd9-photos.leclercdrive.fr/image.ashx?id=3005233&use=l&cat=p&typeid=i","cat":325349},{"id":252814,"n":"Crème visage corps mains Nivea Repair & care - 400ml","p":5.19,"pp":3.43,"u":"8,58 €/L","img":"https://fd9-photos.leclercdrive.fr/image.ashx?id=2872078&use=l&cat=p&typeid=i","cat":325350},{"id":252818,"n":"Crème visage jour Nivea Anti-rides Q10 - 100ml","p":19.83,"u":"198,30 €/L","img":"https://fd9-photos.leclercdrive.fr/image.ashx?id=2872081&use=l&cat=p&typeid=i","cat":325345},{"id":253208,"n":"Crème visage Nivea Anti-rides Power Q10 - 2x50ml","p":16.38,"u":"163,80 €/L","img":"https://fd9-photos.leclercdrive.fr/image.ashx?id=2878258&use=l&cat=p&typeid=i","cat":325345},{"id":253209,"n":"Crème visage jour Nivea Anti-rides extra fermeté 100ml","p":19.83,"u":"198,30 €/L","img":"https://fd9-photos.leclercdrive.fr/image.ashx?id=2875168&use=l&cat=p&typeid=i","cat":325345},{"id":253339,"n":"Croque Monsieur Herta Chèvre jambon - 310g","p":2.59,"u":"8,35 €/KG","img":"https://fd9-photos.leclercdrive.fr/image.ashx?id=2877745&use=l&cat=p&typeid=i","cat":333671},{"id":253342,"n":"Croque-Monsieur Herta  Maxi Montagnard x2 - 310g","p":2.59,"u":"8,35 €/KG","img":"https://fd9-photos.leclercdrive.fr/image.ashx?id=2877748&use=l&cat=p&typeid=i","cat":333671},{"id":253344,"n":"Gnocchi à poeler Lustucru 1 sachet offert - 900g","p":3.19,"u":"3,54 €/KG","img":"https://fd9-photos.leclercdrive.fr/image.ashx?id=2873919&use=l&cat=p&typeid=i","cat":333682},{"id":253445,"n":"Salade Notre jardin Bouquets de Mâche - 45g","p":0.45,"u":"10,00 €/KG","img":"https://fd9-photos.leclercdrive.fr/image.ashx?id=2850315&use=l&cat=p&typeid=i","cat":326550},{"id":253528,"n":"Brosse à dents junior Dentamyl Vert / Jaune - 1 pièce","p":0.49,"img":"https://fd9-photos.leclercdrive.fr/image.ashx?id=2872796&use=l&cat=p&typeid=i","cat":288897},{"id":253533,"n":"Brosse à dent Dentamyl Rouge Tête rechargeable dure x1","p":1.17,"img":"https://fd9-photos.leclercdrive.fr/image.ashx?id=2872808&use=l&cat=p&typeid=i","cat":284614},{"id":253534,"n":"Brosse à dent Dentamyl Vert Tête rechargeable dure x1","p":1.17,"img":"https://fd9-photos.leclercdrive.fr/image.ashx?id=2872811&use=l&cat=p&typeid=i","cat":284614},{"id":253535,"n":"Brosse à dent Dentamyl Bleu Tête rechargeable dure x1","p":1.17,"img":"https://fd9-photos.leclercdrive.fr/image.ashx?id=2872814&use=l&cat=p&typeid=i","cat":284614},{"id":253536,"n":"Brosse à dent Dentamyl Orange Tête rechargeable dure","p":1.17,"img":"https://fd9-photos.leclercdrive.fr/image.ashx?id=2872817&use=l&cat=p&typeid=i","cat":284614},{"id":253539,"n":"Brosse à dent Dentamyl Bleu Tête rechargeable médium","p":1.17,"img":"https://fd9-photos.leclercdrive.fr/image.ashx?id=2872820&use=l&cat=p&typeid=i","cat":284614},{"id":253540,"n":"Brosse à dent Dentamyl Orange Tête rechargeable médium","p":1.17,"img":"https://fd9-photos.leclercdrive.fr/image.ashx?id=2872823&use=l&cat=p&typeid=i","cat":284614},{"id":253541,"n":"Brosse à dent Dentamyl Rouge Tête rechargeable médium","p":1.17,"img":"https://fd9-photos.leclercdrive.fr/image.ashx?id=2872826&use=l&cat=p&typeid=i","cat":284614},{"id":253542,"n":"Brosse à dent Dentamyl Vert Tête rechargeable médium","p":1.17,"img":"https://fd9-photos.leclercdrive.fr/image.ashx?id=2872829&use=l&cat=p&typeid=i","cat":284614},{"id":253571,"n":"Bols Mots d'Enfants - 2x200g  Tomates, pâtes et boeuf dès 8M","p":2.39,"u":"5,98 €/KG","img":"https://fd9-photos.leclercdrive.fr/image.ashx?id=2892358&use=l&cat=p&typeid=i","cat":312236},{"id":253575,"n":"Bols Mots d'Enfants - 2x200g  Parmentier de cabillaud dès 8M","p":2.09,"u":"5,23 €/KG","img":"https://fd9-photos.leclercdrive.fr/image.ashx?id=2892361&use=l&cat=p&typeid=i","cat":312236},{"id":253581,"n":"Bols Mots d'Enfants - 2x200g  Purée de légumes dès 8M","p":1.69,"u":"4,23 €/KG","img":"https://fd9-photos.leclercdrive.fr/image.ashx?id=2892364&use=l&cat=p&typeid=i","cat":312236},{"id":253677,"n":"Bols Mots d'Enfants - 2x200g  Pâtes, épinards et crème dès 8M","p":2.29,"u":"5,73 €/KG","img":"https://fd9-photos.leclercdrive.fr/image.ashx?id=2892367&use=l&cat=p&typeid=i","cat":312236},{"id":253678,"n":"Assiette Mots d'Enfants - 230g Spaghetti bolognaise dès 12M","p":1.39,"u":"6,04 €/KG","img":"https://fd9-photos.leclercdrive.fr/image.ashx?id=2898050&use=l&cat=p&typeid=i","cat":312237},{"id":253679,"n":"Assiette Mots d'Enfants - 230g Hachis parmentier dès 12M","p":1.39,"u":"6,04 €/KG","img":"https://fd9-photos.leclercdrive.fr/image.ashx?id=2892370&use=l&cat=p&typeid=i","cat":312237},{"id":253682,"n":"Assiette Mots d'Enfants - 230g Légumes et macaroni dès 12M","p":1.39,"u":"6,04 €/KG","img":"https://fd9-photos.leclercdrive.fr/image.ashx?id=2892373&use=l&cat=p&typeid=i","cat":312237},{"id":253683,"n":"Assiette Mots d'Enfants - 250g Pommes de terre, poulet dès 15M","p":1.59,"u":"6,36 €/KG","img":"https://fd9-photos.leclercdrive.fr/image.ashx?id=2898053&use=l&cat=p&typeid=i","cat":312238},{"id":253684,"n":"Assiette Mots d'Enfants - 250g Pâtes, tomate et jambon dès 15M","p":1.59,"u":"6,36 €/KG","img":"https://fd9-photos.leclercdrive.fr/image.ashx?id=2892376&use=l&cat=p&typeid=i","cat":312238},{"id":253687,"n":"Assiette Mots d'Enfants - 250g Légumes et patate douce dès 15M","p":1.59,"u":"6,36 €/KG","img":"https://fd9-photos.leclercdrive.fr/image.ashx?id=2892388&use=l&cat=p&typeid=i","cat":312238},{"id":253689,"n":"Assiette Mots d'Enfants - 250g Pdt, fondue de poireaux dès 15M","p":1.59,"u":"6,36 €/KG","img":"https://fd9-photos.leclercdrive.fr/image.ashx?id=2892379&use=l&cat=p&typeid=i","cat":312238},{"id":253691,"n":"Assiette Mots d'Enfants - 250g Pâtes boeuf bourguignon dès 18M","p":1.69,"u":"6,76 €/KG","img":"https://fd9-photos.leclercdrive.fr/image.ashx?id=2892382&use=l&cat=p&typeid=i","cat":312238},{"id":253694,"n":"Assiette Mots d'Enfants - 250g Blanquette de volaille dès 18M","p":1.69,"u":"6,76 €/KG","img":"https://fd9-photos.leclercdrive.fr/image.ashx?id=2898056&use=l&cat=p&typeid=i","cat":312238},{"id":253698,"n":"Assiette Mots d'Enfants - 250g Carottes pâtes épinards dès 18M","p":1.69,"u":"6,76 €/KG","img":"https://fd9-photos.leclercdrive.fr/image.ashx?id=2898059&use=l&cat=p&typeid=i","cat":312238},{"id":253699,"n":"Assiette Mots d'Enfants - 250g Ratatouille et boulgour dès 18M","p":1.69,"u":"6,76 €/KG","img":"https://fd9-photos.leclercdrive.fr/image.ashx?id=2892385&use=l&cat=p&typeid=i","cat":312238},{"id":253992,"n":"Gel douche L'Oréal Menexpert Hyaluronic power - 300ml","p":4.11,"u":"13,70 €/L","img":"https://fd9-photos.leclercdrive.fr/image.ashx?id=2874554&use=l&cat=p&typeid=i","cat":284619},{"id":254050,"n":"Bière Desperados Sunlight citron citron vert 3x33cl","p":3.91,"pp":2.63,"u":"2,66 €/L","img":"https://fd9-photos.leclercdrive.fr/image.ashx?id=2977987&use=l&cat=p&typeid=i","cat":334878},{"id":254127,"n":"Rasoir Hydro 5 homme Wilkinson Starter regular +4 lames","p":13.6,"img":"https://fd9-photos.leclercdrive.fr/image.ashx?id=2875174&use=l&cat=p&typeid=i","cat":284616},{"id":254374,"n":"Piles Duracell Plus power boost AA - x8","p":9.45,"u":"1,18 €/P","img":"https://fd9-photos.leclercdrive.fr/image.ashx?id=2929125&use=l&cat=p&typeid=i","cat":300572},{"id":254375,"n":"Piles Duracell Plus power boost AAA - x8","p":9.45,"u":"1,18 €/P","img":"https://fd9-photos.leclercdrive.fr/image.ashx?id=2929131&use=l&cat=p&typeid=i","cat":300572},{"id":254381,"n":"Lait vitaminé Lactel Vita'Vie 1.0% MG - 6x1L","p":7.08,"u":"1,18 €/L","img":"https://fd9-photos.leclercdrive.fr/image.ashx?id=2951827&use=l&cat=p&typeid=i","cat":317169},{"id":254538,"n":"Carpaccio de saumon L'Atelier Poissonnerie - 155g","p":5.67,"u":"36,58 €/KG","img":"https://fd9-photos.leclercdrive.fr/image.ashx?id=2887026&use=l&cat=p&typeid=i","cat":326550},{"id":254888,"n":"Monster Rio punch 50cl","p":1.6,"u":"3,20 €/L","img":"https://fd9-photos.leclercdrive.fr/image.ashx?id=2877067&use=l&cat=p&typeid=i","cat":284533},{"id":254943,"n":"Bâtonnets Häagen-Dazs Salted Caramel x3 - 204g","p":3.77,"u":"18,48 €/KG","img":"https://fd9-photos.leclercdrive.fr/image.ashx?id=2876608&use=l&cat=p&typeid=i","cat":284265},{"id":254944,"n":"Bâtonnets Häagen-Dazs  Cookies & Cream x3 - 192g","p":3.77,"u":"19,64 €/KG","img":"https://fd9-photos.leclercdrive.fr/image.ashx?id=2876602&use=l&cat=p&typeid=i","cat":284265},{"id":254949,"n":"Bâtonnets Häagen-Dazs Smooth Vanilla x3 - 192g","p":3.57,"u":"18,59 €/KG","img":"https://fd9-photos.leclercdrive.fr/image.ashx?id=2876605&use=l&cat=p&typeid=i","cat":284265},{"id":255059,"n":"Piles Varta Longlife Alkaline AAA - x20","p":7.58,"u":"0,38 €/P","img":"https://fd9-photos.leclercdrive.fr/image.ashx?id=2877004&use=l&cat=p&typeid=i","cat":300572},{"id":255191,"n":"Préservatif Durex Nude - XL - x10","p":8.32,"img":"https://fd9-photos.leclercdrive.fr/image.ashx?id=2901677&use=l&cat=p&typeid=i","cat":284631},{"id":255195,"n":"Préservatifs Durex Feeling - XL - x12","p":6.84,"img":"https://fd9-photos.leclercdrive.fr/image.ashx?id=2878789&use=l&cat=p&typeid=i","cat":284631},{"id":255197,"n":"Préservatifs Durex Classic jeans - x12","p":5.44,"img":"https://fd9-photos.leclercdrive.fr/image.ashx?id=2878792&use=l&cat=p&typeid=i","cat":284631},{"id":255199,"n":"Préservatifs Durex Classic Jeans - XL - x12","p":5.12,"img":"https://fd9-photos.leclercdrive.fr/image.ashx?id=2964983&use=l&cat=p&typeid=i","cat":284631},{"id":255202,"n":"Préservatifs Durex Extra protect - x12","p":5.87,"img":"https://fd9-photos.leclercdrive.fr/image.ashx?id=2878801&use=l&cat=p&typeid=i","cat":284631},{"id":255206,"n":"Crème fixative Polident Soin & tolérance 0% - 2x44g","p":8.22,"u":"93,41 €/KG","img":"https://fd9-photos.leclercdrive.fr/image.ashx?id=2921091&use=l&cat=p&typeid=i","cat":285158},{"id":255350,"n":"Crème fixative Polident Original 0% - 2x44g","p":6.58,"u":"74,77 €/KG","img":"https://fd9-photos.leclercdrive.fr/image.ashx?id=2921094&use=l&cat=p&typeid=i","cat":285158},{"id":255361,"n":"Coloration cheveux Palette Noir N°900 - x2","p":7.53,"u":"3,77 €/P","img":"https://fd9-photos.leclercdrive.fr/image.ashx?id=2902693&use=l&cat=p&typeid=i","cat":288899},{"id":255363,"n":"Coloration cheveux Palette Noir bleuté N°909 - x2","p":9.99,"u":"5,00 €/P","img":"https://fd9-photos.leclercdrive.fr/image.ashx?id=2878846&use=l&cat=p&typeid=i","cat":288899},{"id":255505,"n":"Crème de soin cheveux Nateïs Cheveux sec et frisé - 200ml","p":1.69,"u":"8,45 €/L","img":"https://fd9-photos.leclercdrive.fr/image.ashx?id=2878693&use=l&cat=p&typeid=i","cat":284608},{"id":255548,"n":"Saucisson Mini Justin Bridou Bâton de Berger Poulet - 140g","p":3.77,"u":"26,93 €/KG","img":"https://fd9-photos.leclercdrive.fr/image.ashx?id=2924116&use=l&cat=p&typeid=i","cat":316006},{"id":255669,"n":"Recharge Gel douche Pêche Blanche bio & Nectar 500ml","p":2.8,"u":"5,60 €/L","img":"https://fd9-photos.leclercdrive.fr/image.ashx?id=2880411&use=l&cat=p&typeid=i","cat":284594},{"id":255671,"n":"Recharge Gel douche extra-doux Verveine Bio & citron bio 500ml","p":2.89,"u":"5,78 €/L","img":"https://fd9-photos.leclercdrive.fr/image.ashx?id=2880414&use=l&cat=p&typeid=i","cat":284594},{"id":255672,"n":"Recharge gel douche homme Minereaux & bois de cèdre 500ml","p":3.12,"u":"6,24 €/L","img":"https://fd9-photos.leclercdrive.fr/image.ashx?id=2880417&use=l&cat=p&typeid=i","cat":284594},{"id":255681,"n":"Coquillettes Eco+ Jambon emmental - 300g","p":1.79,"u":"5,97 €/KG","img":"https://fd9-photos.leclercdrive.fr/image.ashx?id=2930829&use=l&cat=p&typeid=i","cat":284254},{"id":255688,"n":"Recharge gel douche homme Pin maritime & eucalyptus 500ml","p":2.93,"u":"5,86 €/L","img":"https://fd9-photos.leclercdrive.fr/image.ashx?id=2880420&use=l&cat=p&typeid=i","cat":284619},{"id":255978,"n":"Déodorant spray homme Axe Ice cool - 200ml","p":4.31,"u":"21,55 €/L","img":"https://fd9-photos.leclercdrive.fr/image.ashx?id=2881548&use=l&cat=p&typeid=i","cat":284618},{"id":256536,"n":"Nectar Bio Pressade Pomme - 6x20cl","p":2.49,"u":"2,08 €/L","img":"https://fd9-photos.leclercdrive.fr/image.ashx?id=2882752&use=l&cat=p&typeid=i","cat":284522},{"id":256581,"n":"AOP Bergerac Vin rouge - BIB - 3L","p":11.95,"u":"3,98 €/L","img":"https://fd9-photos.leclercdrive.fr/image.ashx?id=2883119&use=l&cat=p&typeid=i","cat":289556},{"id":256711,"n":"Chili sin carne Côté Table 300g","p":2.49,"u":"8,30 €/KG","img":"https://fd9-photos.leclercdrive.fr/image.ashx?id=2882249&use=l&cat=p&typeid=i","cat":284953},{"id":256714,"n":"Moussaka végé Côté Table 300g","p":2.61,"u":"8,70 €/KG","img":"https://fd9-photos.leclercdrive.fr/image.ashx?id=2906925&use=l&cat=p&typeid=i","cat":284953},{"id":256717,"n":"Boisson citron Jardin Bio Gingembre - 1L","p":2.24,"u":"2,24 €/L","img":"https://fd9-photos.leclercdrive.fr/image.ashx?id=2882788&use=l&cat=p&typeid=i","cat":295018},{"id":256720,"n":"Boisson Jardin Bio Pomme vanille - 1L","p":2.21,"u":"2,21 €/L","img":"https://fd9-photos.leclercdrive.fr/image.ashx?id=2882791&use=l&cat=p&typeid=i","cat":295018},{"id":256766,"n":"Philips One Blade 360 Rasoir à grille","p":32.33,"img":"https://fd9-photos.leclercdrive.fr/image.ashx?id=2883774&use=l&cat=p&typeid=i","cat":284616},{"id":256798,"n":"Boisson Jardin Bio Fruits Rouges Hibiscus - 1L","p":2.25,"u":"2,25 €/L","img":"https://fd9-photos.leclercdrive.fr/image.ashx?id=2883510&use=l&cat=p&typeid=i","cat":295018},{"id":256825,"n":"Tajine boulgour Jardin Bio Poulet olive citron 220g","p":2.85,"u":"12,95 €/KG","img":"https://fd9-photos.leclercdrive.fr/image.ashx?id=2883582&use=l&cat=p&typeid=i","cat":284953},{"id":256828,"n":"Tartelette Jardin Bio 150g","p":2.99,"u":"19,93 €/KG","img":"https://fd9-photos.leclercdrive.fr/image.ashx?id=2883585&use=l&cat=p&typeid=i","cat":284488},{"id":256833,"n":"Biscuit Jardin Bio Le Petit Céréalier - 155g","p":1.82,"u":"11,74 €/KG","img":"https://fd9-photos.leclercdrive.fr/image.ashx?id=2883588&use=l&cat=p&typeid=i","cat":284487},{"id":257034,"n":"Spray Autan Family care Anti-moustiques - 100ml","p":5.38,"u":"53,80 €/L","img":"https://fd9-photos.leclercdrive.fr/image.ashx?id=2884744&use=l&cat=p&typeid=i","cat":299654},{"id":257036,"n":"Spray enfant Autan Anti-moustiques - 100ml","p":7.34,"u":"73,40 €/L","img":"https://fd9-photos.leclercdrive.fr/image.ashx?id=2884735&use=l&cat=p&typeid=i","cat":299654},{"id":257038,"n":"Gel douche homme Axe Supreme Provocation - 5-en-1 - 400ml","p":3.2,"u":"8,00 €/L","img":"https://fd9-photos.leclercdrive.fr/image.ashx?id=2884924&use=l&cat=p&typeid=i","cat":284619},{"id":257041,"n":"Gel douche homme Axe supreme Re-load - 5en-1 - 250ml","p":2.93,"u":"11,72 €/L","img":"https://fd9-photos.leclercdrive.fr/image.ashx?id=2884927&use=l&cat=p&typeid=i","cat":284619},{"id":257043,"n":"Gel douche homme Axe Black vanilla - 225ml","p":2.67,"u":"11,87 €/L","img":"https://fd9-photos.leclercdrive.fr/image.ashx?id=2908387&use=l&cat=p&typeid=i","cat":284619},{"id":257045,"n":"Gel douche homme Axe supreme Lendemain difficile - 400ml","p":3.07,"u":"7,68 €/L","img":"https://fd9-photos.leclercdrive.fr/image.ashx?id=2884918&use=l&cat=p&typeid=i","cat":284619},{"id":257046,"n":"Gel douche homme Axe Cherry fizz - 225ml","p":2.61,"u":"11,60 €/L","img":"https://fd9-photos.leclercdrive.fr/image.ashx?id=2908390&use=l&cat=p&typeid=i","cat":284619},{"id":257049,"n":"Déodorant spray homme Axe Cherry fizz - 150ml","p":4.05,"u":"27,00 €/L","img":"https://fd9-photos.leclercdrive.fr/image.ashx?id=3011953&use=l&cat=p&typeid=i","cat":284618},{"id":257050,"n":"Déodorant spray homme Axe Cocoa velvet - 150ml","p":5.09,"u":"33,93 €/L","img":"https://fd9-photos.leclercdrive.fr/image.ashx?id=2896468&use=l&cat=p&typeid=i","cat":284618},{"id":257051,"n":"Déodorant spray homme Axe Gold caramel billionaire 200ml","p":4.69,"u":"23,45 €/L","img":"https://fd9-photos.leclercdrive.fr/image.ashx?id=2884903&use=l&cat=p&typeid=i","cat":284618},{"id":257074,"n":"Gnocchi à poêler Lustucru Extra jambon fromage 300g","p":2.19,"u":"7,30 €/KG","img":"https://fd9-photos.leclercdrive.fr/image.ashx?id=2884387&use=l&cat=p&typeid=i","cat":333682},{"id":257076,"n":"Gnocchi à poêler Lustucru Extra fromage 300g","p":2.14,"u":"7,13 €/KG","img":"https://fd9-photos.leclercdrive.fr/image.ashx?id=2886013&use=l&cat=p&typeid=i","cat":333682},{"id":257077,"n":"Fromage enfant Mini Babybel  16 portions goûter - 352g","p":5.89,"u":"16,73 €/KG","img":"https://fd9-photos.leclercdrive.fr/image.ashx?id=2935840&use=l&cat=p&typeid=i","cat":314030},{"id":257165,"n":"Pizza Crousti-Fine Marie 4 fromages - 390g","p":3.04,"u":"7,79 €/KG","img":"https://fd9-photos.leclercdrive.fr/image.ashx?id=2996728&use=l&cat=p&typeid=i","cat":284256},{"id":257169,"n":"Pizza Crousti-Fine Marie Royale - 400g","p":3.04,"u":"7,60 €/KG","img":"https://fd9-photos.leclercdrive.fr/image.ashx?id=2996734&use=l&cat=p&typeid=i","cat":284256},{"id":257171,"n":"Pizza Crousti-Fine Marie Tomate mozzarella - 400g","p":2.99,"u":"7,48 €/KG","img":"https://fd9-photos.leclercdrive.fr/image.ashx?id=2996737&use=l&cat=p&typeid=i","cat":284256},{"id":257172,"n":"Pizza Crousti-Fine Marie Chorizo paprika - 400g","p":3.42,"u":"8,55 €/KG","img":"https://fd9-photos.leclercdrive.fr/image.ashx?id=2996731&use=l&cat=p&typeid=i","cat":284256},{"id":257201,"n":"Préservatifs Durex Intensity - x10","p":12.73,"img":"https://fd9-photos.leclercdrive.fr/image.ashx?id=2962035&use=l&cat=p&typeid=i","cat":284631},{"id":257202,"n":"Préservatifs Durex Intensity XL - x10","p":12.73,"img":"https://fd9-photos.leclercdrive.fr/image.ashx?id=2964670&use=l&cat=p&typeid=i","cat":284631},{"id":257208,"n":"Lessive liquide Xeor Fraîcheur - x44 lavages - 2.2L","p":3.89,"u":"1,77 €/L","img":"https://fd9-photos.leclercdrive.fr/image.ashx?id=2981897&use=l&cat=p&typeid=i","cat":284640},{"id":257209,"n":"Lessive liquide Xeor Oranger - x44 lavages - 2.2L","p":3.99,"u":"1,81 €/L","img":"https://fd9-photos.leclercdrive.fr/image.ashx?id=2901497&use=l&cat=p&typeid=i","cat":284640},{"id":257211,"n":"Lessive liquide Xéor Oranger - x24 lavages - 1.2L","p":2.12,"u":"1,77 €/L","img":"https://fd9-photos.leclercdrive.fr/image.ashx?id=2903977&use=l&cat=p&typeid=i","cat":284640},{"id":257212,"n":"Lessive liquide Xéor Fraîcheur - x24 lavages - 1.2L","p":2.12,"u":"1,77 €/L","img":"https://fd9-photos.leclercdrive.fr/image.ashx?id=2901506&use=l&cat=p&typeid=i","cat":284640},{"id":257213,"n":"Lessive liquide Xéor Cerisier - x24 lavages - 1.2L","p":2.12,"u":"1,77 €/L","img":"https://fd9-photos.leclercdrive.fr/image.ashx?id=2903980&use=l&cat=p&typeid=i","cat":284640},{"id":257214,"n":"Capsules lave-vaisselle Finish Quantum Citron - x30 - 312g","p":7.54,"u":"24,17 €/KG","img":"https://fd9-photos.leclercdrive.fr/image.ashx?id=2926618&use=l&cat=p&typeid=i","cat":284656},{"id":257215,"n":"Capsules lave-vaisselle Finish Quantum - x30 - 312g","p":6.78,"u":"21,73 €/KG","img":"https://fd9-photos.leclercdrive.fr/image.ashx?id=2884627&use=l&cat=p&typeid=i","cat":284656},{"id":257217,"n":"Capsules lave-vaisselle Finish Ultimate citron - x26 - 335g","p":7.59,"u":"22,72 €/KG","img":"https://fd9-photos.leclercdrive.fr/image.ashx?id=2884630&use=l&cat=p&typeid=i","cat":284656},{"id":257218,"n":"Capsules lave-vaisselle Finish Ultimate - x26 - 335g","p":6.81,"u":"20,33 €/KG","img":"https://fd9-photos.leclercdrive.fr/image.ashx?id=2884633&use=l&cat=p&typeid=i","cat":284656},{"id":257219,"n":"Capsules lave-vaisselle Finish Ultimate Plus Citron x22 - 268g","p":6.81,"u":"25,41 €/KG","img":"https://fd9-photos.leclercdrive.fr/image.ashx?id=2884636&use=l&cat=p&typeid=i","cat":284656},{"id":257220,"n":"Gel lave-vaisselle Finish Power - 900ml","p":7.21,"u":"8,01 €/L","img":"https://fd9-photos.leclercdrive.fr/image.ashx?id=2884639&use=l&cat=p&typeid=i","cat":284656},{"id":257225,"n":"Gel lave-vaisselle Finish Power - Citron - 900ml","p":6.9,"u":"7,67 €/L","img":"https://fd9-photos.leclercdrive.fr/image.ashx?id=2884642&use=l&cat=p&typeid=i","cat":284656},{"id":257228,"n":"Capsules lave-vaisselle Finish Ultimate Plus - x22 - 268g","p":6.81,"u":"25,41 €/KG","img":"https://fd9-photos.leclercdrive.fr/image.ashx?id=2884900&use=l&cat=p&typeid=i","cat":284656},{"id":257232,"n":"Capsules Lave-Vaisselle SUN  Pro-Expert Regular 38 lavages","p":7.9,"u":"13,86 €/KG","img":"https://fd9-photos.leclercdrive.fr/image.ashx?id=2907728&use=l&cat=p&typeid=i","cat":284656},{"id":257233,"n":"Tablettes lave-vaisselle Uni Vert - Tout-en-1 - x45 - 720g","p":6.57,"u":"9,13 €/KG","img":"https://fd9-photos.leclercdrive.fr/image.ashx?id=3015132&use=l&cat=p&typeid=i","cat":284656},{"id":257236,"n":"Tablettes lave-vaisselle Uni Vert - Classiques - x45 - 450g","p":6.27,"u":"13,93 €/KG","img":"https://fd9-photos.leclercdrive.fr/image.ashx?id=3015135&use=l&cat=p&typeid=i","cat":284656},{"id":257237,"n":"Déodorant femme Adidas Control - 150ml","p":3.31,"u":"22,07 €/L","img":"https://fd9-photos.leclercdrive.fr/image.ashx?id=2884594&use=l&cat=p&typeid=i","cat":284595},{"id":257238,"n":"Déodorant femme Adidas Control invisiblistere - 150ml","p":3.33,"u":"22,20 €/L","img":"https://fd9-photos.leclercdrive.fr/image.ashx?id=2884600&use=l&cat=p&typeid=i","cat":284595},{"id":257240,"n":"Déodorant homme Adidas Sport fresh - 150ml","p":2.95,"u":"19,67 €/L","img":"https://fd9-photos.leclercdrive.fr/image.ashx?id=2884606&use=l&cat=p&typeid=i","cat":284618},{"id":257241,"n":"Déodorant homme Adidas Invisible - 150ml","p":3.24,"u":"21,60 €/L","img":"https://fd9-photos.leclercdrive.fr/image.ashx?id=2884609&use=l&cat=p&typeid=i","cat":284618},{"id":257251,"n":"Capsules Lave-Vaisselle SUN  Pro-Expert Citron 38 lavages","p":7.9,"u":"13,86 €/KG","img":"https://fd9-photos.leclercdrive.fr/image.ashx?id=2991039&use=l&cat=p&typeid=i","cat":284656},{"id":257253,"n":"Déodorant Adidas Control fresh - 150ml","p":3.6,"u":"24,00 €/L","img":"https://fd9-photos.leclercdrive.fr/image.ashx?id=2884603&use=l&cat=p&typeid=i","cat":284595},{"id":257277,"n":"Bâtonnets surimi moelleux Fleury Michon x12 - 180g","p":1.77,"u":"9,83 €/KG","img":"https://fd9-photos.leclercdrive.fr/image.ashx?id=2936920&use=l&cat=p&typeid=i","cat":285189},{"id":257280,"n":"Bâtonnets surimi moelleux Fleury Michon x30 - 450g","p":3.74,"u":"8,31 €/KG","img":"https://fd9-photos.leclercdrive.fr/image.ashx?id=2936929&use=l&cat=p&typeid=i","cat":285189},{"id":257322,"n":"Nectar Bio Pressade Orange - 1.5L","p":2.69,"u":"1,79 €/L","img":"https://fd9-photos.leclercdrive.fr/image.ashx?id=2885357&use=l&cat=p&typeid=i","cat":284521},{"id":257391,"n":"Barre gourmande Grainéa Chocolat Cacahuète - 140g","p":1.93,"u":"13,79 €/KG","img":"https://fd9-photos.leclercdrive.fr/image.ashx?id=2885777&use=l&cat=p&typeid=i","cat":285869},{"id":257593,"n":"Saumon fumé Ecosse  4 tranches 130g","p":7.62,"u":"58,62 €/KG","img":"https://fd9-photos.leclercdrive.fr/image.ashx?id=2885947&use=l&cat=p&typeid=i","cat":285188},{"id":257595,"n":"Saumon fumé Norvège 4 tranches 130g","p":6.63,"u":"51,00 €/KG","img":"https://fd9-photos.leclercdrive.fr/image.ashx?id=2885950&use=l&cat=p&typeid=i","cat":285188},{"id":257606,"n":"Cappelletti Rana jambon cru 250g","p":3.28,"u":"13,12 €/KG","img":"https://fd9-photos.leclercdrive.fr/image.ashx?id=2886358&use=l&cat=p&typeid=i","cat":333682},{"id":257608,"n":"Raviolis Rana ricotta épinards 250g","p":3.3,"u":"13,20 €/KG","img":"https://fd9-photos.leclercdrive.fr/image.ashx?id=2886361&use=l&cat=p&typeid=i","cat":333682},{"id":257770,"n":"Tartare de saumon citron aneth L'Atelier Poissonnerie - 140g","p":5.28,"u":"37,71 €/KG","img":"https://fd9-photos.leclercdrive.fr/image.ashx?id=2917900&use=l&cat=p&typeid=i","cat":326550},{"id":257864,"n":"Bière aromatisée Somersby Pomme 4,5° - 6x33cl canettes","p":6.76,"u":"3,41 €/L","img":"https://fd9-photos.leclercdrive.fr/image.ashx?id=2885959&use=l&cat=p&typeid=i","cat":334878},{"id":257868,"n":"Bière Rouge la Bête Rouge 8% 75cl","p":4.36,"u":"5,81 €/L","img":"https://fd9-photos.leclercdrive.fr/image.ashx?id=2885962&use=l&cat=p&typeid=i","cat":334878},{"id":257947,"n":"Soda Orangina 24x33cl - 21+3 offerts","p":12.8,"u":"1,62 €/L","img":"https://fd9-photos.leclercdrive.fr/image.ashx?id=2886741&use=l&cat=p&typeid=i","cat":284532},{"id":258053,"n":"Soda Coca Cola Cherry Canette 33cl","p":0.72,"u":"2,18 €/L","img":"https://fd9-photos.leclercdrive.fr/image.ashx?id=3009056&use=l&cat=p&typeid=i","cat":284530},{"id":258071,"n":"Les Arrangés Divins Ananas Citron vert poivre Timut - 70cl","p":19.99,"u":"28,56 €/L","img":"https://fd9-photos.leclercdrive.fr/image.ashx?id=2886921&use=l&cat=p&typeid=i","cat":284550},{"id":258072,"n":"Les Arrangés Divins Banane Caramel beurre salé - 70cl","p":19.99,"u":"28,56 €/L","img":"https://fd9-photos.leclercdrive.fr/image.ashx?id=2886924&use=l&cat=p&typeid=i","cat":284550},{"id":258074,"n":"Les Arrangés Divins Passion Ananas - 70cl","p":19.5,"u":"27,86 €/L","img":"https://fd9-photos.leclercdrive.fr/image.ashx?id=2886933&use=l&cat=p&typeid=i","cat":284550},{"id":258076,"n":"Les Arrangés Divins mangue Curcuma - 70cl","p":21.02,"u":"30,03 €/L","img":"https://fd9-photos.leclercdrive.fr/image.ashx?id=2886927&use=l&cat=p&typeid=i","cat":284550},{"id":258077,"n":"Les Arrangés Divins pomme Passion Gingembre bio - 70cl","p":19.2,"u":"27,43 €/L","img":"https://fd9-photos.leclercdrive.fr/image.ashx?id=2886930&use=l&cat=p&typeid=i","cat":284550},{"id":258093,"n":"Flocons d'avoine Grainea 1kg","p":1.65,"u":"1,65 €/KG","img":"https://fd9-photos.leclercdrive.fr/image.ashx?id=2887353&use=l&cat=p&typeid=i","cat":309512},{"id":258295,"n":"Croissants fourrés Nutella  x4 - 340g","p":3.7,"u":"10,88 €/KG","img":"https://fd9-photos.leclercdrive.fr/image.ashx?id=2899749&use=l&cat=p&typeid=i","cat":284267},{"id":258299,"n":"Lasagnes William Saurin Bolognaise pure boeuf - 300g","p":2.59,"u":"8,63 €/KG","img":"https://fd9-photos.leclercdrive.fr/image.ashx?id=2916012&use=l&cat=p&typeid=i","cat":284953},{"id":258301,"n":"Spaghetti William Saurin Bolognaise pure boeuf - 300g","p":2.8,"u":"9,33 €/KG","img":"https://fd9-photos.leclercdrive.fr/image.ashx?id=2939517&use=l&cat=p&typeid=i","cat":284953},{"id":258303,"n":"Poulet basquaise William Saurin 285g","p":2.69,"u":"9,44 €/KG","img":"https://fd9-photos.leclercdrive.fr/image.ashx?id=2928564&use=l&cat=p&typeid=i","cat":284953},{"id":258304,"n":"Poulet William Saurin à la crème - 280g","p":2.69,"u":"9,61 €/KG","img":"https://fd9-photos.leclercdrive.fr/image.ashx?id=2939520&use=l&cat=p&typeid=i","cat":284953},{"id":258305,"n":"Risotto William Saurin poulet et champignons - 280g","p":2.61,"u":"9,32 €/KG","img":"https://fd9-photos.leclercdrive.fr/image.ashx?id=2912113&use=l&cat=p&typeid=i","cat":284953},{"id":258308,"n":"Torsades saumon William Saurin Crème et aneth - 280g","p":2.8,"u":"10,00 €/KG","img":"https://fd9-photos.leclercdrive.fr/image.ashx?id=2916009&use=l&cat=p&typeid=i","cat":284953},{"id":258309,"n":"Merlu blanc William Saurin Riz et légumes - 300g","p":2.69,"u":"8,97 €/KG","img":"https://fd9-photos.leclercdrive.fr/image.ashx?id=2986392&use=l&cat=p&typeid=i","cat":284953},{"id":258310,"n":"Blanquette William Saurin Veau et riz - 285g","p":2.95,"u":"10,35 €/KG","img":"https://fd9-photos.leclercdrive.fr/image.ashx?id=2906286&use=l&cat=p&typeid=i","cat":284953},{"id":258311,"n":"Olives noires Rustica façon grècque - 235g","p":1.55,"u":"6,60 €/KG","img":"https://fd9-photos.leclercdrive.fr/image.ashx?id=2970590&use=l&cat=p&typeid=i","cat":284458},{"id":258312,"n":"Bourguignon William Saurin Boeuf - 300g","p":2.79,"u":"9,30 €/KG","img":"https://fd9-photos.leclercdrive.fr/image.ashx?id=2906289&use=l&cat=p&typeid=i","cat":284953},{"id":258313,"n":"Bières Desperados Sunlight  cerise/grenade 4° - 3x33cl","p":3.91,"pp":2.63,"u":"2,66 €/L","img":"https://fd9-photos.leclercdrive.fr/image.ashx?id=2899401&use=l&cat=p&typeid=i","cat":334878},{"id":258314,"n":"Hachis William Saurin Parmentier pur boeuf - 300g","p":2.94,"u":"9,80 €/KG","img":"https://fd9-photos.leclercdrive.fr/image.ashx?id=2906292&use=l&cat=p&typeid=i","cat":284953},{"id":258320,"n":"Dentifrice Elmex Email blancheur - 75ml","p":5.85,"u":"78,00 €/L","img":"https://fd9-photos.leclercdrive.fr/image.ashx?id=2888196&use=l&cat=p&typeid=i","cat":284612},{"id":258321,"n":"Dentifrice soin Elmex Sensitive expert - 75ml","p":6.11,"u":"81,47 €/L","img":"https://fd9-photos.leclercdrive.fr/image.ashx?id=2888205&use=l&cat=p&typeid=i","cat":284612},{"id":258323,"n":"Dentifrice gencives Elmex Sensitive plus - 75ml","p":5.95,"u":"79,33 €/L","img":"https://fd9-photos.leclercdrive.fr/image.ashx?id=2888193&use=l&cat=p&typeid=i","cat":284612},{"id":258339,"n":"Glace Kinder Bueno Cônes noisettes x6 - 372g","p":6.45,"u":"17,34 €/KG","img":"https://fd9-photos.leclercdrive.fr/image.ashx?id=2891334&use=l&cat=p&typeid=i","cat":284264},{"id":258340,"n":"Glace Kinder Bueno White Cônes noisettes x6 - 372g","p":6.48,"u":"17,42 €/KG","img":"https://fd9-photos.leclercdrive.fr/image.ashx?id=2890814&use=l&cat=p&typeid=i","cat":284264},{"id":258341,"n":"Glace Rafello bâtonnets Pêche hibiscus x3 - 138g","p":3.81,"u":"27,61 €/KG","img":"https://fd9-photos.leclercdrive.fr/image.ashx?id=2890436&use=l&cat=p&typeid=i","cat":284265},{"id":258342,"n":"Glace Ferrero bâtonnets chocolat noir orange x3 - 138g","p":3.81,"u":"27,61 €/KG","img":"https://fd9-photos.leclercdrive.fr/image.ashx?id=2889913&use=l&cat=p&typeid=i","cat":284265},{"id":258343,"n":"Crêpes Nutella  x6 - 240g","p":4.79,"u":"19,96 €/KG","img":"https://fd9-photos.leclercdrive.fr/image.ashx?id=2899761&use=l&cat=p&typeid=i","cat":284267},{"id":258345,"n":"Muffins Nutella  x4 - 264g","p":3.88,"u":"14,70 €/KG","img":"https://fd9-photos.leclercdrive.fr/image.ashx?id=2899758&use=l&cat=p&typeid=i","cat":284267},{"id":258347,"n":"Donuts Nutella x4 - 240g","p":4.79,"u":"19,96 €/KG","img":"https://fd9-photos.leclercdrive.fr/image.ashx?id=2889916&use=l&cat=p&typeid=i","cat":284267},{"id":258353,"n":"Sauce fajita Jardin Bio Bio - 350g","p":2.95,"u":"8,43 €/KG","img":"https://fd9-photos.leclercdrive.fr/image.ashx?id=2889592&use=l&cat=p&typeid=i","cat":288993},{"id":258364,"n":"Biscuits bio Jardin Bio Sésame - 150g","p":1.95,"u":"13,00 €/KG","img":"https://fd9-photos.leclercdrive.fr/image.ashx?id=2890211&use=l&cat=p&typeid=i","cat":284487},{"id":258366,"n":"Bières Softiz Sans alcool  Saveur mojito - 6x27,5cl","p":3.02,"u":"1,83 €/L","img":"https://fd9-photos.leclercdrive.fr/image.ashx?id=2887428&use=l&cat=p&typeid=i","cat":334877},{"id":258369,"n":"Sauce salsa bio Jardin Bio 350g","p":2.95,"u":"8,43 €/KG","img":"https://fd9-photos.leclercdrive.fr/image.ashx?id=2889595&use=l&cat=p&typeid=i","cat":284451},{"id":258375,"n":"Miel Accacia bio Jardin Bio 500g","p":8.99,"u":"17,98 €/KG","img":"https://fd9-photos.leclercdrive.fr/image.ashx?id=2890208&use=l&cat=p&typeid=i","cat":287643},{"id":258387,"n":"Bières Desperados Sunlight  mangue/passion 4° - 3x33cl","p":3.91,"pp":2.63,"u":"2,66 €/L","img":"https://fd9-photos.leclercdrive.fr/image.ashx?id=2977990&use=l&cat=p&typeid=i","cat":334878},{"id":258606,"n":"Soda Fanta Orange  Bouteille - 1.25L","p":1.59,"u":"1,27 €/L","img":"https://fd9-photos.leclercdrive.fr/image.ashx?id=2924752&use=l&cat=p&typeid=i","cat":284532},{"id":258816,"n":"Cacahuètes Curly  Miel barbecue - 150g","p":1.46,"u":"9,73 €/KG","img":"https://fd9-photos.leclercdrive.fr/image.ashx?id=2906367&use=l&cat=p&typeid=i","cat":284448},{"id":258818,"n":"Cacahuète Curly Paprika - 150g","p":1.45,"u":"9,67 €/KG","img":"https://fd9-photos.leclercdrive.fr/image.ashx?id=2938728&use=l&cat=p&typeid=i","cat":284448},{"id":259159,"n":"Soin visage Fluide anti tâches  UV vitamine C  Garnier -40ml","p":9.38,"u":"234,50 €/L","img":"https://fd9-photos.leclercdrive.fr/image.ashx?id=2904251&use=l&cat=p&typeid=i","cat":325345},{"id":259180,"n":"Préservatifs Durex Intensity - x20","p":20.38,"img":"https://fd9-photos.leclercdrive.fr/image.ashx?id=2964980&use=l&cat=p&typeid=i","cat":284631},{"id":259184,"n":"Préservatifs Durex Classic Jeans - x20","p":6.75,"img":"https://fd9-photos.leclercdrive.fr/image.ashx?id=2892433&use=l&cat=p&typeid=i","cat":284631},{"id":259189,"n":"Poudre lave-vaisselle Visior 1.71kg","p":7.64,"u":"4,47 €/KG","img":"https://fd9-photos.leclercdrive.fr/image.ashx?id=2889208&use=l&cat=p&typeid=i","cat":284656},{"id":259190,"n":"Eau de parfum Adidas Energy drive - 100ml","p":17.43,"u":"174,30 €/L","img":"https://fd9-photos.leclercdrive.fr/image.ashx?id=2892856&use=l&cat=p&typeid=i","cat":291525},{"id":259211,"n":"Dentifrice Enfants Sensodyne 2-6 ans - 50ml","p":3.6,"u":"72,00 €/L","img":"https://fd9-photos.leclercdrive.fr/image.ashx?id=2893009&use=l&cat=p&typeid=i","cat":288898},{"id":259245,"n":"Bière aromatisée 1664 Rosé 4,5°- 6x25cl","p":5.74,"u":"3,83 €/L","img":"https://fd9-photos.leclercdrive.fr/image.ashx?id=2892457&use=l&cat=p&typeid=i","cat":334878},{"id":259249,"n":"Bière aromatisée Somersby Pomme 4,5° - 3x27,5cl","p":3.82,"u":"4,63 €/L","img":"https://fd9-photos.leclercdrive.fr/image.ashx?id=2892460&use=l&cat=p&typeid=i","cat":334878},{"id":259250,"n":"Bière aromatisée Somersby Citron Yuzu 4,5° - 3x27,5cl","p":3.87,"u":"4,69 €/L","img":"https://fd9-photos.leclercdrive.fr/image.ashx?id=2892463&use=l&cat=p&typeid=i","cat":334878},{"id":259253,"n":"Bière aromatisée Somersby Framboise 4,5° - 3x27,5cl","p":3.82,"u":"4,63 €/L","img":"https://fd9-photos.leclercdrive.fr/image.ashx?id=2892466&use=l&cat=p&typeid=i","cat":334878},{"id":259262,"n":"Bière blonde Stella Artois 5,2% - 6x25cl","p":5.68,"u":"3,79 €/L","img":"https://fd9-photos.leclercdrive.fr/image.ashx?id=2944371&use=l&cat=p&typeid=i","cat":334873},{"id":259263,"n":"Bière blonde Stella Artois 5,2% - 12x25cl","p":9.5,"pp":6.27,"u":"2,09 €/L","img":"https://fd9-photos.leclercdrive.fr/image.ashx?id=2971754&use=l&cat=p&typeid=i","cat":334873},{"id":259277,"n":"Bière blonde Stella Artois 5,2% - 20x25cl","p":15.49,"pp":10.84,"u":"2,17 €/L","img":"https://fd9-photos.leclercdrive.fr/image.ashx?id=2944377&use=l&cat=p&typeid=i","cat":334873},{"id":259279,"n":"Bière blonde Bud 5% - 50cl canette","p":5.04,"u":"25,20 €/L","img":"https://fd9-photos.leclercdrive.fr/image.ashx?id=2994554&use=l&cat=p&typeid=i","cat":334853},{"id":259282,"n":"Bière blonde 8.6 Original - 8.6% - 8x50cl","p":10.64,"u":"2,66 €/L","img":"https://fd9-photos.leclercdrive.fr/image.ashx?id=3001527&use=l&cat=p&typeid=i","cat":334853},{"id":259283,"n":"Bière Cherry 8.6 7.2% - 4x50cl","p":7.25,"u":"3,63 €/L","img":"https://fd9-photos.leclercdrive.fr/image.ashx?id=2905708&use=l&cat=p&typeid=i","cat":334853},{"id":259284,"n":"Piles Alcaline Varta Longlife Power AAA x6","p":3.54,"u":"3,54 €/PRT","img":"https://fd9-photos.leclercdrive.fr/image.ashx?id=2892949&use=l&cat=p&typeid=i","cat":300572},{"id":259289,"n":"Piles Alcaline Longlife Power C / LR14 x2","p":2.25,"img":"https://fd9-photos.leclercdrive.fr/image.ashx?id=2892955&use=l&cat=p&typeid=i","cat":300572},{"id":259293,"n":"Spray dégraissant anti odeur Chanteclair -600ml","p":2.49,"u":"4,15 €/L","img":"https://fd9-photos.leclercdrive.fr/image.ashx?id=2893123&use=l&cat=p&typeid=i","cat":325357},{"id":259322,"n":"Pain burger Jacquet Nature x6 - 330g","p":1.36,"u":"4,12 €/KG","img":"https://fd9-photos.leclercdrive.fr/image.ashx?id=2991885&use=l&cat=p&typeid=i","cat":325067},{"id":259754,"n":"Bière blonde Stella Artois 5,2% - 50cl canette","p":1.54,"u":"3,08 €/L","img":"https://fd9-photos.leclercdrive.fr/image.ashx?id=2893063&use=l&cat=p&typeid=i","cat":334853},{"id":259819,"n":"Piles Duracell Plus power boost AA - x4","p":5.45,"u":"1,36 €/P","img":"https://fd9-photos.leclercdrive.fr/image.ashx?id=2929122&use=l&cat=p&typeid=i","cat":300572},{"id":259820,"n":"Piles Duracell Plus power boost AAA - x4","p":5.45,"u":"1,36 €/P","img":"https://fd9-photos.leclercdrive.fr/image.ashx?id=2929128&use=l&cat=p&typeid=i","cat":300572},{"id":260044,"n":"Liqueur Get Menthe & fruits rouges 17.9° - 70cl","p":13.89,"u":"19,84 €/L","img":"https://fd9-photos.leclercdrive.fr/image.ashx?id=3009104&use=l&cat=p&typeid=i","cat":286032},{"id":260045,"n":"Boisson énergisante Celsius Pêche framboise - 35,5cl","p":1.4,"u":"3,94 €/L","img":"https://fd9-photos.leclercdrive.fr/image.ashx?id=2922155&use=l&cat=p&typeid=i","cat":284533},{"id":260047,"n":"Boisson énergisante Celsius Multifruits - 35,5cl","p":1.4,"u":"3,94 €/L","img":"https://fd9-photos.leclercdrive.fr/image.ashx?id=2919006&use=l&cat=p&typeid=i","cat":284533},{"id":260054,"n":"Boisson énergisante Celsius Fraise passion - 35,5cl","p":1.4,"u":"3,94 €/L","img":"https://fd9-photos.leclercdrive.fr/image.ashx?id=2922158&use=l&cat=p&typeid=i","cat":284533},{"id":260058,"n":"Dentifrice Oral-B Professional Protection sensibilité - 2x75ml","p":6.61,"u":"44,07 €/L","img":"https://fd9-photos.leclercdrive.fr/image.ashx?id=2893823&use=l&cat=p&typeid=i","cat":284612},{"id":260059,"n":"Dentifrice Oral-B Professional Protection gencives - 2x75ml","p":6.61,"u":"44,07 €/L","img":"https://fd9-photos.leclercdrive.fr/image.ashx?id=2893826&use=l&cat=p&typeid=i","cat":284612},{"id":260062,"n":"Dentifrice Oral-B Professional Email renforcé - 2x75ml","p":9.51,"u":"63,40 €/L","img":"https://fd9-photos.leclercdrive.fr/image.ashx?id=2893901&use=l&cat=p&typeid=i","cat":284612},{"id":260203,"n":"Dentifrice Oral-B Professional Blancheur saine - 2x75ml","p":9.45,"u":"63,00 €/L","img":"https://fd9-photos.leclercdrive.fr/image.ashx?id=2899045&use=l&cat=p&typeid=i","cat":284612},{"id":260205,"n":"Rasoir Gillette Mach3 x5 lames","p":19.99,"img":"https://fd9-photos.leclercdrive.fr/image.ashx?id=2894545&use=l&cat=p&typeid=i","cat":284616},{"id":260214,"n":"Cookies BN Pépites aux 2 chocolats - 150g","p":2.0,"u":"13,33 €/KG","img":"https://fd9-photos.leclercdrive.fr/image.ashx?id=2901704&use=l&cat=p&typeid=i","cat":325066},{"id":260216,"n":"Cookies BN Pépites de chocolat blanc -150g","p":2.11,"u":"14,07 €/KG","img":"https://fd9-photos.leclercdrive.fr/image.ashx?id=2901707&use=l&cat=p&typeid=i","cat":325066},{"id":260281,"n":"Bière blonde de caractère  Pélican 7.5% 12x25cl","p":11.39,"pp":7.52,"u":"2,51 €/L","img":"https://fd9-photos.leclercdrive.fr/image.ashx?id=2922600&use=l&cat=p&typeid=i","cat":334872},{"id":260282,"n":"Champagne brut Veuve Clicquot 12.5% - 75cl","p":55.89,"u":"74,52 €/L","img":"https://fd9-photos.leclercdrive.fr/image.ashx?id=2894137&use=l&cat=p&typeid=i","cat":284542},{"id":260328,"n":"Riz Taureau Ailé Basmati du Punjab - 500g","p":2.22,"u":"4,44 €/KG","img":"https://fd9-photos.leclercdrive.fr/image.ashx?id=2893756&use=l&cat=p&typeid=i","cat":284428},{"id":260699,"n":"Serviettes hygiéniques Nuit Always Platinum 2 x 16","p":9.72,"u":"0,30 €/P","img":"https://fd9-photos.leclercdrive.fr/image.ashx?id=2902439&use=l&cat=p&typeid=i","cat":284624},{"id":260704,"n":"Serviettes hygiéniques Extra  Secure Night Always ultra 2 x16","p":8.2,"u":"0,26 €/P","img":"https://fd9-photos.leclercdrive.fr/image.ashx?id=2895086&use=l&cat=p&typeid=i","cat":284624},{"id":260707,"n":"Serviettes hygiéniques Secure  Night Always ultra 2 x 18","p":7.97,"u":"0,22 €/P","img":"https://fd9-photos.leclercdrive.fr/image.ashx?id=2895080&use=l&cat=p&typeid=i","cat":284624},{"id":260713,"n":"Serviettes hygiéniques Jour &  Nuit Always ultra 2 x 22","p":7.97,"u":"0,18 €/P","img":"https://fd9-photos.leclercdrive.fr/image.ashx?id=2895068&use=l&cat=p&typeid=i","cat":284624},{"id":260715,"n":"Serviettes hygiéniques Long +  Always ultra 2 x26","p":9.46,"u":"0,18 €/P","img":"https://fd9-photos.leclercdrive.fr/image.ashx?id=2895074&use=l&cat=p&typeid=i","cat":284624},{"id":260717,"n":"Serviettes hygiéniques Normal Always ultra  2 x 30","p":7.97,"u":"0,13 €/P","img":"https://fd9-photos.leclercdrive.fr/image.ashx?id=2895083&use=l&cat=p&typeid=i","cat":284624},{"id":260719,"n":"Serviettes hygiéniques Normal Always ultra 2 x 34","p":7.97,"u":"0,12 €/P","img":"https://fd9-photos.leclercdrive.fr/image.ashx?id=2895071&use=l&cat=p&typeid=i","cat":284624},{"id":260727,"n":"Culottes fuites urinaires Noir  Always discreet Taille M x10","p":12.56,"u":"1,26 €/P","img":"https://fd9-photos.leclercdrive.fr/image.ashx?id=2902427&use=l&cat=p&typeid=i","cat":284628},{"id":260730,"n":"Culottes fuites urinaires  Always discreet Taille M x 11","p":12.56,"u":"1,14 €/P","img":"https://fd9-photos.leclercdrive.fr/image.ashx?id=2902424&use=l&cat=p&typeid=i","cat":284628},{"id":260758,"n":"Bain de bouche enfant Listerine Fruits rouges - 500ml","p":5.38,"u":"10,76 €/L","img":"https://fd9-photos.leclercdrive.fr/image.ashx?id=2894953&use=l&cat=p&typeid=i","cat":284613},{"id":261200,"n":"Cônes Magnum noisette  4x90g","p":4.9,"u":"18,85 €/KG","img":"https://fd9-photos.leclercdrive.fr/image.ashx?id=2896453&use=l&cat=p&typeid=i","cat":284264},{"id":261216,"n":"Cônes Magnum mangue  4x90ml","p":4.75,"u":"18,27 €/KG","img":"https://fd9-photos.leclercdrive.fr/image.ashx?id=2896450&use=l&cat=p&typeid=i","cat":284264},{"id":261222,"n":"Saucisson Saint Agaûne 200g","p":3.44,"u":"17,20 €/KG","img":"https://fd9-photos.leclercdrive.fr/image.ashx?id=2977432&use=l&cat=p&typeid=i","cat":316006},{"id":261223,"n":"Saucisson sec Saint Agaûne La fine - 200g","p":4.44,"u":"22,20 €/KG","img":"https://fd9-photos.leclercdrive.fr/image.ashx?id=2960939&use=l&cat=p&typeid=i","cat":316006},{"id":261279,"n":"Tablette  de chocolat Poulain 2x95g","p":2.78,"u":"14,63 €/KG","img":"https://fd9-photos.leclercdrive.fr/image.ashx?id=2897177&use=l&cat=p&typeid=i","cat":284497},{"id":261292,"n":"Chewing-gum Hollywood  Menthe Verte sans sucres - 70g","p":2.2,"u":"31,43 €/KG","img":"https://fd9-photos.leclercdrive.fr/image.ashx?id=2987053&use=l&cat=p&typeid=i","cat":304251},{"id":261298,"n":"Chewing-gum Hollywood Menthe  Fraîche sans sucres - 70g","p":2.41,"u":"34,43 €/KG","img":"https://fd9-photos.leclercdrive.fr/image.ashx?id=2987050&use=l&cat=p&typeid=i","cat":304251},{"id":261307,"n":"Chewing-gum Hollywood 2Fresh  Menthe Verte sans sucres -  66g","p":1.65,"u":"25,00 €/KG","img":"https://fd9-photos.leclercdrive.fr/image.ashx?id=3011959&use=l&cat=p&typeid=i","cat":304251},{"id":261500,"n":"Tablette cuadro Cremino  110g","p":3.2,"u":"29,09 €/KG","img":"https://fd9-photos.leclercdrive.fr/image.ashx?id=2903806&use=l&cat=p&typeid=i","cat":284497},{"id":261505,"n":"Chocolat Tablette d'Or Lait caramelisées - 180g","p":2.49,"u":"13,83 €/KG","img":"https://fd9-photos.leclercdrive.fr/image.ashx?id=2896837&use=l&cat=p&typeid=i","cat":284497},{"id":261507,"n":"Tablette de chocolat Equador noir citron vert - 100g","p":1.79,"u":"17,90 €/KG","img":"https://fd9-photos.leclercdrive.fr/image.ashx?id=2896834&use=l&cat=p&typeid=i","cat":284956},{"id":261509,"n":"Chocolat Tablette d'Or Noir biscuit citron vert 180g","p":2.89,"u":"16,06 €/KG","img":"https://fd9-photos.leclercdrive.fr/image.ashx?id=2896828&use=l&cat=p&typeid=i","cat":284956},{"id":261525,"n":"Sauté de lapin William Saurin 300g","p":3.23,"u":"10,77 €/KG","img":"https://fd9-photos.leclercdrive.fr/image.ashx?id=2905375&use=l&cat=p&typeid=i","cat":284953},{"id":261527,"n":"Chewing-gum Hollywood Menthe  verte Chlorophylle - 155g","p":2.24,"u":"14,45 €/KG","img":"https://fd9-photos.leclercdrive.fr/image.ashx?id=2910940&use=l&cat=p&typeid=i","cat":304251},{"id":261974,"n":"Coca-Cola Cherry 18+2 offertes - 20x33cl","p":12.01,"u":"1,82 €/L","img":"https://fd9-photos.leclercdrive.fr/image.ashx?id=2903716&use=l&cat=p&typeid=i","cat":284530},{"id":262154,"n":"Liqueur de menthe La Mentheuse 15% vol - 70cl","p":11.99,"u":"17,13 €/L","img":"https://fd9-photos.leclercdrive.fr/image.ashx?id=2899530&use=l&cat=p&typeid=i","cat":286032},{"id":262345,"n":"Soda Fanta Orange  Canette - Pack 6x33CL","p":3.57,"u":"1,80 €/L","img":"https://fd9-photos.leclercdrive.fr/image.ashx?id=2997241&use=l&cat=p&typeid=i","cat":284532},{"id":262544,"n":"Sirop Teisseire Défense Citron vert Gingembre - 60cl","p":3.55,"u":"5,92 €/L","img":"https://fd9-photos.leclercdrive.fr/image.ashx?id=2901767&use=l&cat=p&typeid=i","cat":295020},{"id":262546,"n":"Sirop Teisseire Relax Pêche Goyave - 60cl","p":3.55,"u":"5,92 €/L","img":"https://fd9-photos.leclercdrive.fr/image.ashx?id=2901764&use=l&cat=p&typeid=i","cat":295020},{"id":262595,"n":"Camembert d'Isigny Sainte-Mère 45%MG - 250g","p":3.03,"u":"12,12 €/KG","img":"https://fd9-photos.leclercdrive.fr/image.ashx?id=2894833&use=l&cat=p&typeid=i","cat":326550},{"id":262853,"n":"Bière Somersby bte Citron Yuzu -50cl","p":1.86,"u":"3,72 €/L","img":"https://fd9-photos.leclercdrive.fr/image.ashx?id=2901728&use=l&cat=p&typeid=i","cat":334853},{"id":262854,"n":"Bière Somersby bte Pomme -50cl","p":1.86,"u":"3,72 €/L","img":"https://fd9-photos.leclercdrive.fr/image.ashx?id=2901725&use=l&cat=p&typeid=i","cat":334853},{"id":262860,"n":"Tablette Pure Via Chocolat blanc - 100g","p":2.88,"u":"28,80 €/KG","img":"https://fd9-photos.leclercdrive.fr/image.ashx?id=2902025&use=l&cat=p&typeid=i","cat":284957},{"id":262868,"n":"Baume lèvre hydratant Labello","p":1.96,"u":"392,00 €/KG","img":"https://fd9-photos.leclercdrive.fr/image.ashx?id=2984676&use=l&cat=p&typeid=i","cat":285485},{"id":263009,"n":"Bières Softiz Framboise Sans alcool  6x27,5cl","p":3.19,"u":"1,93 €/L","img":"https://fd9-photos.leclercdrive.fr/image.ashx?id=2899935&use=l&cat=p&typeid=i","cat":334877},{"id":263106,"n":"Glace en pot Ben & Jerry's  Sweet Mango Memories 465 ml","p":3.52,"u":"7,57 €/L","img":"https://fd9-photos.leclercdrive.fr/image.ashx?id=2938301&use=l&cat=p&typeid=i","cat":284725},{"id":263107,"n":"Ben & Jerry's Glace en pot Sundae Marshmallow/ Smore 427ml","p":4.7,"u":"11,01 €/L","img":"https://fd9-photos.leclercdrive.fr/image.ashx?id=3009314&use=l&cat=p&typeid=i","cat":284725},{"id":263108,"n":"Bouchées glacées Ben & Jerry  Cookie Dough 150g","p":4.75,"u":"31,67 €/KG","img":"https://fd9-photos.leclercdrive.fr/image.ashx?id=3009323&use=l&cat=p&typeid=i","cat":284725},{"id":263109,"n":"Ben & Jerry's Glace dessert Brownie Caramel Salé 150 gr","p":4.65,"u":"31,00 €/KG","img":"https://fd9-photos.leclercdrive.fr/image.ashx?id=2901181&use=l&cat=p&typeid=i","cat":284725},{"id":263112,"n":"Ben & Jerry's Glace pot Vegan Chocolate Fudge Brownie 465ml","p":5.3,"u":"11,40 €/L","img":"https://fd9-photos.leclercdrive.fr/image.ashx?id=2901172&use=l&cat=p&typeid=i","cat":284725},{"id":263116,"n":"Mini bâtonnet Magnum  Double Noisette 6x55ml","p":4.71,"u":"14,27 €/L","img":"https://fd9-photos.leclercdrive.fr/image.ashx?id=2901190&use=l&cat=p&typeid=i","cat":284265},{"id":263130,"n":"Magnum Glace Bâtonnet  Double Noisette 4x85ml","p":4.89,"u":"14,38 €/L","img":"https://fd9-photos.leclercdrive.fr/image.ashx?id=3009326&use=l&cat=p&typeid=i","cat":284265},{"id":263131,"n":"Bâtonnet Magnum Utopia Double Fruits Rouges 4x85ml","p":4.89,"u":"14,38 €/L","img":"https://fd9-photos.leclercdrive.fr/image.ashx?id=3014650&use=l&cat=p&typeid=i","cat":284265},{"id":263132,"n":"Glace Bonbon Dessert Magnum Gold Caramel Billionaire 168g","p":3.52,"u":"20,95 €/KG","img":"https://fd9-photos.leclercdrive.fr/image.ashx?id=3009320&use=l&cat=p&typeid=i","cat":284266},{"id":263134,"n":"Magnum Glace Bâtonnet Vegan Sorbet Myrtille Chill 3x90ml","p":3.1,"u":"11,48 €/L","img":"https://fd9-photos.leclercdrive.fr/image.ashx?id=2901193&use=l&cat=p&typeid=i","cat":284265},{"id":263136,"n":"Magnum Glace Bâtonnet Vegan Amande 3x90ml","p":3.05,"u":"11,30 €/L","img":"https://fd9-photos.leclercdrive.fr/image.ashx?id=2901199&use=l&cat=p&typeid=i","cat":284265},{"id":263154,"n":"Saumon MSC haché Yooji dès 4 mois 80g","p":4.94,"u":"61,75 €/KG","img":"https://fd9-photos.leclercdrive.fr/image.ashx?id=3008893&use=l&cat=p&typeid=i","cat":290631},{"id":263155,"n":"Ecrasé de ratatouille Yooji dès 8 mois 400g","p":5.1,"u":"12,75 €/KG","img":"https://fd9-photos.leclercdrive.fr/image.ashx?id=2901022&use=l&cat=p&typeid=i","cat":312236},{"id":263282,"n":"Désinfectant linge Textil 1,5L","p":1.99,"u":"1,33 €/L","img":"https://fd9-photos.leclercdrive.fr/image.ashx?id=2958768&use=l&cat=p&typeid=i","cat":290451},{"id":263328,"n":"Bonbons Lutti Bubblizz Piquants - 300g","p":1.75,"u":"5,83 €/KG","img":"https://fd9-photos.leclercdrive.fr/image.ashx?id=2900983&use=l&cat=p&typeid=i","cat":304250},{"id":263698,"n":"Bière Softiz  Agrumes 6x27,5cl","p":3.33,"u":"2,02 €/L","img":"https://fd9-photos.leclercdrive.fr/image.ashx?id=2902529&use=l&cat=p&typeid=i","cat":334877},{"id":263712,"n":"Truite fumée Landvika 6 tranches 140g","p":4.45,"u":"31,79 €/KG","img":"https://fd9-photos.leclercdrive.fr/image.ashx?id=2904206&use=l&cat=p&typeid=i","cat":285188},{"id":263738,"n":"Culottes Tena Silouette Plus  Taille haute - x9","p":6.94,"u":"0,77 €/P","img":"https://fd9-photos.leclercdrive.fr/image.ashx?id=3011884&use=l&cat=p&typeid=i","cat":284628},{"id":263746,"n":"Culottes Tena  Taille XL - x12","p":15.63,"u":"1,30 €/P","img":"https://fd9-photos.leclercdrive.fr/image.ashx?id=2904458&use=l&cat=p&typeid=i","cat":284628},{"id":263860,"n":"IGP Pays d'OC Vin rosé Les Béliers d'OC - 75cl","p":7.24,"u":"9,65 €/L","img":"https://fd9-photos.leclercdrive.fr/image.ashx?id=2904335&use=l&cat=p&typeid=i","cat":289558},{"id":263869,"n":"Riz pour risotto Taureau Ailé 500g","p":1.78,"u":"3,56 €/KG","img":"https://fd9-photos.leclercdrive.fr/image.ashx?id=2904389&use=l&cat=p&typeid=i","cat":284428},{"id":264358,"n":"Boxer de protection Homme Tena Noir Réutilisable - Taille L","p":24.49,"img":"https://fd9-photos.leclercdrive.fr/image.ashx?id=2906820&use=l&cat=p&typeid=i","cat":291514},{"id":264361,"n":"Boxer protection Homme Tena Noir Réutilisable - Taille XL","p":24.49,"img":"https://fd9-photos.leclercdrive.fr/image.ashx?id=2906823&use=l&cat=p&typeid=i","cat":291514},{"id":264373,"n":"P'tit Savane Tornado Brossard Roulés à la fraise - x7 - 175g","p":2.35,"u":"13,43 €/KG","img":"https://fd9-photos.leclercdrive.fr/image.ashx?id=2966089&use=l&cat=p&typeid=i","cat":284495},{"id":264392,"n":"Savane Brossard coeur choco Max de sensation - x6 - 180g","p":2.54,"u":"14,11 €/KG","img":"https://fd9-photos.leclercdrive.fr/image.ashx?id=2906502&use=l&cat=p&typeid=i","cat":284495},{"id":264397,"n":"Tartines P'tit dej Jacquet aux graines - x14 - 410g","p":1.9,"u":"4,63 €/KG","img":"https://fd9-photos.leclercdrive.fr/image.ashx?id=2906061&use=l&cat=p&typeid=i","cat":284477},{"id":264417,"n":"Biscuits BN Del'ice Choco Brownie - 185g","p":2.08,"u":"11,24 €/KG","img":"https://fd9-photos.leclercdrive.fr/image.ashx?id=2907884&use=l&cat=p&typeid=i","cat":284488},{"id":264418,"n":"Biscuits BN Del'ice Cookie Dough - 175g","p":2.02,"u":"11,54 €/KG","img":"https://fd9-photos.leclercdrive.fr/image.ashx?id=2907887&use=l&cat=p&typeid=i","cat":325066},{"id":264421,"n":"Sauce Nautilus Thonara - 250g","p":3.98,"u":"15,92 €/KG","img":"https://fd9-photos.leclercdrive.fr/image.ashx?id=2908093&use=l&cat=p&typeid=i","cat":318430},{"id":264422,"n":"Sauce Nautilus Tholognaise - 250g","p":3.95,"u":"15,80 €/KG","img":"https://fd9-photos.leclercdrive.fr/image.ashx?id=2908096&use=l&cat=p&typeid=i","cat":299047},{"id":264424,"n":"Sauce Nautilus Pesthon Basilic - 180g","p":3.88,"u":"21,56 €/KG","img":"https://fd9-photos.leclercdrive.fr/image.ashx?id=2908099&use=l&cat=p&typeid=i","cat":287599},{"id":264426,"n":"Sauce Nautilus Pesthon rouge - 180g","p":3.88,"u":"21,56 €/KG","img":"https://fd9-photos.leclercdrive.fr/image.ashx?id=2908102&use=l&cat=p&typeid=i","cat":284451},{"id":264472,"n":"Salade & Cie Sodebo Antibes Thon riz - 320g","p":2.39,"u":"7,47 €/KG","img":"https://fd9-photos.leclercdrive.fr/image.ashx?id=2799431&use=l&cat=p&typeid=i","cat":326550},{"id":264692,"n":"Croque-Monsieur Maxi Herta jambon fromage x2 - 310g","p":3.16,"u":"10,19 €/KG","img":"https://fd9-photos.leclercdrive.fr/image.ashx?id=2907941&use=l&cat=p&typeid=i","cat":333671},{"id":264694,"n":"Cheetos crispy Balls  90g","p":1.06,"u":"11,78 €/KG","img":"https://fd9-photos.leclercdrive.fr/image.ashx?id=2907962&use=l&cat=p&typeid=i","cat":284449},{"id":264696,"n":"Cheetos crunchy Fromage - 90g","p":1.26,"u":"14,00 €/KG","img":"https://fd9-photos.leclercdrive.fr/image.ashx?id=2907965&use=l&cat=p&typeid=i","cat":284449},{"id":264700,"n":"Cheetos crunchy Sweet Chili - 90g","p":1.29,"u":"14,33 €/KG","img":"https://fd9-photos.leclercdrive.fr/image.ashx?id=2907968&use=l&cat=p&typeid=i","cat":284449},{"id":264707,"n":"Cheetos original  135g","p":1.76,"u":"13,04 €/KG","img":"https://fd9-photos.leclercdrive.fr/image.ashx?id=2907956&use=l&cat=p&typeid=i","cat":284449},{"id":264713,"n":"Kit crousti'fajitas Old El Paso Extra doux - 521g","p":4.51,"u":"8,66 €/KG","img":"https://fd9-photos.leclercdrive.fr/image.ashx?id=2908354&use=l&cat=p&typeid=i","cat":288993},{"id":264779,"n":"Coupelles Douceur du Verger 8x100g","p":2.09,"u":"2,61 €/KG","img":"https://fd9-photos.leclercdrive.fr/image.ashx?id=2958350&use=l&cat=p&typeid=i","cat":284508},{"id":264799,"n":"Bière Blonde Lager 5 Spéciale 5% - 10x25cl","p":5.52,"u":"2,21 €/L","img":"https://fd9-photos.leclercdrive.fr/image.ashx?id=2954112&use=l&cat=p&typeid=i","cat":334873},{"id":264903,"n":"La Panée soja Garden Gourmet 207g","p":2.67,"u":"12,90 €/KG","img":"https://fd9-photos.leclercdrive.fr/image.ashx?id=2980155&use=l&cat=p&typeid=i","cat":316036},{"id":264904,"n":"Le Classique soja  Garden Gourmet 173g","p":2.63,"u":"15,20 €/KG","img":"https://fd9-photos.leclercdrive.fr/image.ashx?id=2965319&use=l&cat=p&typeid=i","cat":316036},{"id":265098,"n":"Jambon cuit supérieur  L'Atelier Charcuterie 4T - 220g","p":4.67,"u":"21,23 €/KG","img":"https://fd9-photos.leclercdrive.fr/image.ashx?id=2999045&use=l&cat=p&typeid=i","cat":316009},{"id":265105,"n":"Jambon supérieur  L'Atelier Charcuterie 4T 220g","p":3.47,"u":"15,77 €/KG","img":"https://fd9-photos.leclercdrive.fr/image.ashx?id=2999054&use=l&cat=p&typeid=i","cat":316009},{"id":265108,"n":"Jambon supérieur  L'Atelier Charcuterie 6T - 330g","p":5.12,"u":"15,52 €/KG","img":"https://fd9-photos.leclercdrive.fr/image.ashx?id=2928162&use=l&cat=p&typeid=i","cat":316009},{"id":265135,"n":"Yaourt Activia Céréales Muesli   Quinoa Noisettes - 4x120g","p":1.85,"u":"3,85 €/KG","img":"https://fd9-photos.leclercdrive.fr/image.ashx?id=2909491&use=l&cat=p&typeid=i","cat":315000},{"id":265151,"n":"Fromage enfant Mini Babybel  22 portions 484g","p":7.64,"u":"15,79 €/KG","img":"https://fd9-photos.leclercdrive.fr/image.ashx?id=2935843&use=l&cat=p&typeid=i","cat":314030},{"id":265152,"n":"Fromage apéritif Apéricube Soirée match 48 cubes 250g","p":4.17,"u":"16,68 €/KG","img":"https://fd9-photos.leclercdrive.fr/image.ashx?id=2908915&use=l&cat=p&typeid=i","cat":314027},{"id":265154,"n":"Fromage apéritif Apéricube Challenge 48 cubes 250g","p":4.56,"u":"18,24 €/KG","img":"https://fd9-photos.leclercdrive.fr/image.ashx?id=2908918&use=l&cat=p&typeid=i","cat":314027},{"id":265155,"n":"Fromage apéritif Apéricube Saveurs du monde 48 cubes 250g","p":4.49,"u":"17,96 €/KG","img":"https://fd9-photos.leclercdrive.fr/image.ashx?id=2908921&use=l&cat=p&typeid=i","cat":314027},{"id":265156,"n":"Fromage apéritif Apéricube Montagne 48 cubes 250g","p":4.17,"u":"16,68 €/KG","img":"https://fd9-photos.leclercdrive.fr/image.ashx?id=2908924&use=l&cat=p&typeid=i","cat":314027},{"id":265268,"n":"Dès de fromage salade Boursin Herbes méditerranéennes - 120g","p":2.29,"u":"19,08 €/KG","img":"https://fd9-photos.leclercdrive.fr/image.ashx?id=2908912&use=l&cat=p&typeid=i","cat":314027},{"id":265346,"n":"Cornichons Kühne Petits  croquants Aigres-doux - 190g","p":2.26,"u":"11,89 €/KG","img":"https://fd9-photos.leclercdrive.fr/image.ashx?id=2911930&use=l&cat=p&typeid=i","cat":284458},{"id":265443,"n":"Martini Bianco 14.5° - 1L","p":10.3,"pp":9.27,"u":"9,27 €/L","img":"https://fd9-photos.leclercdrive.fr/image.ashx?id=2941952&use=l&cat=p&typeid=i","cat":284913},{"id":265446,"n":"Martini Fiero 14.5° - 1L","p":10.3,"pp":9.27,"u":"9,27 €/L","img":"https://fd9-photos.leclercdrive.fr/image.ashx?id=2911573&use=l&cat=p&typeid=i","cat":284913},{"id":265449,"n":"Martini rosato 14.5° - 1L","p":10.3,"pp":9.27,"u":"9,27 €/L","img":"https://fd9-photos.leclercdrive.fr/image.ashx?id=2941946&use=l&cat=p&typeid=i","cat":284913},{"id":265450,"n":"Martini rosso 14.5° - 1L","p":10.3,"pp":9.27,"u":"9,27 €/L","img":"https://fd9-photos.leclercdrive.fr/image.ashx?id=2941949&use=l&cat=p&typeid=i","cat":284913},{"id":265513,"n":"Liquide adoucissant Lenor Fleur de jasmin 882ml","p":4.48,"u":"5,08 €/L","img":"https://fd9-photos.leclercdrive.fr/image.ashx?id=2917103&use=l&cat=p&typeid=i","cat":284650},{"id":265515,"n":"Adoucissant liquide Lenor Peaux sensibles - 882ml x42","p":5.79,"u":"6,56 €/L","img":"https://fd9-photos.leclercdrive.fr/image.ashx?id=2917100&use=l&cat=p&typeid=i","cat":284650},{"id":265517,"n":"Lingettes humides balai Swiffer Attrape-poussière Citron x10","p":6.49,"img":"https://fd9-photos.leclercdrive.fr/image.ashx?id=2912698&use=l&cat=p&typeid=i","cat":325364},{"id":265519,"n":"Adoucissant Lenor Fresh Air Jardins en fleurs - 504ml x36","p":4.53,"u":"8,99 €/L","img":"https://fd9-photos.leclercdrive.fr/image.ashx?id=2912686&use=l&cat=p&typeid=i","cat":284650},{"id":265521,"n":"Parfum de linge Lenor Fraîcheur florale - 235g - x19","p":8.0,"u":"34,04 €/KG","img":"https://fd9-photos.leclercdrive.fr/image.ashx?id=2912692&use=l&cat=p&typeid=i","cat":325302},{"id":265799,"n":"Désodorisant Febreze Linge frais - x3 recharges","p":8.8,"u":"Dont 0,05 € d'éco-part.","img":"https://fd9-photos.leclercdrive.fr/image.ashx?id=2912680&use=l&cat=p&typeid=i","cat":311629},{"id":265815,"n":"Rasoir Hydro 5 Ultimate Wilkinson","p":10.66,"img":"https://fd9-photos.leclercdrive.fr/image.ashx?id=2911540&use=l&cat=p&typeid=i","cat":284616},{"id":265818,"n":"Lessive liquide Omo Monoï - 1,76L","p":9.82,"u":"5,57 €/L","img":"https://fd9-photos.leclercdrive.fr/image.ashx?id=2911624&use=l&cat=p&typeid=i","cat":284640},{"id":265822,"n":"Rasoir Barber's Style  Wilkinson - 5 lames","p":15.56,"img":"https://fd9-photos.leclercdrive.fr/image.ashx?id=2911531&use=l&cat=p&typeid=i","cat":284616},{"id":265830,"n":"Rasoir Hydro Trim & Shave  Wilkinson","p":17.53,"u":"Dont 0,10 € d'éco-part.","img":"https://fd9-photos.leclercdrive.fr/image.ashx?id=2911534&use=l&cat=p&typeid=i","cat":284616},{"id":265832,"n":"Rasoir Hydro 5 - Wilkinson Face Groomer","p":19.84,"u":"Dont 0,07 € d'éco-part.","img":"https://fd9-photos.leclercdrive.fr/image.ashx?id=2963853&use=l&cat=p&typeid=i","cat":284616},{"id":265833,"n":"Lames Hydro 5 Regular Wilkinson - x8","p":22.01,"u":"2,75 €/P","img":"https://fd9-photos.leclercdrive.fr/image.ashx?id=2911537&use=l&cat=p&typeid=i","cat":284616},{"id":265859,"n":"Goûter laitier Récré O'lé  Saveur biscuit x20  - 1.7kg","p":10.6,"u":"6,24 €/KG","img":"https://fd9-photos.leclercdrive.fr/image.ashx?id=2913352&use=l&cat=p&typeid=i","cat":284506},{"id":265868,"n":"Lessive liquide Dash 2 en 1 Envolée d'air 40 lavages - 1.8L","p":10.41,"u":"5,78 €/L","img":"https://fd9-photos.leclercdrive.fr/image.ashx?id=2914858&use=l&cat=p&typeid=i","cat":284640},{"id":265886,"n":"Bière blonde 5 Lager Speciale 5% 6x25cl","p":3.42,"u":"2,28 €/L","img":"https://fd9-photos.leclercdrive.fr/image.ashx?id=2910768&use=l&cat=p&typeid=i","cat":334873},{"id":265941,"n":"Dentifrice Sensodyne Soin gencives 3x75ml","p":9.83,"pp":5.9,"u":"26,22 €/L","img":"https://fd9-photos.leclercdrive.fr/image.ashx?id=3009020&use=l&cat=p&typeid=i","cat":284612},{"id":265947,"n":"Dentifrice Sensodyne  Soin complet 3x75ml","p":9.83,"pp":5.9,"u":"26,22 €/L","img":"https://fd9-photos.leclercdrive.fr/image.ashx?id=3009023&use=l&cat=p&typeid=i","cat":284612},{"id":265949,"n":"Dentifrice Sensodyne Soin blancheur 3x75ml","p":12.23,"u":"54,36 €/L","img":"https://fd9-photos.leclercdrive.fr/image.ashx?id=2915588&use=l&cat=p&typeid=i","cat":284612},{"id":265950,"n":"Dentifrice Sensodyne Soin blancheur 3x75ml","p":9.83,"pp":5.9,"u":"26,22 €/L","img":"https://fd9-photos.leclercdrive.fr/image.ashx?id=3009026&use=l&cat=p&typeid=i","cat":284612},{"id":266078,"n":"Lessive liquide Persil Douceur d'amande - 2.565L x61","p":10.57,"u":"4,12 €/L","img":"https://fd9-photos.leclercdrive.fr/image.ashx?id=2944497&use=l&cat=p&typeid=i","cat":284640},{"id":266088,"n":"Adoucissant Cajoline Creations Brise de muguet 1.386L x66","p":4.34,"u":"3,13 €/L","img":"https://fd9-photos.leclercdrive.fr/image.ashx?id=2914240&use=l&cat=p&typeid=i","cat":284650},{"id":266093,"n":"Adoucissant Lenor Envolée d'air - x55 - 1.155L","p":4.53,"u":"3,92 €/L","img":"https://fd9-photos.leclercdrive.fr/image.ashx?id=2914171&use=l&cat=p&typeid=i","cat":284650},{"id":266104,"n":"Lait corps nourissant Nivea Peaux sèches - 400ml","p":4.49,"u":"11,23 €/L","img":"https://fd9-photos.leclercdrive.fr/image.ashx?id=2977639&use=l&cat=p&typeid=i","cat":325349},{"id":266105,"n":"Nettoyant lave-vaisselle Finish Protector - 30g","p":3.58,"u":"119,33 €/KG","img":"https://fd9-photos.leclercdrive.fr/image.ashx?id=2914894&use=l&cat=p&typeid=i","cat":284657},{"id":266108,"n":"Bloc WC Harpic Hygienic & Fresh Pin Eucalyptus - x2","p":2.77,"img":"https://fd9-photos.leclercdrive.fr/image.ashx?id=2914636&use=l&cat=p&typeid=i","cat":284662},{"id":266110,"n":"Bloc WC Harpic Hygienic & Fresh 2.0 Agrume - x2","p":2.52,"img":"https://fd9-photos.leclercdrive.fr/image.ashx?id=2914633&use=l&cat=p&typeid=i","cat":284662},{"id":266111,"n":"Bloc WC Harpic Hygienic & Fresh 2.0 Marine - x2","p":2.71,"img":"https://fd9-photos.leclercdrive.fr/image.ashx?id=2914024&use=l&cat=p&typeid=i","cat":284662},{"id":266140,"n":"Capsules lave-vaisselle Finish Ultimate Plus - x47 - 573g","p":11.88,"pp":7.13,"u":"12,44 €/KG","img":"https://fd9-photos.leclercdrive.fr/image.ashx?id=2914630&use=l&cat=p&typeid=i","cat":284656},{"id":266143,"n":"Adoucissant Lenor Fresh Air Rayons soleil - 504ml - x36D","p":4.53,"u":"8,99 €/L","img":"https://fd9-photos.leclercdrive.fr/image.ashx?id=2914153&use=l&cat=p&typeid=i","cat":284650},{"id":266145,"n":"Adoucissant Lenor Fresh Air Soleil tropical - 504ml - x36","p":4.53,"u":"8,99 €/L","img":"https://fd9-photos.leclercdrive.fr/image.ashx?id=2914156&use=l&cat=p&typeid=i","cat":284650},{"id":266150,"n":"Lait corps hydratation Nivea Express - 250ml","p":4.22,"u":"16,88 €/L","img":"https://fd9-photos.leclercdrive.fr/image.ashx?id=2977648&use=l&cat=p&typeid=i","cat":325349},{"id":266152,"n":"Crème visage jour Nivea Anti-rides Q10+ Sensitive 50ml","p":12.66,"u":"253,20 €/L","img":"https://fd9-photos.leclercdrive.fr/image.ashx?id=2973940&use=l&cat=p&typeid=i","cat":325345},{"id":266156,"n":"Lessive capsuleS Ariel Pods+ Unstoppable - 515g - x26","p":15.58,"u":"30,25 €/KG","img":"https://fd9-photos.leclercdrive.fr/image.ashx?id=2914852&use=l&cat=p&typeid=i","cat":284641},{"id":266157,"n":"Lessive capsules Ariel Pods Grandiose Original 762g x21","p":12.53,"u":"16,44 €/KG","img":"https://fd9-photos.leclercdrive.fr/image.ashx?id=2914180&use=l&cat=p&typeid=i","cat":284641},{"id":266162,"n":"Capsules lave-vaisselle Finish Quantum - 707g - x68","p":11.88,"pp":7.13,"u":"10,08 €/KG","img":"https://fd9-photos.leclercdrive.fr/image.ashx?id=2914627&use=l&cat=p&typeid=i","cat":284656},{"id":266165,"n":"Fromage enfant Mini Babybel Mix 9 portions","p":3.5,"u":"0,58 €/P","img":"https://fd9-photos.leclercdrive.fr/image.ashx?id=2911912&use=l&cat=p&typeid=i","cat":314030},{"id":266168,"n":"Lessive capsules Ariel 3en1 Pods - Alpine - 346g x19","p":9.7,"u":"28,03 €/KG","img":"https://fd9-photos.leclercdrive.fr/image.ashx?id=2914867&use=l&cat=p&typeid=i","cat":284641},{"id":266181,"n":"Adoucissant Lenor Bouquet floral - 1.155L - x55","p":4.53,"u":"3,92 €/L","img":"https://fd9-photos.leclercdrive.fr/image.ashx?id=2914174&use=l&cat=p&typeid=i","cat":284650},{"id":266199,"n":"Adoucissant Soupline Ultra Fraîcheur infinie rosée 800ml","p":6.16,"u":"7,70 €/L","img":"https://fd9-photos.leclercdrive.fr/image.ashx?id=2991027&use=l&cat=p&typeid=i","cat":284650},{"id":266201,"n":"Adoucissant Soupline Ultra Fraîcheur infinie lagon 800ml","p":6.49,"u":"8,11 €/L","img":"https://fd9-photos.leclercdrive.fr/image.ashx?id=2991024&use=l&cat=p&typeid=i","cat":284650},{"id":266203,"n":"Adoucissant Soupline Ultra concentré Rose éclatante 800 ml","p":6.5,"u":"8,13 €/L","img":"https://fd9-photos.leclercdrive.fr/image.ashx?id=2914210&use=l&cat=p&typeid=i","cat":284650},{"id":266204,"n":"Adoucissant Soupline Ultra Emotion vanille - 1800ml","p":11.8,"u":"6,56 €/L","img":"https://fd9-photos.leclercdrive.fr/image.ashx?id=2914207&use=l&cat=p&typeid=i","cat":284650},{"id":266206,"n":"Adoucissant Soupline Ultra concentré Fraicheur Azur 800 ml","p":5.94,"u":"7,43 €/L","img":"https://fd9-photos.leclercdrive.fr/image.ashx?id=2991030&use=l&cat=p&typeid=i","cat":284650},{"id":266208,"n":"Adoucissant Soupline Ultra concentré Soin Expert 800 ml","p":6.16,"u":"7,70 €/L","img":"https://fd9-photos.leclercdrive.fr/image.ashx?id=2914222&use=l&cat=p&typeid=i","cat":284650},{"id":266213,"n":"Adoucissant Soupline Emotion ambré - 1260ml","p":5.42,"u":"4,30 €/L","img":"https://fd9-photos.leclercdrive.fr/image.ashx?id=2914231&use=l&cat=p&typeid=i","cat":284650},{"id":266225,"n":"Lessive liquide Ariel Original - 1980ml - x44","p":14.0,"u":"7,07 €/L","img":"https://fd9-photos.leclercdrive.fr/image.ashx?id=2914816&use=l&cat=p&typeid=i","cat":284640},{"id":266231,"n":"Cuisses de poulet Bon plan Douce France - 900g","p":4.78,"u":"5,31 €/KG","img":"https://fd9-photos.leclercdrive.fr/image.ashx?id=2913985&use=l&cat=p&typeid=i","cat":284336},{"id":266234,"n":"Pop Corn Micro-ondable Vico Pop caramel - 240g","p":2.0,"u":"8,33 €/KG","img":"https://fd9-photos.leclercdrive.fr/image.ashx?id=2913940&use=l&cat=p&typeid=i","cat":304249},{"id":266236,"n":"Cubes Filet de poulet Bon Plan Douce France - 400g","p":5.59,"u":"13,98 €/KG","img":"https://fd9-photos.leclercdrive.fr/image.ashx?id=2913988&use=l&cat=p&typeid=i","cat":284336},{"id":266238,"n":"Bonbons La Vosgienne  Cassis sans sucres -  49g","p":1.73,"u":"35,31 €/KG","img":"https://fd9-photos.leclercdrive.fr/image.ashx?id=2971900&use=l&cat=p&typeid=i","cat":304252},{"id":266239,"n":"Bonbons La Vosgienne Menthe citron sans sucres - 49g","p":1.73,"u":"35,31 €/KG","img":"https://fd9-photos.leclercdrive.fr/image.ashx?id=2991190&use=l&cat=p&typeid=i","cat":304252},{"id":266242,"n":"Filet de poulet Bon Plan Douce France - 500g","p":5.71,"u":"11,42 €/KG","img":"https://fd9-photos.leclercdrive.fr/image.ashx?id=2914561&use=l&cat=p&typeid=i","cat":284336},{"id":266244,"n":"Bonbons La Vosgienne Menthol Eucalyptus - 46g","p":1.83,"u":"39,78 €/KG","img":"https://fd9-photos.leclercdrive.fr/image.ashx?id=2979054&use=l&cat=p&typeid=i","cat":304252},{"id":266249,"n":"Bonbons La Vosgienne Sève de pin sans sucres - 46g","p":1.73,"u":"37,61 €/KG","img":"https://fd9-photos.leclercdrive.fr/image.ashx?id=2991193&use=l&cat=p&typeid=i","cat":304252},{"id":266252,"n":"Sardines Parmentier A l'huile de tournesol - 2x135g","p":2.95,"u":"10,93 €/KG","img":"https://fd9-photos.leclercdrive.fr/image.ashx?id=2913829&use=l&cat=p&typeid=i","cat":305146},{"id":266253,"n":"Sardines Parmentier A l'huile Tournesol vierge extra Bio 120g","p":1.79,"u":"14,92 €/KG","img":"https://fd9-photos.leclercdrive.fr/image.ashx?id=2913832&use=l&cat=p&typeid=i","cat":305146},{"id":266444,"n":"Lessive capsules Ariel 3en1 Original - 546g - x30","p":11.45,"u":"20,97 €/KG","img":"https://fd9-photos.leclercdrive.fr/image.ashx?id=2914834&use=l&cat=p&typeid=i","cat":284641},{"id":266445,"n":"Lessive capsules Ariel Pods+ Active - 554g - x26","p":13.06,"u":"23,57 €/KG","img":"https://fd9-photos.leclercdrive.fr/image.ashx?id=2914843&use=l&cat=p&typeid=i","cat":284641},{"id":266448,"n":"Lessive capsules Ariel Pods Original - 346g - x19","p":9.7,"u":"28,03 €/KG","img":"https://fd9-photos.leclercdrive.fr/image.ashx?id=2914855&use=l&cat=p&typeid=i","cat":284641},{"id":266470,"n":"Recharges diffuseur électrique Airwick - Cannelle - 19ml","p":4.43,"u":"233,16 €/L","img":"https://fd9-photos.leclercdrive.fr/image.ashx?id=2914624&use=l&cat=p&typeid=i","cat":311629},{"id":266633,"n":"Dentrifrice Oral-B Pro Expert Protection - 2x75ml","p":5.38,"u":"35,87 €/L","img":"https://fd9-photos.leclercdrive.fr/image.ashx?id=2938286&use=l&cat=p&typeid=i","cat":284612},{"id":266635,"n":"Dentrifrice Oral-B Pro Expert Dents Sensibles - 2x75ml","p":6.71,"u":"44,73 €/L","img":"https://fd9-photos.leclercdrive.fr/image.ashx?id=2966155&use=l&cat=p&typeid=i","cat":284612},{"id":266637,"n":"Oral B Pro Expert Blancheur Saine - 2x75ml","p":5.38,"u":"35,87 €/L","img":"https://fd9-photos.leclercdrive.fr/image.ashx?id=2938289&use=l&cat=p&typeid=i","cat":284612},{"id":266701,"n":"Mini biscuits  P'tit Déli Rond enrobé Chocolat blanc 128g","p":1.45,"u":"11,33 €/KG","img":"https://fd9-photos.leclercdrive.fr/image.ashx?id=2942244&use=l&cat=p&typeid=i","cat":284488},{"id":266706,"n":"Pain de mie La Boulangère Complet & graines - 500g","p":1.84,"u":"3,68 €/KG","img":"https://fd9-photos.leclercdrive.fr/image.ashx?id=2926693&use=l&cat=p&typeid=i","cat":284477},{"id":266757,"n":"Gel nettoyant Canard Action rapide - 750ml","p":2.47,"pp":1.63,"u":"2,17 €/L","img":"https://fd9-photos.leclercdrive.fr/image.ashx?id=2916393&use=l&cat=p&typeid=i","cat":284662},{"id":266854,"n":"Fromage frais nature Bio Bio village - 12x60g","p":2.58,"u":"3,58 €/KG","img":"https://fd9-photos.leclercdrive.fr/image.ashx?id=2992633&use=l&cat=p&typeid=i","cat":326550},{"id":266991,"n":"Salade Notre Jardin Mâche - 200g","p":1.14,"u":"5,70 €/KG","img":"https://fd9-photos.leclercdrive.fr/image.ashx?id=2662583&use=l&cat=p&typeid=i","cat":326550},{"id":267005,"n":"Soda Coca-Cola Lemon Bouteille - 1,25L","p":1.75,"u":"1,40 €/L","img":"https://fd9-photos.leclercdrive.fr/image.ashx?id=2916435&use=l&cat=p&typeid=i","cat":284530},{"id":267013,"n":"Quesadilla Cholula Oignon cumin persil 490g","p":5.16,"u":"10,53 €/KG","img":"https://fd9-photos.leclercdrive.fr/image.ashx?id=2915865&use=l&cat=p&typeid=i","cat":288993},{"id":267014,"n":"Tortillas de blé Old El Paso Complet x10 - 580g","p":3.7,"u":"6,38 €/KG","img":"https://fd9-photos.leclercdrive.fr/image.ashx?id=2916492&use=l&cat=p&typeid=i","cat":288993},{"id":267165,"n":"Gel douche homme Men Expert Hyaluronic power - 2x300ml","p":6.43,"u":"10,72 €/L","img":"https://fd9-photos.leclercdrive.fr/image.ashx?id=2927931&use=l&cat=p&typeid=i","cat":284619},{"id":267203,"n":"Porp Corn salés Tokapi Pop-Box - x2 - 180g","p":1.61,"u":"8,94 €/KG","img":"https://fd9-photos.leclercdrive.fr/image.ashx?id=2915660&use=l&cat=p&typeid=i","cat":304249},{"id":267332,"n":"Adoucissant Cajoline Créations Souffle de fraîcheur 1.386L x66","p":5.71,"u":"4,12 €/L","img":"https://fd9-photos.leclercdrive.fr/image.ashx?id=2917109&use=l&cat=p&typeid=i","cat":284650},{"id":267333,"n":"Adoucissant Cajoline Créations Fleur de tiaré & Pivoine 1.386L","p":5.54,"u":"4,00 €/L","img":"https://fd9-photos.leclercdrive.fr/image.ashx?id=2917112&use=l&cat=p&typeid=i","cat":284650},{"id":267335,"n":"Adoucissant Cajoline Créations Lavande & Rose blanche 1.386L","p":5.54,"u":"4,00 €/L","img":"https://fd9-photos.leclercdrive.fr/image.ashx?id=2917115&use=l&cat=p&typeid=i","cat":284650},{"id":267336,"n":"Adoucissant Cajoline Doux & Pur L'original - 1.386L x66","p":4.34,"u":"3,13 €/L","img":"https://fd9-photos.leclercdrive.fr/image.ashx?id=2917118&use=l&cat=p&typeid=i","cat":284650},{"id":267339,"n":"Adoucissant Cajoline Origines Fraîcheur Céleste 1.254L x66","p":6.68,"u":"5,33 €/L","img":"https://fd9-photos.leclercdrive.fr/image.ashx?id=2917121&use=l&cat=p&typeid=i","cat":284650},{"id":267341,"n":"Adoucissant Cajoline Elixir Bouquet estival - 460ml","p":6.87,"u":"14,93 €/L","img":"https://fd9-photos.leclercdrive.fr/image.ashx?id=2940672&use=l&cat=p&typeid=i","cat":284650},{"id":267342,"n":"Adoucissant liquide Cajoline Elixir Brise printanière 460ml","p":6.87,"u":"14,93 €/L","img":"https://fd9-photos.leclercdrive.fr/image.ashx?id=3000896&use=l&cat=p&typeid=i","cat":284650},{"id":267343,"n":"Liqueur au rhum ananas vanille Dillon - 70cl","p":25.82,"u":"36,89 €/L","img":"https://fd9-photos.leclercdrive.fr/image.ashx?id=2959904&use=l&cat=p&typeid=i","cat":284550},{"id":267344,"n":"Liqueur au rhum mangue vanille Dillon - 70cl","p":25.82,"u":"36,89 €/L","img":"https://fd9-photos.leclercdrive.fr/image.ashx?id=2959901&use=l&cat=p&typeid=i","cat":284550},{"id":267345,"n":"Liqueur au rhum orange vanille Dillon - 70cl","p":25.82,"u":"36,89 €/L","img":"https://fd9-photos.leclercdrive.fr/image.ashx?id=2959907&use=l&cat=p&typeid=i","cat":284550},{"id":267346,"n":"Vodka Eristoff passion 18%vol - 70cl","p":12.99,"u":"18,56 €/L","img":"https://fd9-photos.leclercdrive.fr/image.ashx?id=2917058&use=l&cat=p&typeid=i","cat":284550},{"id":267371,"n":"Adoucissant Cajoline Créations Fleur de la passion 1.386L x66","p":4.34,"u":"3,13 €/L","img":"https://fd9-photos.leclercdrive.fr/image.ashx?id=2918107&use=l&cat=p&typeid=i","cat":284650},{"id":267388,"n":"Adoucissant liquide Cajoline Elixir Fraîcheur Céleste 460ml","p":6.87,"u":"14,93 €/L","img":"https://fd9-photos.leclercdrive.fr/image.ashx?id=2918113&use=l&cat=p&typeid=i","cat":284650},{"id":267391,"n":"Adoucissant Cajoline Origines Brise printanière 1.254L x66","p":6.87,"u":"5,48 €/L","img":"https://fd9-photos.leclercdrive.fr/image.ashx?id=2918110&use=l&cat=p&typeid=i","cat":284650},{"id":267399,"n":"Vin de France La vieille ferme Rouge - 75cl","p":4.38,"u":"5,84 €/L","img":"https://fd9-photos.leclercdrive.fr/image.ashx?id=2989195&use=l&cat=p&typeid=i","cat":289556},{"id":267404,"n":"Bière Kwak Rouge - 50cl","p":2.2,"u":"4,40 €/L","img":"https://fd9-photos.leclercdrive.fr/image.ashx?id=2918023&use=l&cat=p&typeid=i","cat":334853},{"id":267410,"n":"Jus de pamplemousse Tropicana Rose Ruby - 1L","p":3.08,"u":"3,08 €/L","img":"https://fd9-photos.leclercdrive.fr/image.ashx?id=3010825&use=l&cat=p&typeid=i","cat":284914},{"id":267411,"n":"Bière Softiz Pêche Sans alcool - 6x27.5cl","p":3.16,"u":"1,92 €/L","img":"https://fd9-photos.leclercdrive.fr/image.ashx?id=2916764&use=l&cat=p&typeid=i","cat":334877},{"id":267412,"n":"Matin+ Pamplemousse Framboise - 90cl","p":2.4,"u":"2,67 €/L","img":"https://fd9-photos.leclercdrive.fr/image.ashx?id=2917735&use=l&cat=p&typeid=i","cat":284914},{"id":267414,"n":"Couches T2 bébé Extra Care Huggies - x58","p":18.95,"u":"0,33 €/P","img":"https://fd9-photos.leclercdrive.fr/image.ashx?id=2917999&use=l&cat=p&typeid=i","cat":284737},{"id":267415,"n":"Couches bébé Huggies Extra Care T3- x50","p":17.95,"u":"0,36 €/P","img":"https://fd9-photos.leclercdrive.fr/image.ashx?id=2924728&use=l&cat=p&typeid=i","cat":284737},{"id":267416,"n":"Couches T4 bébé Extra Care Huggies - x38","p":17.93,"u":"0,36 €/P","img":"https://fd9-photos.leclercdrive.fr/image.ashx?id=2917981&use=l&cat=p&typeid=i","cat":284737},{"id":267421,"n":"Couches T5 bébé little movers Huggies - x42","p":17.93,"u":"0,43 €/P","img":"https://fd9-photos.leclercdrive.fr/image.ashx?id=2917993&use=l&cat=p&typeid=i","cat":284737},{"id":267422,"n":"Couches T6 bébé little movers Huggies - x34","p":17.93,"u":"0,53 €/P","img":"https://fd9-photos.leclercdrive.fr/image.ashx?id=2917996&use=l&cat=p&typeid=i","cat":284737},{"id":267433,"n":"Matin+ Mandarine, Kaki Passion - 90cl","p":2.48,"u":"2,76 €/L","img":"https://fd9-photos.leclercdrive.fr/image.ashx?id=2917729&use=l&cat=p&typeid=i","cat":284915},{"id":267435,"n":"Matin+ Mandarine, Mangue Banane - 90cl","p":2.61,"u":"2,90 €/L","img":"https://fd9-photos.leclercdrive.fr/image.ashx?id=2917732&use=l&cat=p&typeid=i","cat":284915},{"id":267958,"n":"Burger de colin Pêche Océan Façon Fish & Chips 2x100g","p":1.99,"u":"9,95 €/KG","img":"https://fd9-photos.leclercdrive.fr/image.ashx?id=2953659&use=l&cat=p&typeid=i","cat":284344},{"id":267991,"n":"Jus d'orange sanguine Innocent 750ml","p":3.42,"u":"4,56 €/L","img":"https://fd9-photos.leclercdrive.fr/image.ashx?id=2935020&use=l&cat=p&typeid=i","cat":284521},{"id":268005,"n":"Jambon cru Serrano Aoste  4 tranches - 67g","p":2.62,"u":"39,10 €/KG","img":"https://fd9-photos.leclercdrive.fr/image.ashx?id=2939844&use=l&cat=p&typeid=i","cat":316007},{"id":268010,"n":"Skyr Délisse Vanille 4x100g","p":1.89,"u":"4,73 €/KG","img":"https://fd9-photos.leclercdrive.fr/image.ashx?id=2992606&use=l&cat=p&typeid=i","cat":315000},{"id":268029,"n":"Culottes Pampers Baby-dry Pants Taille 7 - x29","p":14.53,"u":"0,50 €/P","img":"https://fd9-photos.leclercdrive.fr/image.ashx?id=2919934&use=l&cat=p&typeid=i","cat":290633},{"id":268030,"n":"Culottes Pampers Premium Protection Pants - Taille 4 x31","p":15.68,"u":"0,51 €/P","img":"https://fd9-photos.leclercdrive.fr/image.ashx?id=2919937&use=l&cat=p&typeid=i","cat":290633},{"id":268033,"n":"Couches Pampers Harmonie Taille 2 - x50","p":15.68,"u":"0,31 €/P","img":"https://fd9-photos.leclercdrive.fr/image.ashx?id=2919940&use=l&cat=p&typeid=i","cat":284737},{"id":268038,"n":"Couches Pampers Baby-dry Taille 4 - x43","p":14.53,"u":"0,34 €/P","img":"https://fd9-photos.leclercdrive.fr/image.ashx?id=2942003&use=l&cat=p&typeid=i","cat":284737},{"id":268039,"n":"Couches Pampers Baby-Dry Taille 5 - x38","p":15.41,"u":"0,41 €/P","img":"https://fd9-photos.leclercdrive.fr/image.ashx?id=2919976&use=l&cat=p&typeid=i","cat":284737},{"id":268041,"n":"Couches Pampers Baby-Dry Taille 2 - x56","p":15.68,"u":"0,28 €/P","img":"https://fd9-photos.leclercdrive.fr/image.ashx?id=2919982&use=l&cat=p&typeid=i","cat":284737},{"id":268042,"n":"Culottes Pampers Baby-Dry Pants Taille 5 - x36","p":15.68,"u":"0,44 €/P","img":"https://fd9-photos.leclercdrive.fr/image.ashx?id=2920006&use=l&cat=p&typeid=i","cat":290633},{"id":268043,"n":"Les p'tits croqs Notre jardin Légumes du soleil Emmental 280g","p":2.49,"u":"8,89 €/KG","img":"https://fd9-photos.leclercdrive.fr/image.ashx?id=2918526&use=l&cat=p&typeid=i","cat":319802},{"id":268046,"n":"Les p'tits croqs Notre jardin Épinards mozzarella 280g","p":2.49,"u":"8,89 €/KG","img":"https://fd9-photos.leclercdrive.fr/image.ashx?id=2918529&use=l&cat=p&typeid=i","cat":319802},{"id":268050,"n":"Couches Pampers Baby-Dry Taille 6 - x33","p":15.67,"u":"0,47 €/P","img":"https://fd9-photos.leclercdrive.fr/image.ashx?id=2941994&use=l&cat=p&typeid=i","cat":284737},{"id":268052,"n":"Couches Pampers Baby-Dry Taille 5+ - x35","p":15.47,"u":"0,44 €/P","img":"https://fd9-photos.leclercdrive.fr/image.ashx?id=2942006&use=l&cat=p&typeid=i","cat":284737},{"id":268054,"n":"Couches Pampers Baby-Dry Taille 3 - x50","p":14.25,"u":"0,29 €/P","img":"https://fd9-photos.leclercdrive.fr/image.ashx?id=2919988&use=l&cat=p&typeid=i","cat":284737},{"id":268057,"n":"Couches Pampers Premium Protection Taille 2 - x54","p":15.68,"u":"0,29 €/P","img":"https://fd9-photos.leclercdrive.fr/image.ashx?id=2957392&use=l&cat=p&typeid=i","cat":284737},{"id":268059,"n":"Couches Pampers Harmonie Taille 4 - x36","p":15.68,"u":"0,44 €/P","img":"https://fd9-photos.leclercdrive.fr/image.ashx?id=2941976&use=l&cat=p&typeid=i","cat":284737},{"id":268063,"n":"Culottes Pampers Night Pants Taille 4 - x40","p":15.68,"u":"0,39 €/P","img":"https://fd9-photos.leclercdrive.fr/image.ashx?id=2919949&use=l&cat=p&typeid=i","cat":290633},{"id":268175,"n":"Culottes Pampers Night Pants Taille 5 - x35","p":15.07,"u":"0,43 €/P","img":"https://fd9-photos.leclercdrive.fr/image.ashx?id=2919955&use=l&cat=p&typeid=i","cat":290633},{"id":268179,"n":"Culottes Pampers Premium Protection Pants - Taille 5 x29","p":15.68,"u":"0,54 €/P","img":"https://fd9-photos.leclercdrive.fr/image.ashx?id=3009245&use=l&cat=p&typeid=i","cat":290633},{"id":268180,"n":"Culottes Pampers Premium Protection Pants - Taille 6 x27","p":15.68,"u":"0,58 €/P","img":"https://fd9-photos.leclercdrive.fr/image.ashx?id=3009248&use=l&cat=p&typeid=i","cat":290633},{"id":268182,"n":"Couches Pampers Baby-Dry Géant - Taille 8 - x28","p":15.47,"u":"0,55 €/P","img":"https://fd9-photos.leclercdrive.fr/image.ashx?id=2941979&use=l&cat=p&typeid=i","cat":284737},{"id":268185,"n":"Couches Pampers Baby-Dry Taille 4+ - x39","p":15.34,"u":"0,39 €/P","img":"https://fd9-photos.leclercdrive.fr/image.ashx?id=2941997&use=l&cat=p&typeid=i","cat":284737},{"id":268186,"n":"Couches Pmapers Premium Protection - Taille 4 x38","p":15.68,"u":"0,41 €/P","img":"https://fd9-photos.leclercdrive.fr/image.ashx?id=2919994&use=l&cat=p&typeid=i","cat":284737},{"id":268187,"n":"Couches Pampers Premium Protection - Taille 6 x29","p":15.68,"u":"0,54 €/P","img":"https://fd9-photos.leclercdrive.fr/image.ashx?id=2919997&use=l&cat=p&typeid=i","cat":284737},{"id":268189,"n":"Couches Pampers Premium Protection Taille 3 x46","p":15.68,"u":"0,34 €/P","img":"https://fd9-photos.leclercdrive.fr/image.ashx?id=2991009&use=l&cat=p&typeid=i","cat":284737},{"id":268190,"n":"Couches Pampers Premium Protection Taille 5 x33","p":15.68,"u":"0,48 €/P","img":"https://fd9-photos.leclercdrive.fr/image.ashx?id=2991012&use=l&cat=p&typeid=i","cat":284737},{"id":268191,"n":"Culottes Pampers Baby-Dry Pants Taille 6 - x31","p":15.68,"u":"0,51 €/P","img":"https://fd9-photos.leclercdrive.fr/image.ashx?id=2920009&use=l&cat=p&typeid=i","cat":290633},{"id":268192,"n":"Culottes Pampers Baby-Dry Pants Taille 4 - x41","p":15.68,"u":"0,38 €/P","img":"https://fd9-photos.leclercdrive.fr/image.ashx?id=2920012&use=l&cat=p&typeid=i","cat":290633},{"id":268231,"n":"Penne Rigate Barilla  Protein + - 400g","p":2.01,"u":"5,03 €/KG","img":"https://fd9-photos.leclercdrive.fr/image.ashx?id=2919928&use=l&cat=p&typeid=i","cat":284427},{"id":268234,"n":"Spaghetti Barilla  Protein + - 400g","p":2.01,"u":"5,03 €/KG","img":"https://fd9-photos.leclercdrive.fr/image.ashx?id=2919931&use=l&cat=p&typeid=i","cat":284427},{"id":268236,"n":"Fusilli Barilla  Protein + - 400g","p":2.15,"u":"5,38 €/KG","img":"https://fd9-photos.leclercdrive.fr/image.ashx?id=2919925&use=l&cat=p&typeid=i","cat":284427},{"id":268345,"n":"Biscuits fourrés BN Chocolat caramel - x3 - 855g","p":6.44,"u":"7,53 €/KG","img":"https://fd9-photos.leclercdrive.fr/image.ashx?id=2921474&use=l&cat=p&typeid=i","cat":284488},{"id":268347,"n":"Pétales snacks Tokapi Goût crème oignon - 75g","p":0.89,"u":"11,87 €/KG","img":"https://fd9-photos.leclercdrive.fr/image.ashx?id=2920241&use=l&cat=p&typeid=i","cat":284449},{"id":268384,"n":"Côte échine de porc L'Atelier Boucherie x2 - 350g","p":2.97,"u":"8,49 €/KG","img":"https://fd9-photos.leclercdrive.fr/image.ashx?id=2935573&use=l&cat=p&typeid=i","cat":284331},{"id":268465,"n":"Pepsi pack de 6 canettes  6x33cl","p":3.08,"u":"1,56 €/L","img":"https://fd9-photos.leclercdrive.fr/image.ashx?id=2921540&use=l&cat=p&typeid=i","cat":284530},{"id":268468,"n":"Thé glacé Lipton Framboise  1.75L","p":2.15,"u":"1,23 €/L","img":"https://fd9-photos.leclercdrive.fr/image.ashx?id=2921103&use=l&cat=p&typeid=i","cat":295019},{"id":268514,"n":"Dentifrice Oral B Expert Blanchiment doux 3x75ml","p":6.59,"u":"4,39 €/L","img":"https://fd9-photos.leclercdrive.fr/image.ashx?id=2920889&use=l&cat=p&typeid=i","cat":284612},{"id":268727,"n":"Crème dessert Bio Bio village Chocolat - 4x95g","p":0.96,"u":"2,53 €/KG","img":"https://fd9-photos.leclercdrive.fr/image.ashx?id=2992645&use=l&cat=p&typeid=i","cat":326550},{"id":268757,"n":"Couches Pampers Harmonie Taille 4 - x78 9kg","p":45.98,"u":"5,11 €/KG","img":"https://fd9-photos.leclercdrive.fr/image.ashx?id=2920963&use=l&cat=p&typeid=i","cat":284737},{"id":268765,"n":"Dentifrice Oral B Pro Expert Dents sensibles - 3x75ml","p":9.42,"u":"41,87 €/L","img":"https://fd9-photos.leclercdrive.fr/image.ashx?id=2920966&use=l&cat=p&typeid=i","cat":284612},{"id":268818,"n":"Pampers Baby Dry Taille 4 - x94","p":34.9,"u":"0,37 €/P","img":"https://fd9-photos.leclercdrive.fr/image.ashx?id=2922272&use=l&cat=p&typeid=i","cat":290633},{"id":268821,"n":"Couches Pampers Baby Dry x98","p":38.02,"u":"0,39 €/P","img":"https://fd9-photos.leclercdrive.fr/image.ashx?id=2922278&use=l&cat=p&typeid=i","cat":284737},{"id":268832,"n":"Couches Pampers Premium Taille 3 - x112","p":44.14,"u":"0,39 €/P","img":"https://fd9-photos.leclercdrive.fr/image.ashx?id=2922251&use=l&cat=p&typeid=i","cat":284737},{"id":268834,"n":"Couches Pampers Premium  Taille 6 - x70","p":45.98,"u":"0,66 €/P","img":"https://fd9-photos.leclercdrive.fr/image.ashx?id=2922254&use=l&cat=p&typeid=i","cat":284737},{"id":268835,"n":"Couches Pampers  Premium protection Taille 5 x80","p":32.19,"u":"0,40 €/P","img":"https://fd9-photos.leclercdrive.fr/image.ashx?id=2922257&use=l&cat=p&typeid=i","cat":284737},{"id":268837,"n":"Couches Pampers Protection Taille 4 - x90","p":34.1,"u":"0,38 €/P","img":"https://fd9-photos.leclercdrive.fr/image.ashx?id=2922260&use=l&cat=p&typeid=i","cat":284737},{"id":268886,"n":"Huile moteur Quartz Inéo 0W30 - 5L","p":55.9,"pp":39.13,"u":"7,83 €/L","img":"https://fd9-photos.leclercdrive.fr/image.ashx?id=2920957&use=l&cat=p&typeid=i","cat":298253},{"id":268982,"n":"Crêpes choco max Whaou! Crazy x6 - 180g","p":2.32,"u":"12,89 €/KG","img":"https://fd9-photos.leclercdrive.fr/image.ashx?id=2921723&use=l&cat=p&typeid=i","cat":284494},{"id":269044,"n":"Capsules de café Espresso  L'OR Supremo x40+10 - 260g","p":11.32,"u":"43,54 €/KG","img":"https://fd9-photos.leclercdrive.fr/image.ashx?id=2924932&use=l&cat=p&typeid=i","cat":284749},{"id":269137,"n":"Roquefort AOP Société douceur 100g","p":2.3,"u":"23,00 €/KG","img":"https://fd9-photos.leclercdrive.fr/image.ashx?id=2922539&use=l&cat=p&typeid=i","cat":314032},{"id":269150,"n":"Capsules de Café KitKat Dolce Gusto x16","p":5.17,"u":"0,32 €/P","img":"https://fd9-photos.leclercdrive.fr/image.ashx?id=2924893&use=l&cat=p&typeid=i","cat":293239},{"id":269176,"n":"Lessive liquide Skip  Peaux sensiles - 1,554L","p":13.12,"u":"8,44 €/L","img":"https://fd9-photos.leclercdrive.fr/image.ashx?id=2985669&use=l&cat=p&typeid=i","cat":284640},{"id":269335,"n":"Déodorant Adidas Pure game - 150ml","p":3.15,"u":"21,00 €/L","img":"https://fd9-photos.leclercdrive.fr/image.ashx?id=2924290&use=l&cat=p&typeid=i","cat":284618},{"id":269337,"n":"Spray repulsif Primoplast Moustiques - 100ml","p":4.5,"u":"45,00 €/L","img":"https://fd9-photos.leclercdrive.fr/image.ashx?id=2958353&use=l&cat=p&typeid=i","cat":299654},{"id":269504,"n":"Fromage Leerdammer Croque Gourmand 8 tranches - 200g","p":1.91,"u":"9,55 €/KG","img":"https://fd9-photos.leclercdrive.fr/image.ashx?id=3004858&use=l&cat=p&typeid=i","cat":314028},{"id":269571,"n":"Comté AOP affiné 10 mois Nos Régions ont du Talent 200g","p":3.69,"u":"18,45 €/KG","img":"https://fd9-photos.leclercdrive.fr/image.ashx?id=2923408&use=l&cat=p&typeid=i","cat":314034},{"id":269584,"n":"Ginger shot Jafaden 15cl","p":0.69,"u":"4,60 €/L","img":"https://fd9-photos.leclercdrive.fr/image.ashx?id=2923405&use=l&cat=p&typeid=i","cat":284915},{"id":269812,"n":"Gel nettoyant Garnier  Booster d'éclat - 250ml","p":5.8,"u":"23,20 €/L","img":"https://fd9-photos.leclercdrive.fr/image.ashx?id=2954241&use=l&cat=p&typeid=i","cat":284603},{"id":269844,"n":"Morceaux de sucre Saint Louis 1kg","p":2.63,"u":"2,63 €/KG","img":"https://fd9-photos.leclercdrive.fr/image.ashx?id=2926347&use=l&cat=p&typeid=i","cat":284502},{"id":269912,"n":"P'tit gourmand Nestlé  Vanille - 4x100g","p":1.6,"u":"4,00 €/KG","img":"https://fd9-photos.leclercdrive.fr/image.ashx?id=2946278&use=l&cat=p&typeid=i","cat":312392},{"id":270173,"n":"Bâtonnets Nuii Pistache d'Anatolie crème x4 284g","p":4.77,"u":"16,80 €/KG","img":"https://fd9-photos.leclercdrive.fr/image.ashx?id=2927630&use=l&cat=p&typeid=i","cat":284265},{"id":270198,"n":"Barres enfants P'tit Déli  Petales chocolats - 120g","p":1.48,"u":"12,33 €/KG","img":"https://fd9-photos.leclercdrive.fr/image.ashx?id=2926173&use=l&cat=p&typeid=i","cat":300032},{"id":270212,"n":"Bâtonnets Nuii chocolat noir Noix du Brésil x4 276g","p":4.86,"u":"17,61 €/KG","img":"https://fd9-photos.leclercdrive.fr/image.ashx?id=3000396&use=l&cat=p&typeid=i","cat":284265},{"id":270221,"n":"Collagène intense  Vitavea 50g","p":13.62,"u":"272,40 €/KG","img":"https://fd9-photos.leclercdrive.fr/image.ashx?id=2928699&use=l&cat=p&typeid=i","cat":313217},{"id":270365,"n":"Filets maquereaux Petit Navire Sauce catalane - 169g","p":1.72,"u":"10,18 €/KG","img":"https://fd9-photos.leclercdrive.fr/image.ashx?id=3010834&use=l&cat=p&typeid=i","cat":303868},{"id":270473,"n":"Dessert lacté Nestlé Biscuit dès 6mois - 4x100g","p":1.6,"u":"4,00 €/KG","img":"https://fd9-photos.leclercdrive.fr/image.ashx?id=2934914&use=l&cat=p&typeid=i","cat":312392},{"id":270608,"n":"Barre patissière P'tit Déli 800g","p":1.65,"u":"2,06 €/KG","img":"https://fd9-photos.leclercdrive.fr/image.ashx?id=2074379&use=l&cat=p&typeid=i","cat":326550},{"id":270661,"n":"Ferments lactiques Vahiné Pour yahourt maison -20g","p":3.37,"u":"168,50 €/KG","img":"https://fd9-photos.leclercdrive.fr/image.ashx?id=2930069&use=l&cat=p&typeid=i","cat":284505},{"id":270766,"n":"Eau aromatisée Vittel Aro Fraise framboise - 1L","p":1.19,"u":"1,19 €/L","img":"https://fd9-photos.leclercdrive.fr/image.ashx?id=2940624&use=l&cat=p&typeid=i","cat":284537},{"id":270767,"n":"Eau aromatisée Vittel Aro Fraise framboise - 4x50cl","p":3.28,"u":"3,28 €/L","img":"https://fd9-photos.leclercdrive.fr/image.ashx?id=2940621&use=l&cat=p&typeid=i","cat":284537},{"id":270768,"n":"Eau aromatisée Vittel Aro Pêche abricot - 1L","p":1.19,"u":"1,19 €/L","img":"https://fd9-photos.leclercdrive.fr/image.ashx?id=2940627&use=l&cat=p&typeid=i","cat":284537},{"id":270776,"n":"Ferments lactiques Vahiné Pour yaourt maison - 16g","p":2.47,"u":"154,38 €/KG","img":"https://fd9-photos.leclercdrive.fr/image.ashx?id=2930063&use=l&cat=p&typeid=i","cat":284505},{"id":270896,"n":"Guacamole Extra Tables du Monde 175g","p":2.59,"u":"14,80 €/KG","img":"https://fd9-photos.leclercdrive.fr/image.ashx?id=2930727&use=l&cat=p&typeid=i","cat":315999},{"id":270897,"n":"Houmous citron menthe Tables du Monde - 175g","p":1.97,"u":"11,26 €/KG","img":"https://fd9-photos.leclercdrive.fr/image.ashx?id=2930730&use=l&cat=p&typeid=i","cat":315999},{"id":270901,"n":"Fromager échalotes et herbes Savour 140g","p":2.39,"u":"17,07 €/KG","img":"https://fd9-photos.leclercdrive.fr/image.ashx?id=2992615&use=l&cat=p&typeid=i","cat":315999},{"id":270989,"n":"Barre P'tit Déli Boules choco - 120g","p":1.48,"u":"12,33 €/KG","img":"https://fd9-photos.leclercdrive.fr/image.ashx?id=2930132&use=l&cat=p&typeid=i","cat":300032},{"id":271239,"n":"Chocolat Rocher Poulain Lait - 7x32g","p":3.52,"u":"15,71 €/KG","img":"https://fd9-photos.leclercdrive.fr/image.ashx?id=2937409&use=l&cat=p&typeid=i","cat":284499},{"id":271240,"n":"Rocher Poulain Chocolat noir - x7 - 224g","p":3.92,"u":"17,50 €/KG","img":"https://fd9-photos.leclercdrive.fr/image.ashx?id=2963463&use=l&cat=p&typeid=i","cat":284499},{"id":271277,"n":"Preparation crème glacée Vanille bourbon - 200g","p":3.19,"u":"15,95 €/KG","img":"https://fd9-photos.leclercdrive.fr/image.ashx?id=2936332&use=l&cat=p&typeid=i","cat":284505},{"id":271284,"n":"Préparation creme glacée Vahiné Chocolat noir - 210g","p":3.19,"u":"15,19 €/KG","img":"https://fd9-photos.leclercdrive.fr/image.ashx?id=2936335&use=l&cat=p&typeid=i","cat":284505},{"id":271285,"n":"Pepites de chocolat Vahiné  Brownies - 310g","p":3.11,"u":"10,03 €/KG","img":"https://fd9-photos.leclercdrive.fr/image.ashx?id=2936320&use=l&cat=p&typeid=i","cat":284505},{"id":271311,"n":"Roquefort AOP Société douceur 100g","p":1.9,"u":"19,00 €/KG","img":"https://fd9-photos.leclercdrive.fr/image.ashx?id=2922539&use=l&cat=p&typeid=i","cat":326550},{"id":271449,"n":"Cookies chunks Vahiné 3 chocolats - 330g","p":3.37,"u":"10,21 €/KG","img":"https://fd9-photos.leclercdrive.fr/image.ashx?id=2936329&use=l&cat=p&typeid=i","cat":284505},{"id":271465,"n":"Préparation Vahiné  gaufres pancakes crepes - 240g","p":2.67,"u":"11,13 €/KG","img":"https://fd9-photos.leclercdrive.fr/image.ashx?id=2936323&use=l&cat=p&typeid=i","cat":284505},{"id":271466,"n":"Préparation Vahiné Cookies muffins cake - 300g","p":2.69,"u":"8,97 €/KG","img":"https://fd9-photos.leclercdrive.fr/image.ashx?id=2936326&use=l&cat=p&typeid=i","cat":284505},{"id":271496,"n":"Choux de bruxelles  530g","p":1.75,"u":"3,30 €/KG","img":"https://fd9-photos.leclercdrive.fr/image.ashx?id=2931956&use=l&cat=p&typeid=i","cat":312611},{"id":271503,"n":"Jus de betterave Jardin Bio Bio 75cl","p":3.61,"u":"4,81 €/L","img":"https://fd9-photos.leclercdrive.fr/image.ashx?id=2937214&use=l&cat=p&typeid=i","cat":284915},{"id":271513,"n":"Ramen Tables du Monde 362g","p":2.47,"u":"6,82 €/KG","img":"https://fd9-photos.leclercdrive.fr/image.ashx?id=2931974&use=l&cat=p&typeid=i","cat":288992},{"id":271515,"n":"Ramen Tables du Monde Boeuf - 362g","p":2.47,"u":"6,82 €/KG","img":"https://fd9-photos.leclercdrive.fr/image.ashx?id=2931977&use=l&cat=p&typeid=i","cat":288992},{"id":271881,"n":"Crème dessert Vahiné à la  vanille de Bourbon - 300g","p":2.59,"u":"8,63 €/KG","img":"https://fd9-photos.leclercdrive.fr/image.ashx?id=2936338&use=l&cat=p&typeid=i","cat":284505},{"id":271967,"n":"Déodorant spray Adidas After sport 150ml","p":2.66,"u":"17,73 €/L","img":"https://fd9-photos.leclercdrive.fr/image.ashx?id=2937367&use=l&cat=p&typeid=i","cat":284618},{"id":271971,"n":"Déodorant bille Sanex Natur  Protect Aloe vera 50ml","p":4.17,"u":"83,40 €/L","img":"https://fd9-photos.leclercdrive.fr/image.ashx?id=2938310&use=l&cat=p&typeid=i","cat":284595},{"id":271995,"n":"Dentifrice Sensodyne  Sensibilité & gencives 75ml","p":5.18,"u":"69,07 €/L","img":"https://fd9-photos.leclercdrive.fr/image.ashx?id=2937799&use=l&cat=p&typeid=i","cat":284612},{"id":271998,"n":"Dentifrice Sensodyne Multi-protection 75ml","p":5.18,"u":"69,07 €/L","img":"https://fd9-photos.leclercdrive.fr/image.ashx?id=2937802&use=l&cat=p&typeid=i","cat":284612},{"id":271999,"n":"Soin douche Le Petit  Marseillais Lait d'avoine 400ml","p":3.19,"u":"7,98 €/L","img":"https://fd9-photos.leclercdrive.fr/image.ashx?id=2937298&use=l&cat=p&typeid=i","cat":284594},{"id":272001,"n":"Soin douche Le Petit Marseillais Lait de riz 400ml","p":3.09,"u":"7,73 €/L","img":"https://fd9-photos.leclercdrive.fr/image.ashx?id=2937301&use=l&cat=p&typeid=i","cat":284594},{"id":272116,"n":"Chips Savour Poivre noir - 120g","p":1.65,"u":"13,75 €/KG","img":"https://fd9-photos.leclercdrive.fr/image.ashx?id=2933470&use=l&cat=p&typeid=i","cat":284447},{"id":272145,"n":"Latté Kitkat Nescafé  273g","p":4.95,"u":"18,13 €/KG","img":"https://fd9-photos.leclercdrive.fr/image.ashx?id=2952178&use=l&cat=p&typeid=i","cat":284843},{"id":272349,"n":"Sérum visage Nivea Anti-age  30ml","p":25.41,"u":"847,00 €/L","img":"https://fd9-photos.leclercdrive.fr/image.ashx?id=2991304&use=l&cat=p&typeid=i","cat":325345},{"id":272699,"n":"Barres céréales Kellogg's Choco Corn Flakes x6 - 144g","p":1.85,"u":"12,85 €/KG","img":"https://fd9-photos.leclercdrive.fr/image.ashx?id=2941071&use=l&cat=p&typeid=i","cat":300032},{"id":272702,"n":"Céréales Trésor Kellogg's  Choco Brownie - 375g","p":3.23,"u":"8,61 €/KG","img":"https://fd9-photos.leclercdrive.fr/image.ashx?id=2938821&use=l&cat=p&typeid=i","cat":309513},{"id":272705,"n":"Chips Tuiles Pringles Cream Cheese et Herbes-165g","p":2.44,"u":"14,79 €/KG","img":"https://fd9-photos.leclercdrive.fr/image.ashx?id=2941065&use=l&cat=p&typeid=i","cat":287899},{"id":272707,"n":"Chips Tuiles Pringles Hot Fried Chicken-160g","p":2.44,"u":"15,25 €/KG","img":"https://fd9-photos.leclercdrive.fr/image.ashx?id=2941068&use=l&cat=p&typeid=i","cat":287899},{"id":272977,"n":"Surligneurs Stabilo Boss original x7","p":7.9,"img":"https://fd9-photos.leclercdrive.fr/image.ashx?id=2938800&use=l&cat=p&typeid=i","cat":284696},{"id":273444,"n":"Riz Taureau Ailé 2x500g","p":3.15,"u":"3,15 €/KG","img":"https://fd9-photos.leclercdrive.fr/image.ashx?id=2963745&use=l&cat=p&typeid=i","cat":284428},{"id":273455,"n":"Recharges Touch & Fresh Glade Marine 2+1 30ml","p":6.03,"u":"201,00 €/L","img":"https://fd9-photos.leclercdrive.fr/image.ashx?id=2964538&use=l&cat=p&typeid=i","cat":311628},{"id":273456,"n":"Recharges Touch & Fresh Muguet 2+1 - 30ml","p":6.03,"u":"201,00 €/L","img":"https://fd9-photos.leclercdrive.fr/image.ashx?id=2963859&use=l&cat=p&typeid=i","cat":311628},{"id":273520,"n":"Pizza XXL Turini Jambon Fromage - 550g","p":2.84,"u":"5,16 €/KG","img":"https://fd9-photos.leclercdrive.fr/image.ashx?id=2905937&use=l&cat=p&typeid=i","cat":326550},{"id":273540,"n":"Pur Jus Clémentine  Corse - 1L","p":2.99,"u":"2,99 €/L","img":"https://fd9-photos.leclercdrive.fr/image.ashx?id=2941315&use=l&cat=p&typeid=i","cat":284915},{"id":273729,"n":"Crêpes cola Whaou! Crazy x6 - 180g","p":1.93,"u":"10,72 €/KG","img":"https://fd9-photos.leclercdrive.fr/image.ashx?id=2962872&use=l&cat=p&typeid=i","cat":284494},{"id":273844,"n":"Duo de petits récipients Monbento - 2x100ml","p":11.0,"img":"https://fd9-photos.leclercdrive.fr/image.ashx?id=2943009&use=l&cat=p&typeid=i","cat":334134},{"id":273845,"n":"Gourde aluminium Monbento 650ml","p":15.0,"img":"https://fd9-photos.leclercdrive.fr/image.ashx?id=3005742&use=l&cat=p&typeid=i","cat":284710},{"id":273852,"n":"Sac repas Monbento x1","p":20.0,"img":"https://fd9-photos.leclercdrive.fr/image.ashx?id=3005730&use=l&cat=p&typeid=i","cat":313597},{"id":273854,"n":"Boîte repas Monbento 2 étages - x1","p":38.0,"img":"https://fd9-photos.leclercdrive.fr/image.ashx?id=3005787&use=l&cat=p&typeid=i","cat":284710},{"id":273855,"n":"Mug isotherme Monbento 500ml","p":25.0,"img":"https://fd9-photos.leclercdrive.fr/image.ashx?id=3005733&use=l&cat=p&typeid=i","cat":284710},{"id":273859,"n":"Boîte repas Monbento 1 étage","p":28.0,"img":"https://fd9-photos.leclercdrive.fr/image.ashx?id=3005745&use=l&cat=p&typeid=i","cat":284710},{"id":273864,"n":"Capsules lave-vaisselle Finish Ultimate - x57 - 735g","p":11.88,"pp":7.13,"u":"9,70 €/KG","img":"https://fd9-photos.leclercdrive.fr/image.ashx?id=3011593&use=l&cat=p&typeid=i","cat":284656},{"id":273924,"n":"Pur jus de pomme bio Bio Village 90cl","p":1.99,"u":"2,21 €/L","img":"https://fd9-photos.leclercdrive.fr/image.ashx?id=3014311&use=l&cat=p&typeid=i","cat":284354},{"id":273931,"n":"Pur jus d'orange bio Bio Village 90cl","p":2.85,"u":"3,17 €/L","img":"https://fd9-photos.leclercdrive.fr/image.ashx?id=3003756&use=l&cat=p&typeid=i","cat":284354},{"id":273983,"n":"Carottes baie du Mont St-Michel Nos Régions ont du Talent 1kg","p":1.99,"u":"1,99 €/KG","img":"https://fd9-photos.leclercdrive.fr/image.ashx?id=2943024&use=l&cat=p&typeid=i","cat":284352},{"id":274343,"n":"Café dosettes Tassimo Milka x10","p":4.99,"u":"31,19 €/KG","img":"https://fd9-photos.leclercdrive.fr/image.ashx?id=2944461&use=l&cat=p&typeid=i","cat":293240},{"id":274347,"n":"Sauté de veau William Saurin Legumes - 280g","p":3.23,"u":"11,54 €/KG","img":"https://fd9-photos.leclercdrive.fr/image.ashx?id=2943984&use=l&cat=p&typeid=i","cat":284953},{"id":274419,"n":"Pain au lait La Boulangère  Pepites de chocolats - 280g","p":2.45,"u":"8,75 €/KG","img":"https://fd9-photos.leclercdrive.fr/image.ashx?id=2944879&use=l&cat=p&typeid=i","cat":294673},{"id":274421,"n":"Compotes Pom'Potes Pomme  Poire Banane - x4 - 360g","p":2.39,"u":"6,64 €/KG","img":"https://fd9-photos.leclercdrive.fr/image.ashx?id=2949826&use=l&cat=p&typeid=i","cat":284508},{"id":274422,"n":"Compotes Pom'Potes Pomme  Fraise Cerise - x4 - 360g","p":2.18,"u":"6,06 €/KG","img":"https://fd9-photos.leclercdrive.fr/image.ashx?id=3010921&use=l&cat=p&typeid=i","cat":284508},{"id":274426,"n":"Compotes Pom'Potes Pomme  Framboise Citron vert x4 - 360g","p":2.15,"u":"5,97 €/KG","img":"https://fd9-photos.leclercdrive.fr/image.ashx?id=2943813&use=l&cat=p&typeid=i","cat":284508},{"id":274428,"n":"Compotes Pom'Potes Pomme Ananas Orange/Citron - x12 - 1.08kg","p":5.77,"u":"5,34 €/KG","img":"https://fd9-photos.leclercdrive.fr/image.ashx?id=3010963&use=l&cat=p&typeid=i","cat":284508},{"id":274430,"n":"Compotes Pom'Potes Les P'tits Explorateurs - x20 - 1.8kg","p":8.22,"u":"4,57 €/KG","img":"https://fd9-photos.leclercdrive.fr/image.ashx?id=2943825&use=l&cat=p&typeid=i","cat":284508},{"id":274500,"n":"Brioche tranchée La Boulangère 450g","p":1.86,"u":"4,13 €/KG","img":"https://fd9-photos.leclercdrive.fr/image.ashx?id=2944882&use=l&cat=p&typeid=i","cat":285529},{"id":274505,"n":"Yaourt à la Grecque Danone Vanille -4x110g","p":2.39,"u":"5,43 €/KG","img":"https://fd9-photos.leclercdrive.fr/image.ashx?id=2992738&use=l&cat=p&typeid=i","cat":314999},{"id":274506,"n":"Yaourt à la Grecque Danone Nature  - 4x110g","p":1.86,"u":"4,23 €/KG","img":"https://fd9-photos.leclercdrive.fr/image.ashx?id=2992732&use=l&cat=p&typeid=i","cat":314999},{"id":274509,"n":"Yaourt à la Grecque Danone Fraise - 4x110g","p":2.42,"u":"5,50 €/KG","img":"https://fd9-photos.leclercdrive.fr/image.ashx?id=2992729&use=l&cat=p&typeid=i","cat":314999},{"id":274526,"n":"Capsules lave-vaisselle Finish Ultimate Plus - Citron - 573g","p":11.88,"pp":7.13,"u":"12,44 €/KG","img":"https://fd9-photos.leclercdrive.fr/image.ashx?id=2945646&use=l&cat=p&typeid=i","cat":284656},{"id":274528,"n":"Capsules lave-vaisselle Finish Quantum - Citron - 707g x68","p":11.88,"pp":7.13,"u":"10,08 €/KG","img":"https://fd9-photos.leclercdrive.fr/image.ashx?id=2945643&use=l&cat=p&typeid=i","cat":284656},{"id":274530,"n":"Capsules lave-vaisselle Finish Ultimate - Citron - 735g x57","p":11.88,"pp":7.13,"u":"9,70 €/KG","img":"https://fd9-photos.leclercdrive.fr/image.ashx?id=2945649&use=l&cat=p&typeid=i","cat":284656},{"id":274531,"n":"Capsules lave-vaisselle Finish Ultimate Plus Bicarbonate 268g","p":7.01,"u":"26,16 €/KG","img":"https://fd9-photos.leclercdrive.fr/image.ashx?id=2945652&use=l&cat=p&typeid=i","cat":284656},{"id":274541,"n":"Yaourt à la Grecque Danone Stracciatella - 4x110g","p":2.41,"u":"5,48 €/KG","img":"https://fd9-photos.leclercdrive.fr/image.ashx?id=2992735&use=l&cat=p&typeid=i","cat":314999},{"id":274554,"n":"Yaourt à la Grecque Danone Citron - 4x110g","p":2.44,"u":"5,55 €/KG","img":"https://fd9-photos.leclercdrive.fr/image.ashx?id=2992744&use=l&cat=p&typeid=i","cat":314999},{"id":274555,"n":"Yaourt à la Grecque Danone Caramel - 4x110g","p":2.44,"u":"5,55 €/KG","img":"https://fd9-photos.leclercdrive.fr/image.ashx?id=2992741&use=l&cat=p&typeid=i","cat":314999},{"id":274559,"n":"Yaourt à la Grecque Danone Coco - 4x110g","p":2.44,"u":"5,55 €/KG","img":"https://fd9-photos.leclercdrive.fr/image.ashx?id=3010990&use=l&cat=p&typeid=i","cat":314999},{"id":274571,"n":"Skyr protéiné Danone nature 0% MG - 825g","p":4.59,"u":"5,56 €/KG","img":"https://fd9-photos.leclercdrive.fr/image.ashx?id=2951028&use=l&cat=p&typeid=i","cat":315000},{"id":274593,"n":"Danone Skyr nature  x4 - 400g","p":2.05,"u":"5,13 €/KG","img":"https://fd9-photos.leclercdrive.fr/image.ashx?id=2960654&use=l&cat=p&typeid=i","cat":315000},{"id":274596,"n":"Danone Skyr nature  x8 - 800g","p":3.13,"u":"3,91 €/KG","img":"https://fd9-photos.leclercdrive.fr/image.ashx?id=2960657&use=l&cat=p&typeid=i","cat":315000},{"id":274977,"n":"Lingettes Carolin Multi-usages  x80","p":3.25,"u":"0,04 €/P","img":"https://fd9-photos.leclercdrive.fr/image.ashx?id=2946562&use=l&cat=p&typeid=i","cat":325358},{"id":275024,"n":"Lingettes serpillières Carolin  Tous types de sols - x15","p":3.38,"u":"0,23 €/P","img":"https://fd9-photos.leclercdrive.fr/image.ashx?id=2946970&use=l&cat=p&typeid=i","cat":284907},{"id":275025,"n":"Lingettes serpillières Carolin  pour parquets - x15","p":3.7,"u":"0,25 €/P","img":"https://fd9-photos.leclercdrive.fr/image.ashx?id=2946973&use=l&cat=p&typeid=i","cat":284907},{"id":275040,"n":"Dentastix Light Pedigree  Grand chien - x7 - 152g","p":2.36,"u":"15,53 €/KG","img":"https://fd9-photos.leclercdrive.fr/image.ashx?id=2946625&use=l&cat=p&typeid=i","cat":294527},{"id":275041,"n":"Dentastix Light Pedigree  Moyen chien - x7 - 98g","p":1.57,"u":"16,02 €/KG","img":"https://fd9-photos.leclercdrive.fr/image.ashx?id=2946628&use=l&cat=p&typeid=i","cat":294527},{"id":275046,"n":"Dentastix Light Pedigree Petit chien - x7 - 58g","p":1.23,"u":"21,21 €/KG","img":"https://fd9-photos.leclercdrive.fr/image.ashx?id=2946631&use=l&cat=p&typeid=i","cat":294527},{"id":275203,"n":"Dessert lacté Ptit gourmand  Caramel - 4x10gg","p":1.6,"u":"4,00 €/KG","img":"https://fd9-photos.leclercdrive.fr/image.ashx?id=2978191&use=l&cat=p&typeid=i","cat":312392},{"id":275214,"n":"Curry  pois chiches Cassegrain A l'indienne - 430g","p":2.85,"u":"6,63 €/KG","img":"https://fd9-photos.leclercdrive.fr/image.ashx?id=2952490&use=l&cat=p&typeid=i","cat":287599},{"id":275217,"n":"Crème visage jour Nivea Anti-âge repulpant SPF30 50ml","p":12.99,"u":"259,80 €/L","img":"https://fd9-photos.leclercdrive.fr/image.ashx?id=3000815&use=l&cat=p&typeid=i","cat":325345},{"id":275218,"n":"Chili de haricots Cassegrain A la mexicaine - 430g","p":2.85,"u":"6,63 €/KG","img":"https://fd9-photos.leclercdrive.fr/image.ashx?id=2962125&use=l&cat=p&typeid=i","cat":287599},{"id":275222,"n":"Trio de poivrons Cassegrain Sarrasin - 375g","p":3.83,"u":"10,21 €/KG","img":"https://fd9-photos.leclercdrive.fr/image.ashx?id=2953459&use=l&cat=p&typeid=i","cat":287599},{"id":275224,"n":"Barre de céréales Lion 8x25g","p":2.83,"u":"14,15 €/KG","img":"https://fd9-photos.leclercdrive.fr/image.ashx?id=2947195&use=l&cat=p&typeid=i","cat":285869},{"id":275225,"n":"Barre de céréales Chocapic 8x25g","p":2.89,"u":"14,45 €/KG","img":"https://fd9-photos.leclercdrive.fr/image.ashx?id=2947198&use=l&cat=p&typeid=i","cat":285869},{"id":275236,"n":"Lingettes Carolin  Anti-bactériennes  - x80","p":3.28,"u":"0,04 €/P","img":"https://fd9-photos.leclercdrive.fr/image.ashx?id=2946964&use=l&cat=p&typeid=i","cat":325358},{"id":275238,"n":"Lingettes Carolin  Anti-bactériennes - x80","p":3.28,"u":"0,04 €/P","img":"https://fd9-photos.leclercdrive.fr/image.ashx?id=2946967&use=l&cat=p&typeid=i","cat":325358},{"id":275240,"n":"Lingettes Carolin Citron Ultra dégraissant - x80","p":3.41,"u":"0,04 €/P","img":"https://fd9-photos.leclercdrive.fr/image.ashx?id=2946976&use=l&cat=p&typeid=i","cat":325358},{"id":275245,"n":"Dentifrice Sensodyne Blancheur - 75ml","p":5.18,"u":"69,07 €/L","img":"https://fd9-photos.leclercdrive.fr/image.ashx?id=2947183&use=l&cat=p&typeid=i","cat":284612},{"id":275398,"n":"Saucisse Knacki Herta Sel réduit - x6 - 210g","p":2.35,"u":"11,19 €/KG","img":"https://fd9-photos.leclercdrive.fr/image.ashx?id=2948824&use=l&cat=p&typeid=i","cat":316012},{"id":275401,"n":"Knacki Gourmande Herta  100% pur porc x4 - 280g","p":2.59,"u":"9,25 €/KG","img":"https://fd9-photos.leclercdrive.fr/image.ashx?id=2948827&use=l&cat=p&typeid=i","cat":316012},{"id":275404,"n":"Shampooing Dop Hair Argan - 480ml","p":2.99,"u":"6,23 €/L","img":"https://fd9-photos.leclercdrive.fr/image.ashx?id=2955372&use=l&cat=p&typeid=i","cat":284606},{"id":275405,"n":"Shampooing Dop Hair Amande - 480ml","p":2.85,"u":"5,94 €/L","img":"https://fd9-photos.leclercdrive.fr/image.ashx?id=2955369&use=l&cat=p&typeid=i","cat":284606},{"id":275409,"n":"Shampooing Dop Hair Antipelliculaire - 480ml","p":2.85,"u":"5,94 €/L","img":"https://fd9-photos.leclercdrive.fr/image.ashx?id=2955375&use=l&cat=p&typeid=i","cat":284606},{"id":275412,"n":"Shampooing Dop Hair Oeufs - 480ml","p":2.85,"u":"5,94 €/L","img":"https://fd9-photos.leclercdrive.fr/image.ashx?id=2954773&use=l&cat=p&typeid=i","cat":284606},{"id":275507,"n":"Lait Le Petit Marseillais Nutrition Argan 400ml","p":4.05,"u":"10,13 €/L","img":"https://fd9-photos.leclercdrive.fr/image.ashx?id=2950333&use=l&cat=p&typeid=i","cat":325349},{"id":275509,"n":"Shampooing Dessange Couleur - 280ml","p":4.89,"u":"17,46 €/L","img":"https://fd9-photos.leclercdrive.fr/image.ashx?id=2955405&use=l&cat=p&typeid=i","cat":284606},{"id":275510,"n":"Shampooing Primoplast Anti-poux et lentes 125ml","p":4.73,"u":"37,84 €/L","img":"https://fd9-photos.leclercdrive.fr/image.ashx?id=2958359&use=l&cat=p&typeid=i","cat":299654},{"id":275520,"n":"Shampooing Timotei Purifiant & détox - 300ml","p":2.52,"u":"8,40 €/L","img":"https://fd9-photos.leclercdrive.fr/image.ashx?id=2950705&use=l&cat=p&typeid=i","cat":284606},{"id":275526,"n":"Lait de brushing Dessange Hydratant - 140ml","p":9.7,"u":"69,29 €/L","img":"https://fd9-photos.leclercdrive.fr/image.ashx?id=2955387&use=l&cat=p&typeid=i","cat":284608},{"id":275529,"n":"Soin cheveux Dessange Nutri-richesse - 110ml","p":6.83,"u":"62,09 €/L","img":"https://fd9-photos.leclercdrive.fr/image.ashx?id=2955390&use=l&cat=p&typeid=i","cat":284608},{"id":275608,"n":"Dentifrice Sensodyne Sensibilité quotidienne 2x75ml","p":6.15,"u":"41,00 €/L","img":"https://fd9-photos.leclercdrive.fr/image.ashx?id=2949571&use=l&cat=p&typeid=i","cat":284612},{"id":275609,"n":"Dentifrice Sensodyne Haleine extra fresh - 2x75ml","p":6.15,"u":"41,00 €/L","img":"https://fd9-photos.leclercdrive.fr/image.ashx?id=2949574&use=l&cat=p&typeid=i","cat":284612},{"id":275613,"n":"Lait hydratant Noix de coco Bio 400ml","p":4.96,"u":"12,40 €/L","img":"https://fd9-photos.leclercdrive.fr/image.ashx?id=2950327&use=l&cat=p&typeid=i","cat":325349},{"id":275614,"n":"Lait apaisant hydratation Aloe vera Bio - 400ml","p":7.47,"u":"18,68 €/L","img":"https://fd9-photos.leclercdrive.fr/image.ashx?id=2949535&use=l&cat=p&typeid=i","cat":325349},{"id":275617,"n":"Gel douche Ushuaïa Orchidée - 280ml","p":2.61,"u":"9,32 €/L","img":"https://fd9-photos.leclercdrive.fr/image.ashx?id=2949541&use=l&cat=p&typeid=i","cat":284594},{"id":275619,"n":"Crème de douche Ushuaïa Lait de coco - 280ml","p":2.65,"u":"9,46 €/L","img":"https://fd9-photos.leclercdrive.fr/image.ashx?id=2949553&use=l&cat=p&typeid=i","cat":284594},{"id":275671,"n":"Dentifrice Sanogyl Soin gencives - 75ml","p":3.19,"u":"42,53 €/L","img":"https://fd9-photos.leclercdrive.fr/image.ashx?id=2950195&use=l&cat=p&typeid=i","cat":284612},{"id":275675,"n":"Spray désinfectant Clair Multi-surfaces - 500ml","p":1.53,"u":"3,06 €/L","img":"https://fd9-photos.leclercdrive.fr/image.ashx?id=2949251&use=l&cat=p&typeid=i","cat":325357},{"id":275676,"n":"Brosse à dents électrique Rechargeable - x1","p":14.99,"img":"https://fd9-photos.leclercdrive.fr/image.ashx?id=2949248&use=l&cat=p&typeid=i","cat":297133},{"id":275681,"n":"Après-shampooing Dessange Nutri- extrême - 225ml","p":3.83,"u":"17,02 €/L","img":"https://fd9-photos.leclercdrive.fr/image.ashx?id=2954627&use=l&cat=p&typeid=i","cat":284607},{"id":275683,"n":"Shampooing Dessange Âge sublime - 280ml","p":3.83,"u":"13,68 €/L","img":"https://fd9-photos.leclercdrive.fr/image.ashx?id=3011578&use=l&cat=p&typeid=i","cat":284606},{"id":275684,"n":"Shampooing Dessange Hydra brush - 280ml","p":4.99,"u":"17,82 €/L","img":"https://fd9-photos.leclercdrive.fr/image.ashx?id=2955402&use=l&cat=p&typeid=i","cat":284606},{"id":275685,"n":"Shampooing Dessange Nutri-riche - 280ml","p":3.83,"u":"13,68 €/L","img":"https://fd9-photos.leclercdrive.fr/image.ashx?id=2955408&use=l&cat=p&typeid=i","cat":284606},{"id":275686,"n":"Shampooing Dessange Nutri-extrême - 280ml","p":3.81,"u":"13,61 €/L","img":"https://fd9-photos.leclercdrive.fr/image.ashx?id=2955411&use=l&cat=p&typeid=i","cat":284606},{"id":275816,"n":"Mini Caprice des Dieux Filet 6x50g","p":5.09,"u":"16,97 €/KG","img":"https://fd9-photos.leclercdrive.fr/image.ashx?id=2949916&use=l&cat=p&typeid=i","cat":314033},{"id":275903,"n":"Yaourt à la Grecque Danone Citron - 4x110g","p":1.83,"u":"4,16 €/KG","img":"https://fd9-photos.leclercdrive.fr/image.ashx?id=2992744&use=l&cat=p&typeid=i","cat":326550},{"id":276268,"n":"Fromage grec vache Islos 150g","p":2.35,"u":"15,67 €/KG","img":"https://fd9-photos.leclercdrive.fr/image.ashx?id=2952619&use=l&cat=p&typeid=i","cat":314027},{"id":276269,"n":"Fromage cremeux Coeur de Lion 8 tranches 150g","p":2.54,"u":"16,93 €/KG","img":"https://fd9-photos.leclercdrive.fr/image.ashx?id=2952493&use=l&cat=p&typeid=i","cat":314028},{"id":276550,"n":"Biscuit sésame GERBLE - 5x4 220g","p":1.52,"u":"6,91 €/KG","img":"https://fd9-photos.leclercdrive.fr/image.ashx?id=2953803&use=l&cat=p&typeid=i","cat":318651},{"id":276565,"n":"Dessert de fruits pomme  Douceur du Verger 4x100g","p":0.99,"u":"2,48 €/KG","img":"https://fd9-photos.leclercdrive.fr/image.ashx?id=2961707&use=l&cat=p&typeid=i","cat":284416},{"id":276567,"n":"Dessert de fruits pomme Douceur du Verger 12x100g","p":2.46,"u":"2,05 €/KG","img":"https://fd9-photos.leclercdrive.fr/image.ashx?id=2970634&use=l&cat=p&typeid=i","cat":284416},{"id":276597,"n":"Pâté en croûte Richelieu 2.330kg","p":13.95,"u":"5,99 €/KG","img":"https://fd9-photos.leclercdrive.fr/image.ashx?id=2953872&use=l&cat=p&typeid=i","cat":316003},{"id":276946,"n":"Badoit bulles de fruits  Pamplemousse - 6x33cl","p":3.53,"u":"1,78 €/L","img":"https://fd9-photos.leclercdrive.fr/image.ashx?id=2954208&use=l&cat=p&typeid=i","cat":284537},{"id":276947,"n":"Badoit bulles de fruits  Fruits rouges - 6x33cl","p":3.53,"u":"1,78 €/L","img":"https://fd9-photos.leclercdrive.fr/image.ashx?id=2954205&use=l&cat=p&typeid=i","cat":284537},{"id":276948,"n":"Badoit bulles de fruits  Citron et citron vert - 6x33cl","p":3.53,"u":"1,78 €/L","img":"https://fd9-photos.leclercdrive.fr/image.ashx?id=2954202&use=l&cat=p&typeid=i","cat":284537},{"id":276949,"n":"Eau aromatisée Volvic Juicy Au jus de cerise -1,5L","p":1.47,"u":"0,98 €/L","img":"https://fd9-photos.leclercdrive.fr/image.ashx?id=2954196&use=l&cat=p&typeid=i","cat":284537},{"id":277153,"n":"Skyr végétal Protéiné Alpro Nature - 400g","p":2.83,"u":"7,08 €/KG","img":"https://fd9-photos.leclercdrive.fr/image.ashx?id=2976092&use=l&cat=p&typeid=i","cat":316071},{"id":277469,"n":"Céréales Special K Kellogg's  Fibre - 360g","p":3.14,"u":"8,72 €/KG","img":"https://fd9-photos.leclercdrive.fr/image.ashx?id=2963898&use=l&cat=p&typeid=i","cat":309512},{"id":277473,"n":"Kéfir Yaourt Activia Fraise, framboise - 2x150g","p":2.34,"u":"7,80 €/KG","img":"https://fd9-photos.leclercdrive.fr/image.ashx?id=2972388&use=l&cat=p&typeid=i","cat":315000},{"id":277474,"n":"Kéfir Yaourt Activia nature - 2x150g","p":2.24,"u":"7,47 €/KG","img":"https://fd9-photos.leclercdrive.fr/image.ashx?id=2972385&use=l&cat=p&typeid=i","cat":315000},{"id":277476,"n":"Activia Kéfir Nature 345g","p":2.29,"u":"6,64 €/KG","img":"https://fd9-photos.leclercdrive.fr/image.ashx?id=2966164&use=l&cat=p&typeid=i","cat":315000},{"id":277478,"n":"Liégeois Pâtissier Danette  Paris Brest 4x90g","p":2.44,"u":"6,78 €/KG","img":"https://fd9-photos.leclercdrive.fr/image.ashx?id=2965930&use=l&cat=p&typeid=i","cat":285042},{"id":277479,"n":"Liégeois Pâtissier Danette Framboisier 4x90g","p":2.44,"u":"6,78 €/KG","img":"https://fd9-photos.leclercdrive.fr/image.ashx?id=2965924&use=l&cat=p&typeid=i","cat":285042},{"id":277480,"n":"Liégeois Pâtissier Danette Tiramisu 4x90g","p":2.44,"u":"6,78 €/KG","img":"https://fd9-photos.leclercdrive.fr/image.ashx?id=2965927&use=l&cat=p&typeid=i","cat":285042},{"id":277483,"n":"Skyr nature Danone 0% MG - 450g","p":1.96,"u":"4,36 €/KG","img":"https://fd9-photos.leclercdrive.fr/image.ashx?id=2966279&use=l&cat=p&typeid=i","cat":284409},{"id":277484,"n":"Danone Skyr fraise 4x100g","p":2.15,"u":"5,38 €/KG","img":"https://fd9-photos.leclercdrive.fr/image.ashx?id=2965903&use=l&cat=p&typeid=i","cat":315000},{"id":277485,"n":"Danone Skyr fruits jaunes 4x100g","p":2.15,"u":"5,38 €/KG","img":"https://fd9-photos.leclercdrive.fr/image.ashx?id=2965906&use=l&cat=p&typeid=i","cat":315000},{"id":277493,"n":"Yaourt protéiné Hipro nature 480g","p":2.89,"u":"6,02 €/KG","img":"https://fd9-photos.leclercdrive.fr/image.ashx?id=2965945&use=l&cat=p&typeid=i","cat":284409},{"id":277518,"n":"Brandade de morue MSC L'Atelier Poissonnerie 750g","p":6.9,"u":"9,20 €/KG","img":"https://fd9-photos.leclercdrive.fr/image.ashx?id=2968908&use=l&cat=p&typeid=i","cat":285340},{"id":277592,"n":"Shampooing Dessange Blond californien - 280ml","p":4.86,"u":"17,36 €/L","img":"https://fd9-photos.leclercdrive.fr/image.ashx?id=2957941&use=l&cat=p&typeid=i","cat":284606},{"id":277593,"n":"Shampooing bleu Dessange Blond californien - 280ml","p":4.99,"u":"17,82 €/L","img":"https://fd9-photos.leclercdrive.fr/image.ashx?id=2957938&use=l&cat=p&typeid=i","cat":284606},{"id":277594,"n":"Soin patine Dessange Blond californien - 140ml","p":9.47,"u":"67,64 €/L","img":"https://fd9-photos.leclercdrive.fr/image.ashx?id=2957932&use=l&cat=p&typeid=i","cat":284608},{"id":277595,"n":"Gel douche Ushuaïa Agrumes verts - 280ml","p":2.5,"u":"8,93 €/L","img":"https://fd9-photos.leclercdrive.fr/image.ashx?id=2974399&use=l&cat=p&typeid=i","cat":284594},{"id":277625,"n":"Gel douche Ushuaïa Fleur d'oranger - 280ml","p":4.59,"u":"16,39 €/L","img":"https://fd9-photos.leclercdrive.fr/image.ashx?id=2957926&use=l&cat=p&typeid=i","cat":284594},{"id":277626,"n":"Gel douche Ushuaïa Sakura - 280ml","p":2.45,"u":"8,75 €/L","img":"https://fd9-photos.leclercdrive.fr/image.ashx?id=2974405&use=l&cat=p&typeid=i","cat":284594},{"id":277627,"n":"Gel douche Ushuaïa Coco - 280ml","p":3.72,"u":"13,29 €/L","img":"https://fd9-photos.leclercdrive.fr/image.ashx?id=3000264&use=l&cat=p&typeid=i","cat":284594},{"id":277631,"n":"Shampooing régulateur Dessange Douce argile - 280ml","p":3.83,"u":"13,68 €/L","img":"https://fd9-photos.leclercdrive.fr/image.ashx?id=2957935&use=l&cat=p&typeid=i","cat":284606},{"id":277934,"n":"Fromage frais Eco+ Nature 20%MG - 1kg","p":1.34,"u":"1,34 €/KG","img":"https://fd9-photos.leclercdrive.fr/image.ashx?id=2699919&use=l&cat=p&typeid=i","cat":326550},{"id":278366,"n":"Eau aromatisée O'Fresh Citron & Citron vert - 6x50cl","p":2.75,"u":"0,92 €/L","img":"https://fd9-photos.leclercdrive.fr/image.ashx?id=2959245&use=l&cat=p&typeid=i","cat":284537},{"id":278367,"n":"IGP Méditerranée Terres ocrées Blanc - 75cl","p":2.75,"u":"3,67 €/L","img":"https://fd9-photos.leclercdrive.fr/image.ashx?id=2959248&use=l&cat=p&typeid=i","cat":289557},{"id":278578,"n":"Gel douche Ushuaïa Minéraux marins - 490ml","p":4.13,"u":"8,43 €/L","img":"https://fd9-photos.leclercdrive.fr/image.ashx?id=3011563&use=l&cat=p&typeid=i","cat":284594},{"id":278579,"n":"Gel douche Ushuaïa Eucalyptus - 280ml","p":2.5,"u":"8,93 €/L","img":"https://fd9-photos.leclercdrive.fr/image.ashx?id=2974408&use=l&cat=p&typeid=i","cat":284594},{"id":278582,"n":"Gel douche Ushuaïa Roche volcanique - 280ml","p":2.5,"u":"8,93 €/L","img":"https://fd9-photos.leclercdrive.fr/image.ashx?id=2974411&use=l&cat=p&typeid=i","cat":284594},{"id":278583,"n":"Gel douche Ushuaïa Vanille - 280ml","p":2.5,"u":"8,93 €/L","img":"https://fd9-photos.leclercdrive.fr/image.ashx?id=2974402&use=l&cat=p&typeid=i","cat":284594},{"id":278598,"n":"Bière blonde Nos Régions Ont Du Talent - 7° - 75cl","p":2.16,"u":"2,88 €/L","img":"https://fd9-photos.leclercdrive.fr/image.ashx?id=2980474&use=l&cat=p&typeid=i","cat":334872},{"id":278599,"n":"Bière des Ardennes Ambrée - 7.5° - 75cl","p":2.55,"u":"3,40 €/L","img":"https://fd9-photos.leclercdrive.fr/image.ashx?id=2980477&use=l&cat=p&typeid=i","cat":334872},{"id":278680,"n":"Crème extra légère Bridélice Semi-épaisse 4%MG - 3x20cl","p":2.39,"u":"3,98 €/L","img":"https://fd9-photos.leclercdrive.fr/image.ashx?id=2996581&use=l&cat=p&typeid=i","cat":284381},{"id":278725,"n":"Saucisses knacki Herta Sel réduit x4 - 140g","p":1.72,"u":"12,29 €/KG","img":"https://fd9-photos.leclercdrive.fr/image.ashx?id=2965016&use=l&cat=p&typeid=i","cat":316012},{"id":278728,"n":"Saucisses charcutières Herta La Provençale x4 - 280g","p":3.48,"u":"12,43 €/KG","img":"https://fd9-photos.leclercdrive.fr/image.ashx?id=2965007&use=l&cat=p&typeid=i","cat":316012},{"id":278729,"n":"Croque-Monsieur Herta Maxi Mozzarella x2 - 310g","p":2.59,"u":"8,35 €/KG","img":"https://fd9-photos.leclercdrive.fr/image.ashx?id=2965013&use=l&cat=p&typeid=i","cat":333671},{"id":278981,"n":"Fromage Fol Epi  Riche en protéines 6tr - 130g","p":2.35,"u":"0,18 €/MT","img":"https://fd9-photos.leclercdrive.fr/image.ashx?id=2975152&use=l&cat=p&typeid=i","cat":314028},{"id":279003,"n":"Apéri'chaud Richesmonts 140g","p":2.4,"u":"17,14 €/KG","img":"https://fd9-photos.leclercdrive.fr/image.ashx?id=2990484&use=l&cat=p&typeid=i","cat":314027},{"id":279005,"n":"Bûche pur brebis Le Brebiou 130g","p":2.31,"u":"17,77 €/KG","img":"https://fd9-photos.leclercdrive.fr/image.ashx?id=2967043&use=l&cat=p&typeid=i","cat":314031},{"id":279009,"n":"Fromage à tartiner Tartare  Ail & fines herbes 90g","p":1.43,"u":"15,89 €/KG","img":"https://fd9-photos.leclercdrive.fr/image.ashx?id=2967130&use=l&cat=p&typeid=i","cat":314029},{"id":279027,"n":"Cheddar râpé British Heritage Extra mature 12 mois - 150g","p":3.19,"u":"21,27 €/KG","img":"https://fd9-photos.leclercdrive.fr/image.ashx?id=2968418&use=l&cat=p&typeid=i","cat":314035},{"id":279028,"n":"Sauce fromagère Saint-Agur 150g","p":2.67,"u":"17,80 €/KG","img":"https://fd9-photos.leclercdrive.fr/image.ashx?id=2968556&use=l&cat=p&typeid=i","cat":284382},{"id":279030,"n":"Crème du Pays d'Auge Nos Régions ont du Talent 45cl","p":2.79,"u":"6,20 €/L","img":"https://fd9-photos.leclercdrive.fr/image.ashx?id=2967679&use=l&cat=p&typeid=i","cat":284381},{"id":279032,"n":"Gel douche Ushuaia Gingembre - 280ml","p":2.22,"u":"7,93 €/L","img":"https://fd9-photos.leclercdrive.fr/image.ashx?id=2968337&use=l&cat=p&typeid=i","cat":284594},{"id":279036,"n":"Gel douche Ecopack Ushuaïa Minéraux Marins - 500ml","p":3.6,"u":"7,20 €/L","img":"https://fd9-photos.leclercdrive.fr/image.ashx?id=3011581&use=l&cat=p&typeid=i","cat":284594},{"id":279205,"n":"Barres glacées Trium Cacahuètes - 264g","p":2.89,"u":"10,95 €/KG","img":"https://fd9-photos.leclercdrive.fr/image.ashx?id=2966541&use=l&cat=p&typeid=i","cat":284264},{"id":279257,"n":"Macaroni tomate mozza Panzani - 400g","p":2.45,"u":"6,13 €/KG","img":"https://fd9-photos.leclercdrive.fr/image.ashx?id=2968211&use=l&cat=p&typeid=i","cat":284442},{"id":279403,"n":"Macaroni cheese Panzani - 400g","p":2.44,"u":"6,10 €/KG","img":"https://fd9-photos.leclercdrive.fr/image.ashx?id=2967762&use=l&cat=p&typeid=i","cat":284442},{"id":279412,"n":"Spaghetti carbonara Panzani - 400g","p":2.47,"u":"6,18 €/KG","img":"https://fd9-photos.leclercdrive.fr/image.ashx?id=2967759&use=l&cat=p&typeid=i","cat":284442},{"id":279543,"n":"Burrata Les Croisés 26%MG 200g","p":3.08,"u":"15,40 €/KG","img":"https://fd9-photos.leclercdrive.fr/image.ashx?id=3009562&use=l&cat=p&typeid=i","cat":326550},{"id":279678,"n":"Biscuit  Mots Doux Vanille - 180g","p":1.89,"u":"10,50 €/KG","img":"https://fd9-photos.leclercdrive.fr/image.ashx?id=2970747&use=l&cat=p&typeid=i","cat":284488},{"id":279680,"n":"Spaghetti carbonara Panzani 800g","p":3.95,"u":"4,94 €/KG","img":"https://fd9-photos.leclercdrive.fr/image.ashx?id=2970957&use=l&cat=p&typeid=i","cat":284442},{"id":279682,"n":"Macaroni tomate Panzani 800g","p":3.87,"u":"4,84 €/KG","img":"https://fd9-photos.leclercdrive.fr/image.ashx?id=2970960&use=l&cat=p&typeid=i","cat":284442},{"id":279683,"n":"Barre de céréales Nesquick 8x25g","p":2.89,"u":"14,45 €/KG","img":"https://fd9-photos.leclercdrive.fr/image.ashx?id=2971350&use=l&cat=p&typeid=i","cat":300032},{"id":279691,"n":"Skyr végétal Protéiné Alpro Fraise - 400g","p":2.83,"u":"7,08 €/KG","img":"https://fd9-photos.leclercdrive.fr/image.ashx?id=2976089&use=l&cat=p&typeid=i","cat":313736},{"id":280019,"n":"Œuf Kinder Joy Mario - 3x20g","p":3.24,"u":"54,00 €/KG","img":"https://fd9-photos.leclercdrive.fr/image.ashx?id=2970753&use=l&cat=p&typeid=i","cat":284958},{"id":280089,"n":"Crème dessert Danette Saveur Snickers - 4x90g","p":2.42,"u":"6,72 €/KG","img":"https://fd9-photos.leclercdrive.fr/image.ashx?id=2971918&use=l&cat=p&typeid=i","cat":285041},{"id":280091,"n":"Crème dessert Danette Saveur Mars - 4x90g","p":1.83,"u":"5,08 €/KG","img":"https://fd9-photos.leclercdrive.fr/image.ashx?id=2971921&use=l&cat=p&typeid=i","cat":285041},{"id":280418,"n":"Dessert lacté Nature Blédina dès 6 mois - 4x95g","p":1.83,"u":"4,82 €/KG","img":"https://fd9-photos.leclercdrive.fr/image.ashx?id=2972868&use=l&cat=p&typeid=i","cat":312392},{"id":280419,"n":"Dessert lacté Fraise Blédina dès 6 mois - 4x95g","p":1.97,"u":"5,18 €/KG","img":"https://fd9-photos.leclercdrive.fr/image.ashx?id=2972871&use=l&cat=p&typeid=i","cat":312392},{"id":280420,"n":"Dessert lacté Blédina Vanille dès 6 mois - 4x95g","p":1.95,"u":"5,13 €/KG","img":"https://fd9-photos.leclercdrive.fr/image.ashx?id=2972874&use=l&cat=p&typeid=i","cat":312392},{"id":280425,"n":"Dessert lacté Blédina Mangue Pêche dès 6 mois - 4x95g","p":2.15,"u":"5,66 €/KG","img":"https://fd9-photos.leclercdrive.fr/image.ashx?id=2972877&use=l&cat=p&typeid=i","cat":312392},{"id":280474,"n":"Gnocchi à poêler Lustucru Extra moelleux 300g","p":1.89,"u":"6,30 €/KG","img":"https://fd9-photos.leclercdrive.fr/image.ashx?id=2973655&use=l&cat=p&typeid=i","cat":333682},{"id":280483,"n":"Gnocchi à poêler Lustucru Extra chorizo 280g","p":2.44,"u":"8,71 €/KG","img":"https://fd9-photos.leclercdrive.fr/image.ashx?id=2973646&use=l&cat=p&typeid=i","cat":333682},{"id":280487,"n":"Gnocchi à poêler Lustucru star 500g","p":2.96,"u":"5,92 €/KG","img":"https://fd9-photos.leclercdrive.fr/image.ashx?id=2973637&use=l&cat=p&typeid=i","cat":333682},{"id":280488,"n":"Girasoli Lustucru  Extra raclette 250g","p":2.9,"u":"11,60 €/KG","img":"https://fd9-photos.leclercdrive.fr/image.ashx?id=2973640&use=l&cat=p&typeid=i","cat":333682},{"id":280491,"n":"Girasoli Lustucru Extra fromage jambon 250g","p":2.88,"u":"11,52 €/KG","img":"https://fd9-photos.leclercdrive.fr/image.ashx?id=2973643&use=l&cat=p&typeid=i","cat":333682},{"id":280679,"n":"Huile d'olive Jardin Bio 75cl","p":12.7,"u":"16,93 €/L","img":"https://fd9-photos.leclercdrive.fr/image.ashx?id=2974387&use=l&cat=p&typeid=i","cat":284453},{"id":280717,"n":"Chocolat Lindt Excellence Fusion sel Noir 85% & Lait-100g","p":3.49,"u":"34,90 €/KG","img":"https://fd9-photos.leclercdrive.fr/image.ashx?id=2975810&use=l&cat=p&typeid=i","cat":284956},{"id":280746,"n":"Chocolat Lindt Excellence  Fusion Noir 70% & Lait - 100g","p":3.49,"u":"34,90 €/KG","img":"https://fd9-photos.leclercdrive.fr/image.ashx?id=2975819&use=l&cat=p&typeid=i","cat":284958},{"id":280778,"n":"Ketchup tomato Heinz cornichon - 250g","p":2.14,"u":"8,56 €/KG","img":"https://fd9-photos.leclercdrive.fr/image.ashx?id=2976176&use=l&cat=p&typeid=i","cat":284455},{"id":280782,"n":"Sauce sweet chili Heinz 260g","p":2.24,"u":"8,62 €/KG","img":"https://fd9-photos.leclercdrive.fr/image.ashx?id=2976101&use=l&cat=p&typeid=i","cat":318431},{"id":280783,"n":"Sauce korean barbecue Heinz 265g","p":2.06,"u":"7,77 €/KG","img":"https://fd9-photos.leclercdrive.fr/image.ashx?id=2976137&use=l&cat=p&typeid=i","cat":318431},{"id":280784,"n":"Mayonnaise  Heinz Srirachamix - 400g","p":3.22,"u":"8,05 €/KG","img":"https://fd9-photos.leclercdrive.fr/image.ashx?id=2976140&use=l&cat=p&typeid=i","cat":318431},{"id":280878,"n":"Bowl Bonduelle A la mexicaine - 250g","p":2.83,"u":"11,32 €/KG","img":"https://fd9-photos.leclercdrive.fr/image.ashx?id=2996533&use=l&cat=p&typeid=i","cat":328010},{"id":280908,"n":"Pizza DR. Oetker Suprema 5 fromages - 424g","p":8.1,"u":"19,10 €/KG","img":"https://fd9-photos.leclercdrive.fr/image.ashx?id=2993095&use=l&cat=p&typeid=i","cat":284256},{"id":280909,"n":"Pizza DR. Oetker Suprema Salami à la romaine - 425g","p":4.95,"u":"11,65 €/KG","img":"https://fd9-photos.leclercdrive.fr/image.ashx?id=2993092&use=l&cat=p&typeid=i","cat":284256},{"id":280914,"n":"Salade de blé Cassegrain Aubergines et poivrons 250g","p":2.53,"u":"10,12 €/KG","img":"https://fd9-photos.leclercdrive.fr/image.ashx?id=2975137&use=l&cat=p&typeid=i","cat":333657},{"id":280917,"n":"Salade de pois chiches Cassegrain Aubergines 250g","p":2.4,"u":"9,60 €/KG","img":"https://fd9-photos.leclercdrive.fr/image.ashx?id=2975140&use=l&cat=p&typeid=i","cat":333657},{"id":280997,"n":"Bowl à l'orientale 250g","p":2.83,"u":"11,32 €/KG","img":"https://fd9-photos.leclercdrive.fr/image.ashx?id=2991921&use=l&cat=p&typeid=i","cat":325094},{"id":281229,"n":"Skyr végétal Protéiné Alpro Fraise - 400g","p":2.12,"u":"5,30 €/KG","img":"https://fd9-photos.leclercdrive.fr/image.ashx?id=2976089&use=l&cat=p&typeid=i","cat":326550},{"id":281301,"n":"Kéfir Yaourt Activia Fraise, framboise - 2x150g","p":1.75,"u":"5,83 €/KG","img":"https://fd9-photos.leclercdrive.fr/image.ashx?id=2972388&use=l&cat=p&typeid=i","cat":326550},{"id":281367,"n":"Lentilles Jadin Bio 400g","p":1.83,"u":"4,58 €/KG","img":"https://fd9-photos.leclercdrive.fr/image.ashx?id=2978739&use=l&cat=p&typeid=i","cat":284430},{"id":281377,"n":"Ketchup Heinz  zéro sel ajouté - 230g","p":2.2,"u":"9,57 €/KG","img":"https://fd9-photos.leclercdrive.fr/image.ashx?id=2978904&use=l&cat=p&typeid=i","cat":284455},{"id":281412,"n":"Pep's recette Manhattan Burger Box - 380g","p":4.69,"u":"12,34 €/KG","img":"https://fd9-photos.leclercdrive.fr/image.ashx?id=2979397&use=l&cat=p&typeid=i","cat":333685},{"id":281420,"n":"Pep's recette Mexico Tacos Box 380g","p":4.55,"u":"11,97 €/KG","img":"https://fd9-photos.leclercdrive.fr/image.ashx?id=2979400&use=l&cat=p&typeid=i","cat":333685},{"id":281522,"n":"Boisson végétale Alpro Barista Coco 750ml","p":1.99,"u":"2,65 €/L","img":"https://fd9-photos.leclercdrive.fr/image.ashx?id=2979430&use=l&cat=p&typeid=i","cat":316067},{"id":281524,"n":"Boisson végétale Alpro Avoine 500ml","p":1.54,"u":"3,08 €/L","img":"https://fd9-photos.leclercdrive.fr/image.ashx?id=2986855&use=l&cat=p&typeid=i","cat":316067},{"id":281529,"n":"Lait Matin Léger Lactel Sans lactose 6x50cl","p":8.4,"u":"2,80 €/L","img":"https://fd9-photos.leclercdrive.fr/image.ashx?id=2979421&use=l&cat=p&typeid=i","cat":317169},{"id":282161,"n":"Bonbon Giga Twisty Pain d'épice - 65g","p":1.95,"u":"30,00 €/KG","img":"https://fd9-photos.leclercdrive.fr/image.ashx?id=2982709&use=l&cat=p&typeid=i","cat":327592},{"id":282162,"n":"Bonbon Giga Twisty Bonhomme de neige - 65g","p":1.95,"u":"30,00 €/KG","img":"https://fd9-photos.leclercdrive.fr/image.ashx?id=2982712&use=l&cat=p&typeid=i","cat":327592},{"id":282335,"n":"Fizzy mug Mr et Mme  Mr Incroyable - 100g","p":6.8,"u":"68,00 €/KG","img":"https://fd9-photos.leclercdrive.fr/image.ashx?id=2983679&use=l&cat=p&typeid=i","cat":327789},{"id":282364,"n":"Ariel grandiose pods couleurs  éclatantes 21lav - 0,762kg","p":12.09,"u":"15,87 €/KG","img":"https://fd9-photos.leclercdrive.fr/image.ashx?id=2985642&use=l&cat=p&typeid=i","cat":284641},{"id":282426,"n":"Calendrier de l'Avent Chase  - 75g","p":2.63,"u":"35,07 €/KG","img":"https://fd9-photos.leclercdrive.fr/image.ashx?id=2866184&use=l&cat=p&typeid=i","cat":327590},{"id":282427,"n":"Calendrier de l'Avent Stella  - 75g","p":2.63,"u":"35,07 €/KG","img":"https://fd9-photos.leclercdrive.fr/image.ashx?id=2984513&use=l&cat=p&typeid=i","cat":327590},{"id":282435,"n":"Calendrier de l'Avent Schtroumpf - 75g","p":2.25,"u":"30,00 €/KG","img":"https://fd9-photos.leclercdrive.fr/image.ashx?id=2984522&use=l&cat=p&typeid=i","cat":327590},{"id":283472,"n":"Skyr Alpro Exotic- 400g","p":2.16,"u":"5,40 €/KG","img":"https://fd9-photos.leclercdrive.fr/image.ashx?id=2976098&use=l&cat=p&typeid=i","cat":326550},{"id":284079,"n":"Gel douche soin Nivea Defend Derma control - 250ml","p":2.81,"u":"11,24 €/L","img":"https://fd9-photos.leclercdrive.fr/image.ashx?id=2990910&use=l&cat=p&typeid=i","cat":284594},{"id":284082,"n":"Spray déodorant Nivea Men Derma control sensitive - 200ml","p":3.53,"u":"17,65 €/L","img":"https://fd9-photos.leclercdrive.fr/image.ashx?id=2990925&use=l&cat=p&typeid=i","cat":284618},{"id":284083,"n":"Spray déodorant Nivea Men Defend derma control - 200ml","p":3.8,"u":"19,00 €/L","img":"https://fd9-photos.leclercdrive.fr/image.ashx?id=2990907&use=l&cat=p&typeid=i","cat":284618},{"id":284084,"n":"Spray déodorant Nivea Men Derma control restore - 200ml","p":3.05,"u":"15,25 €/L","img":"https://fd9-photos.leclercdrive.fr/image.ashx?id=2990901&use=l&cat=p&typeid=i","cat":284618},{"id":284087,"n":"Déodorant stick Nivea Men Black & White Invisible - 50ml","p":4.67,"u":"93,40 €/L","img":"https://fd9-photos.leclercdrive.fr/image.ashx?id=2990928&use=l&cat=p&typeid=i","cat":284596},{"id":284088,"n":"Déodorant stick Nivea Men Dry impact - 50ml","p":4.24,"u":"84,80 €/L","img":"https://fd9-photos.leclercdrive.fr/image.ashx?id=2990412&use=l&cat=p&typeid=i","cat":284618},{"id":284090,"n":"Déodorant bille Nivea men Derma control Sensitive - 50ml","p":3.45,"u":"69,00 €/L","img":"https://fd9-photos.leclercdrive.fr/image.ashx?id=2990916&use=l&cat=p&typeid=i","cat":284618},{"id":284095,"n":"Déodorant spray Nivea Men Derma control defend - 200ml","p":3.05,"u":"15,25 €/L","img":"https://fd9-photos.leclercdrive.fr/image.ashx?id=2990904&use=l&cat=p&typeid=i","cat":284618},{"id":284104,"n":"Crème hydratante Nivea Repair & Care - Visage Corps Mains 400ml","p":9.48,"pp":6.26,"u":"15,65 €/L","img":"https://fd9-photos.leclercdrive.fr/image.ashx?id=2990898&use=l&cat=p&typeid=i","cat":325350},{"id":284105,"n":"Déodorant bille Nivea Men Derma control Defend - 50ml","p":3.78,"u":"75,60 €/MT","img":"https://fd9-photos.leclercdrive.fr/image.ashx?id=2990913&use=l&cat=p&typeid=i","cat":284618},{"id":284106,"n":"Déodorant bille Nivea Derma control restore - 50ml","p":3.17,"u":"63,40 €/L","img":"https://fd9-photos.leclercdrive.fr/image.ashx?id=2990919&use=l&cat=p&typeid=i","cat":284618},{"id":284344,"n":"Pep's recette Manhattan Burger Box - 380g","p":3.51,"u":"9,24 €/KG","img":"https://fd9-photos.leclercdrive.fr/image.ashx?id=2979397&use=l&cat=p&typeid=i","cat":326550},{"id":286451,"n":"Bûche glacée Nestlé Signature façon Tiramisu - 472g","p":7.6,"u":"16,10 €/KG","img":"https://fd9-photos.leclercdrive.fr/image.ashx?id=3000716&use=l&cat=p&typeid=i","cat":284266},{"id":287859,"n":"Bûche glacée signature Nestlé Nougat fruits rouges - 483g","p":7.6,"u":"15,73 €/KG","img":"https://fd9-photos.leclercdrive.fr/image.ashx?id=3008305&use=l&cat=p&typeid=i","cat":284266},{"id":288576,"n":"Yaourt à la Grecque Bio Village Bio - 4x125g","p":2.26,"u":"4,52 €/KG","img":"https://fd9-photos.leclercdrive.fr/image.ashx?id=3009738&use=l&cat=p&typeid=i","cat":314999},{"id":290000,"n":"Roti de porc Eco+ 5 tranches - 150g","p":1.34,"u":"8,93 €/KG","img":"https://fd9-photos.leclercdrive.fr/image.ashx?id=2706747&use=l&cat=p&typeid=i","cat":326550}]}