{"id":"221701-221701","dt":"2025-12-15","p":[{"id":2,"n":"Haricots verts Notre Jardin Extra fins - 345g","p":2.39,"u":"6,93 €/KG","img":"https://fd9-photos.leclercdrive.fr/image.ashx?id=2050624&use=l&cat=p&typeid=i","cat":312606},{"id":3,"n":"Haricots verts Notre Jardin Très fins - 220g","p":0.86,"u":"3,91 €/KG","img":"https://fd9-photos.leclercdrive.fr/image.ashx?id=1993164&use=l&cat=p&typeid=i","cat":312606},{"id":4,"n":"Haricots verts Notre Jardin Très fins - 440g","p":1.15,"u":"2,61 €/KG","img":"https://fd9-photos.leclercdrive.fr/image.ashx?id=2050615&use=l&cat=p&typeid=i","cat":312606},{"id":5,"n":"Haricots verts Notre Jardin Extra fins - 440g","p":1.2,"u":"2,73 €/KG","img":"https://fd9-photos.leclercdrive.fr/image.ashx?id=2291393&use=l&cat=p&typeid=i","cat":312606},{"id":6,"n":"Haricots verts Notre Jardin Extra fins - 220g","p":0.88,"u":"4,00 €/KG","img":"https://fd9-photos.leclercdrive.fr/image.ashx?id=2371548&use=l&cat=p&typeid=i","cat":312606},{"id":7,"n":"Haricots beurre Notre Jardin Très fins - 220g","p":1.11,"u":"5,05 €/KG","img":"https://fd9-photos.leclercdrive.fr/image.ashx?id=2988027&use=l&cat=p&typeid=i","cat":312606},{"id":8,"n":"Haricots beurre Notre Jardin Très fins - 440g","p":1.55,"u":"3,52 €/KG","img":"https://fd9-photos.leclercdrive.fr/image.ashx?id=2988030&use=l&cat=p&typeid=i","cat":312606},{"id":9,"n":"Petits pois Notre Jardin A l'étuvée - Extra fins - 280g","p":0.9,"u":"3,21 €/KG","img":"https://fd9-photos.leclercdrive.fr/image.ashx?id=2375947&use=l&cat=p&typeid=i","cat":312607},{"id":10,"n":"Petits pois Notre Jardin A l'étuvée - Très fins - 280g","p":0.89,"u":"3,18 €/KG","img":"https://fd9-photos.leclercdrive.fr/image.ashx?id=2375950&use=l&cat=p&typeid=i","cat":312607},{"id":11,"n":"Petits pois carottes  Notre Jardin -Extra fins - 530g","p":1.22,"u":"2,30 €/KG","img":"https://fd9-photos.leclercdrive.fr/image.ashx?id=2987961&use=l&cat=p&typeid=i","cat":312607},{"id":12,"n":"Petits pois carottes extra-fins Notre Jardin à l'étuvée 260g","p":0.99,"u":"3,74 €/KG","img":"https://fd9-photos.leclercdrive.fr/image.ashx?id=2987964&use=l&cat=p&typeid=i","cat":312607},{"id":13,"n":"Petits pois carottes Très fins Notre Jardin -A l'étuvée -530g","p":1.33,"u":"2,51 €/KG","img":"https://fd9-photos.leclercdrive.fr/image.ashx?id=2698156&use=l&cat=p&typeid=i","cat":312607},{"id":14,"n":"Carottes Notre Jardin Extra-fines - 265g","p":0.85,"u":"3,21 €/KG","img":"https://fd9-photos.leclercdrive.fr/image.ashx?id=2399150&use=l&cat=p&typeid=i","cat":312607},{"id":15,"n":"Champignons Paris Notre Jardin Entiers - 230g","p":1.47,"u":"6,39 €/KG","img":"https://fd9-photos.leclercdrive.fr/image.ashx?id=2553890&use=l&cat=p&typeid=i","cat":312610},{"id":16,"n":"Champignons Paris Notre Jardin Pieds et morceaux - 230g","p":1.49,"u":"6,48 €/KG","img":"https://fd9-photos.leclercdrive.fr/image.ashx?id=2072692&use=l&cat=p&typeid=i","cat":312610},{"id":17,"n":"Champignons Paris Notre Jardin Emincés - 230g","p":1.07,"u":"4,65 €/KG","img":"https://fd9-photos.leclercdrive.fr/image.ashx?id=2551960&use=l&cat=p&typeid=i","cat":312610},{"id":19,"n":"Flageolets verts Notre Jardin Extra fins - 265g","p":0.99,"u":"3,74 €/KG","img":"https://fd9-photos.leclercdrive.fr/image.ashx?id=1993161&use=l&cat=p&typeid=i","cat":312606},{"id":20,"n":"Macédoine légumes Notre Jardin 265g","p":0.71,"u":"2,68 €/KG","img":"https://fd9-photos.leclercdrive.fr/image.ashx?id=2913648&use=l&cat=p&typeid=i","cat":312612},{"id":21,"n":"Macédoine légumes Notre Jardin - 530g","p":1.23,"u":"2,32 €/KG","img":"https://fd9-photos.leclercdrive.fr/image.ashx?id=2526276&use=l&cat=p&typeid=i","cat":312612},{"id":22,"n":"Garniture de 4 légumes  Notre Jardin - 510g","p":1.74,"u":"3,41 €/KG","img":"https://fd9-photos.leclercdrive.fr/image.ashx?id=2526279&use=l&cat=p&typeid=i","cat":312612},{"id":26,"n":"Pois chiches Notre Jardin 265g","p":0.75,"u":"2,83 €/KG","img":"https://fd9-photos.leclercdrive.fr/image.ashx?id=2448974&use=l&cat=p&typeid=i","cat":312609},{"id":27,"n":"Lentilles préparées Notre  Jardin - 265g","p":0.67,"u":"2,53 €/KG","img":"https://fd9-photos.leclercdrive.fr/image.ashx?id=2448968&use=l&cat=p&typeid=i","cat":312609},{"id":28,"n":"Lentilles Préparées Notre  Jardin - 530g","p":1.15,"u":"2,17 €/KG","img":"https://fd9-photos.leclercdrive.fr/image.ashx?id=2448965&use=l&cat=p&typeid=i","cat":312609},{"id":29,"n":"Haricots rouges Notre Jardin 250g","p":0.84,"u":"3,36 €/KG","img":"https://fd9-photos.leclercdrive.fr/image.ashx?id=2448977&use=l&cat=p&typeid=i","cat":312606},{"id":30,"n":"Pommes de terre Notre Jardin 530g","p":1.29,"u":"2,43 €/KG","img":"https://fd9-photos.leclercdrive.fr/image.ashx?id=2696250&use=l&cat=p&typeid=i","cat":312612},{"id":34,"n":"Garniture de céleris Notre Jardin - 500g","p":1.89,"u":"3,78 €/KG","img":"https://fd9-photos.leclercdrive.fr/image.ashx?id=2526282&use=l&cat=p&typeid=i","cat":312612},{"id":36,"n":"Epinards hâchés Notre Jardin 795g","p":1.65,"u":"2,08 €/KG","img":"https://fd9-photos.leclercdrive.fr/image.ashx?id=2468807&use=l&cat=p&typeid=i","cat":312612},{"id":37,"n":"Epinards hâchés Notre Jardin 395g","p":1.09,"u":"2,76 €/KG","img":"https://fd9-photos.leclercdrive.fr/image.ashx?id=1993152&use=l&cat=p&typeid=i","cat":312612},{"id":38,"n":"Epinards branches  Notre Jardin 265g","p":1.15,"u":"4,34 €/KG","img":"https://fd9-photos.leclercdrive.fr/image.ashx?id=1993155&use=l&cat=p&typeid=i","cat":312612},{"id":39,"n":"Epinards branches Notre Jardin 530g","p":1.69,"u":"3,19 €/KG","img":"https://fd9-photos.leclercdrive.fr/image.ashx?id=2398773&use=l&cat=p&typeid=i","cat":312612},{"id":40,"n":"Coeurs de palmiers Notre Jardin Extra tendres - 500g","p":3.85,"u":"7,70 €/KG","img":"https://fd9-photos.leclercdrive.fr/image.ashx?id=2072698&use=l&cat=p&typeid=i","cat":312611},{"id":41,"n":"Choux Bruxelles Notre Jardin 530g","p":1.95,"u":"3,68 €/KG","img":"https://fd9-photos.leclercdrive.fr/image.ashx?id=2072428&use=l&cat=p&typeid=i","cat":312612},{"id":42,"n":"Haricots Mungo Notre Jardin 180g","p":1.0,"u":"5,56 €/KG","img":"https://fd9-photos.leclercdrive.fr/image.ashx?id=2072431&use=l&cat=p&typeid=i","cat":312611},{"id":43,"n":"Asperges blanches miniatures Notre Jardin - 110g","p":1.55,"u":"14,09 €/KG","img":"https://fd9-photos.leclercdrive.fr/image.ashx?id=2049019&use=l&cat=p&typeid=i","cat":312611},{"id":44,"n":"Maïs Notre Jardin Tendre - 285g","p":0.96,"u":"3,37 €/KG","img":"https://fd9-photos.leclercdrive.fr/image.ashx?id=3005658&use=l&cat=p&typeid=i","cat":312611},{"id":47,"n":"Filets de thon Saupiquet Huile d'olive - 115g","p":2.35,"u":"20,43 €/KG","img":"https://fd9-photos.leclercdrive.fr/image.ashx?id=2846373&use=l&cat=p&typeid=i","cat":303867},{"id":48,"n":"Thon Saupiquet A la Catalane - 252g","p":1.79,"u":"7,10 €/KG","img":"https://fd9-photos.leclercdrive.fr/image.ashx?id=2860892&use=l&cat=p&typeid=i","cat":303867},{"id":50,"n":"Miettes de thon Pêche Océan Huile de tournesol - 160g","p":1.7,"u":"10,63 €/KG","img":"https://fd9-photos.leclercdrive.fr/image.ashx?id=2053785&use=l&cat=p&typeid=i","cat":303867},{"id":51,"n":"Miettes de thon Pêche Océan Tomate - 160g","p":1.13,"u":"7,06 €/KG","img":"https://fd9-photos.leclercdrive.fr/image.ashx?id=2941378&use=l&cat=p&typeid=i","cat":303867},{"id":52,"n":"Miettes de thon Pêche Océan Tomate - 3x80g","p":1.56,"u":"6,50 €/KG","img":"https://fd9-photos.leclercdrive.fr/image.ashx?id=2941363&use=l&cat=p&typeid=i","cat":303867},{"id":54,"n":"Sardines tomate Pêche Océan 135g","p":1.32,"u":"9,78 €/KG","img":"https://fd9-photos.leclercdrive.fr/image.ashx?id=2694097&use=l&cat=p&typeid=i","cat":305146},{"id":55,"n":"Filets sardines Pêche Océan Huile d'olive Sans arête - 100g","p":1.35,"u":"13,50 €/KG","img":"https://fd9-photos.leclercdrive.fr/image.ashx?id=1986231&use=l&cat=p&typeid=i","cat":305146},{"id":58,"n":"Filets maquereaux Pêche Océan Arômates et Muscadet 176g","p":1.45,"u":"8,24 €/KG","img":"https://fd9-photos.leclercdrive.fr/image.ashx?id=2053791&use=l&cat=p&typeid=i","cat":303868},{"id":59,"n":"Maquereaux Pêche Océan Moutarde de Dijon - 169g","p":1.65,"u":"9,76 €/KG","img":"https://fd9-photos.leclercdrive.fr/image.ashx?id=2125521&use=l&cat=p&typeid=i","cat":303868},{"id":66,"n":"Terrine de campagne Côté Table Cèpes - 180g","p":1.55,"u":"8,61 €/KG","img":"https://fd9-photos.leclercdrive.fr/image.ashx?id=2519414&use=l&cat=p&typeid=i","cat":305149},{"id":67,"n":"Terrine de canard Côté Table 180g","p":1.55,"u":"8,61 €/KG","img":"https://fd9-photos.leclercdrive.fr/image.ashx?id=1878807&use=l&cat=p&typeid=i","cat":305149},{"id":68,"n":"Cassoulet Côté Table Saucisses et saucissons - 420g","p":1.15,"u":"2,74 €/KG","img":"https://fd9-photos.leclercdrive.fr/image.ashx?id=2977099&use=l&cat=p&typeid=i","cat":284440},{"id":72,"n":"Lentilles cuisinées Raynal Et Roquelaure - 820g","p":1.93,"u":"2,35 €/KG","img":"https://fd9-photos.leclercdrive.fr/image.ashx?id=2928393&use=l&cat=p&typeid=i","cat":312609},{"id":74,"n":"Choucroute Côté Table garnie 800g","p":2.69,"u":"3,36 €/KG","img":"https://fd9-photos.leclercdrive.fr/image.ashx?id=1847409&use=l&cat=p&typeid=i","cat":284441},{"id":75,"n":"Choucroute Côté Table garnie 400g","p":1.75,"u":"4,38 €/KG","img":"https://fd9-photos.leclercdrive.fr/image.ashx?id=1993170&use=l&cat=p&typeid=i","cat":284441},{"id":76,"n":"Gratin dauphinois Côté Table 850g","p":1.67,"u":"1,96 €/KG","img":"https://fd9-photos.leclercdrive.fr/image.ashx?id=2977117&use=l&cat=p&typeid=i","cat":284441},{"id":78,"n":"Saucisses lentilles Côté Table 840g","p":1.99,"u":"2,37 €/KG","img":"https://fd9-photos.leclercdrive.fr/image.ashx?id=2977102&use=l&cat=p&typeid=i","cat":284441},{"id":79,"n":"Saucisses lentilles Côté Table 420g","p":1.13,"u":"2,69 €/KG","img":"https://fd9-photos.leclercdrive.fr/image.ashx?id=2977105&use=l&cat=p&typeid=i","cat":284441},{"id":92,"n":"Chips Pom'lisse Nature - 6x30g","p":1.37,"u":"7,61 €/KG","img":"https://fd9-photos.leclercdrive.fr/image.ashx?id=2441075&use=l&cat=p&typeid=i","cat":284447},{"id":97,"n":"Pétales salées Tokapi Soufflés - 75g","p":0.69,"u":"9,20 €/KG","img":"https://fd9-photos.leclercdrive.fr/image.ashx?id=2751874&use=l&cat=p&typeid=i","cat":284449},{"id":104,"n":"Mélange Grillé et salé Tokapi Cacahuètes et noisettes - 120g","p":1.46,"u":"12,17 €/KG","img":"https://fd9-photos.leclercdrive.fr/image.ashx?id=2794100&use=l&cat=p&typeid=i","cat":284448},{"id":105,"n":"Cacahuètes grillées Tokapi Salées - 250g","p":0.85,"u":"3,40 €/KG","img":"https://fd9-photos.leclercdrive.fr/image.ashx?id=2795529&use=l&cat=p&typeid=i","cat":284448},{"id":108,"n":"Noix de cajou grillées Tokapi Salées - 400g","p":4.78,"u":"11,95 €/KG","img":"https://fd9-photos.leclercdrive.fr/image.ashx?id=1951013&use=l&cat=p&typeid=i","cat":284448},{"id":113,"n":"Crackers Tuc Nature Original - 100g","p":0.55,"u":"5,50 €/KG","img":"https://fd9-photos.leclercdrive.fr/image.ashx?id=3002195&use=l&cat=p&typeid=i","cat":297000},{"id":117,"n":"Huile Isio 4 Lesieur 1L","p":3.4,"u":"3,40 €/L","img":"https://fd9-photos.leclercdrive.fr/image.ashx?id=2916018&use=l&cat=p&typeid=i","cat":284453},{"id":121,"n":"Huile Fleur de colza Lesieur  1L","p":2.77,"u":"2,77 €/L","img":"https://fd9-photos.leclercdrive.fr/image.ashx?id=2916848&use=l&cat=p&typeid=i","cat":284453},{"id":122,"n":"Huile de friture Rustica Sans odeur - 2L","p":4.45,"u":"2,23 €/L","img":"https://fd9-photos.leclercdrive.fr/image.ashx?id=2486787&use=l&cat=p&typeid=i","cat":284453},{"id":123,"n":"Huile végétale  Rustica Mélange 4 huiles  - 1L","p":2.65,"u":"2,65 €/L","img":"https://fd9-photos.leclercdrive.fr/image.ashx?id=2538134&use=l&cat=p&typeid=i","cat":284453},{"id":124,"n":"Huile d'olive Rustica Vierge extra - 1L","p":8.99,"u":"8,99 €/L","img":"https://fd9-photos.leclercdrive.fr/image.ashx?id=2618114&use=l&cat=p&typeid=i","cat":284453},{"id":125,"n":"Huile de tournesol Rustica  1L","p":1.99,"u":"1,99 €/L","img":"https://fd9-photos.leclercdrive.fr/image.ashx?id=1974245&use=l&cat=p&typeid=i","cat":284453},{"id":126,"n":"Huile de tournesol Rustica 3L","p":5.89,"u":"1,96 €/L","img":"https://fd9-photos.leclercdrive.fr/image.ashx?id=2900322&use=l&cat=p&typeid=i","cat":284453},{"id":127,"n":"Huile de colza Rustica  1L","p":1.76,"u":"1,76 €/L","img":"https://fd9-photos.leclercdrive.fr/image.ashx?id=2500797&use=l&cat=p&typeid=i","cat":284453},{"id":128,"n":"Vinaigre de vin Rustica 75cl","p":0.99,"u":"1,32 €/L","img":"https://fd9-photos.leclercdrive.fr/image.ashx?id=1061150&use=l&cat=p&typeid=i","cat":298543},{"id":129,"n":"Vinaigre de cidre Rustica  75cl","p":0.87,"u":"1,16 €/L","img":"https://fd9-photos.leclercdrive.fr/image.ashx?id=2657190&use=l&cat=p&typeid=i","cat":298543},{"id":130,"n":"Vinaigrette Rustica  Moutarde - 50cl","p":0.89,"u":"1,78 €/L","img":"https://fd9-photos.leclercdrive.fr/image.ashx?id=1950144&use=l&cat=p&typeid=i","cat":284456},{"id":131,"n":"Jus de citron Rustica Sicile - 2x125ml - 250ml","p":1.08,"u":"4,32 €/L","img":"https://fd9-photos.leclercdrive.fr/image.ashx?id=2974786&use=l&cat=p&typeid=i","cat":288383},{"id":147,"n":"Olives vertes Rustica  Dénoyautées - 160g","p":0.92,"u":"5,75 €/KG","img":"https://fd9-photos.leclercdrive.fr/image.ashx?id=2499070&use=l&cat=p&typeid=i","cat":284458},{"id":157,"n":"Moutarde de Dijon AMORA Fine & Forte - 265g","p":1.49,"u":"5,62 €/KG","img":"https://fd9-photos.leclercdrive.fr/image.ashx?id=3004870&use=l&cat=p&typeid=i","cat":288850},{"id":160,"n":"Mayonnaise Lesieur Huile de colza - 175g","p":0.76,"u":"4,34 €/KG","img":"https://fd9-photos.leclercdrive.fr/image.ashx?id=2917702&use=l&cat=p&typeid=i","cat":298295},{"id":169,"n":"Sauce Pesto Panzani Basilic - 200g","p":1.62,"u":"8,10 €/KG","img":"https://fd9-photos.leclercdrive.fr/image.ashx?id=2989093&use=l&cat=p&typeid=i","cat":287599},{"id":172,"n":"Purée de tomates Turini 720ml","p":1.26,"u":"1,75 €/L","img":"https://fd9-photos.leclercdrive.fr/image.ashx?id=2198017&use=l&cat=p&typeid=i","cat":288384},{"id":173,"n":"Pulpe de tomate Notre Jardin En dés - 3x383g","p":2.06,"u":"1,81 €/KG","img":"https://fd9-photos.leclercdrive.fr/image.ashx?id=2074966&use=l&cat=p&typeid=i","cat":288384},{"id":174,"n":"Tomates pelées Notre Jardin Entières - 476g","p":1.4,"u":"2,94 €/KG","img":"https://fd9-photos.leclercdrive.fr/image.ashx?id=2189999&use=l&cat=p&typeid=i","cat":312608},{"id":175,"n":"Sauce bolognaise Turini 420g","p":1.45,"u":"3,45 €/KG","img":"https://fd9-photos.leclercdrive.fr/image.ashx?id=2077194&use=l&cat=p&typeid=i","cat":287599},{"id":178,"n":"Sauce Napolitaine Turini 420g","p":0.88,"u":"2,10 €/KG","img":"https://fd9-photos.leclercdrive.fr/image.ashx?id=2441893&use=l&cat=p&typeid=i","cat":287599},{"id":185,"n":"Pâtes Barilla Pipe Rigate - 500g","p":1.03,"u":"2,06 €/KG","img":"https://fd9-photos.leclercdrive.fr/image.ashx?id=2392209&use=l&cat=p&typeid=i","cat":284427},{"id":186,"n":"Pâtes Barilla Penne rigate - 500g","p":1.0,"u":"2,00 €/KG","img":"https://fd9-photos.leclercdrive.fr/image.ashx?id=2392203&use=l&cat=p&typeid=i","cat":284427},{"id":187,"n":"Pâtes Barilla Fusilli - 500g","p":1.01,"u":"2,02 €/KG","img":"https://fd9-photos.leclercdrive.fr/image.ashx?id=2392212&use=l&cat=p&typeid=i","cat":284427},{"id":191,"n":"Pâtes Collezione Barilla Lasagne aux œufs - 500g","p":2.0,"u":"4,00 €/KG","img":"https://fd9-photos.leclercdrive.fr/image.ashx?id=2990997&use=l&cat=p&typeid=i","cat":284427},{"id":192,"n":"Pâtes Barilla Penne rigate - 1kg","p":1.88,"u":"1,88 €/KG","img":"https://fd9-photos.leclercdrive.fr/image.ashx?id=2392191&use=l&cat=p&typeid=i","cat":284427},{"id":193,"n":"Pâtes vermicelles Panzani  500g","p":1.19,"u":"2,38 €/KG","img":"https://fd9-photos.leclercdrive.fr/image.ashx?id=2896072&use=l&cat=p&typeid=i","cat":284427},{"id":194,"n":"Pâtes Coquillettes Panzani 500g","p":0.89,"u":"1,78 €/KG","img":"https://fd9-photos.leclercdrive.fr/image.ashx?id=2870200&use=l&cat=p&typeid=i","cat":284427},{"id":195,"n":"Pâtes macaroni Panzani 500g","p":0.97,"u":"1,94 €/KG","img":"https://fd9-photos.leclercdrive.fr/image.ashx?id=2884297&use=l&cat=p&typeid=i","cat":284427},{"id":196,"n":"Pâtes nouilles fines Panzani 500g","p":1.08,"u":"2,16 €/KG","img":"https://fd9-photos.leclercdrive.fr/image.ashx?id=2876005&use=l&cat=p&typeid=i","cat":284427},{"id":197,"n":"Pâtes Torti Panzani 500g","p":0.77,"u":"1,54 €/KG","img":"https://fd9-photos.leclercdrive.fr/image.ashx?id=2869552&use=l&cat=p&typeid=i","cat":284427},{"id":198,"n":"Pâtes Spaghetti Panzani 500g","p":0.86,"u":"1,72 €/KG","img":"https://fd9-photos.leclercdrive.fr/image.ashx?id=2876023&use=l&cat=p&typeid=i","cat":284427},{"id":199,"n":"Pâtes Tagliatelle Panzani Créatives - 500G","p":1.49,"u":"2,98 €/KG","img":"https://fd9-photos.leclercdrive.fr/image.ashx?id=2902936&use=l&cat=p&typeid=i","cat":284427},{"id":200,"n":"Pâtes lasagnes Turini  500g","p":1.29,"u":"2,58 €/KG","img":"https://fd9-photos.leclercdrive.fr/image.ashx?id=2441147&use=l&cat=p&typeid=i","cat":284427},{"id":201,"n":"Pâtes Etoiles Turini 500g","p":1.05,"u":"2,10 €/KG","img":"https://fd9-photos.leclercdrive.fr/image.ashx?id=2744222&use=l&cat=p&typeid=i","cat":284427},{"id":202,"n":"Pâtes Nouilles Turini 500g","p":0.75,"u":"1,50 €/KG","img":"https://fd9-photos.leclercdrive.fr/image.ashx?id=2980770&use=l&cat=p&typeid=i","cat":284427},{"id":203,"n":"Pâtes Torsades Turini 500g","p":0.65,"u":"1,30 €/KG","img":"https://fd9-photos.leclercdrive.fr/image.ashx?id=2980420&use=l&cat=p&typeid=i","cat":284427},{"id":204,"n":"Pâtes Coquillettes Turini 500g","p":0.75,"u":"1,50 €/KG","img":"https://fd9-photos.leclercdrive.fr/image.ashx?id=2980402&use=l&cat=p&typeid=i","cat":284427},{"id":205,"n":"Pâtes Macaroni Turini 500g","p":0.75,"u":"1,50 €/KG","img":"https://fd9-photos.leclercdrive.fr/image.ashx?id=2980411&use=l&cat=p&typeid=i","cat":284427},{"id":206,"n":"Spaghetti Turini 500g","p":0.69,"u":"1,38 €/KG","img":"https://fd9-photos.leclercdrive.fr/image.ashx?id=2664328&use=l&cat=p&typeid=i","cat":284427},{"id":208,"n":"Pâtes gansettes Turini 500g","p":0.98,"u":"1,96 €/KG","img":"https://fd9-photos.leclercdrive.fr/image.ashx?id=2607422&use=l&cat=p&typeid=i","cat":284427},{"id":210,"n":"Pâtes cheveux d'anges Turini 500g","p":0.85,"u":"1,70 €/KG","img":"https://fd9-photos.leclercdrive.fr/image.ashx?id=2980782&use=l&cat=p&typeid=i","cat":284427},{"id":211,"n":"Pâtes Tagliatelles Turini 500g","p":1.29,"u":"2,58 €/KG","img":"https://fd9-photos.leclercdrive.fr/image.ashx?id=2669693&use=l&cat=p&typeid=i","cat":284427},{"id":217,"n":"Riz Thaï Comptoir du Grain Sélection Riz long - 1kg","p":2.2,"u":"2,20 €/KG","img":"https://fd9-photos.leclercdrive.fr/image.ashx?id=2657084&use=l&cat=p&typeid=i","cat":284428},{"id":218,"n":"Riz Basmati Comptoir du Grain Sélection Riz long - 1kg","p":2.55,"u":"2,55 €/KG","img":"https://fd9-photos.leclercdrive.fr/image.ashx?id=2302253&use=l&cat=p&typeid=i","cat":284428},{"id":219,"n":"Riz long Comptoir du Grain Sachet cuisson rapide x5 - 1kg","p":1.74,"u":"1,74 €/KG","img":"https://fd9-photos.leclercdrive.fr/image.ashx?id=1759876&use=l&cat=p&typeid=i","cat":284428},{"id":220,"n":"Couscous moyen Regia 1kg","p":2.23,"u":"2,23 €/KG","img":"https://fd9-photos.leclercdrive.fr/image.ashx?id=2874856&use=l&cat=p&typeid=i","cat":284429},{"id":224,"n":"Purée pomme de terre Pom'lisse Nature - 4x125g - 500g","p":1.85,"u":"3,70 €/KG","img":"https://fd9-photos.leclercdrive.fr/image.ashx?id=2929861&use=l&cat=p&typeid=i","cat":284431},{"id":225,"n":"Couscous Comptoir du Grain Grain moyen - 1kg","p":1.44,"u":"1,44 €/KG","img":"https://fd9-photos.leclercdrive.fr/image.ashx?id=3012797&use=l&cat=p&typeid=i","cat":284429},{"id":230,"n":"Pois cassés Notre Jardin 500g","p":1.05,"u":"2,10 €/KG","img":"https://fd9-photos.leclercdrive.fr/image.ashx?id=2983772&use=l&cat=p&typeid=i","cat":284430},{"id":231,"n":"Lentilles vertes Notre Jardin 500g","p":1.63,"u":"3,26 €/KG","img":"https://fd9-photos.leclercdrive.fr/image.ashx?id=2055651&use=l&cat=p&typeid=i","cat":284430},{"id":238,"n":"Soupe Velouté Régal Soupe Tomates - 1L","p":1.09,"u":"1,09 €/L","img":"https://fd9-photos.leclercdrive.fr/image.ashx?id=2800234&use=l&cat=p&typeid=i","cat":284462},{"id":240,"n":"Soupe Régal Soupe Poireaux Pommes de terre - 1L","p":1.19,"u":"1,19 €/L","img":"https://fd9-photos.leclercdrive.fr/image.ashx?id=2983784&use=l&cat=p&typeid=i","cat":284462},{"id":241,"n":"Soupe Mouliné Régal Soupe 10 légumes variés - 1L","p":1.08,"u":"1,08 €/L","img":"https://fd9-photos.leclercdrive.fr/image.ashx?id=2607353&use=l&cat=p&typeid=i","cat":284462},{"id":242,"n":"Soupe Velouté Régal Soupe Potiron - 1L","p":1.35,"u":"1,35 €/L","img":"https://fd9-photos.leclercdrive.fr/image.ashx?id=2983787&use=l&cat=p&typeid=i","cat":284462},{"id":255,"n":"Arôme Saveur Maggi 250g","p":1.82,"u":"7,28 €/KG","img":"https://fd9-photos.leclercdrive.fr/image.ashx?id=2671960&use=l&cat=p&typeid=i","cat":288379},{"id":259,"n":"Assaisonnement Liquide KNORR Viandox - 160ml","p":1.46,"pp":1.02,"u":"6,38 €/L","img":"https://fd9-photos.leclercdrive.fr/image.ashx?id=2705215&use=l&cat=p&typeid=i","cat":288383},{"id":267,"n":"Biscuits Petit Ecolier LU Chocolat au lait - 120g","p":2.07,"u":"17,25 €/KG","img":"https://fd9-photos.leclercdrive.fr/image.ashx?id=3014404&use=l&cat=p&typeid=i","cat":284488},{"id":270,"n":"Biscuits Petit Ecolier LU Chocolat noir - 150g","p":1.73,"u":"11,53 €/KG","img":"https://fd9-photos.leclercdrive.fr/image.ashx?id=2944359&use=l&cat=p&typeid=i","cat":284488},{"id":274,"n":"Biscuits Pocket Prince Chocolat - 400g","p":2.23,"u":"5,58 €/KG","img":"https://fd9-photos.leclercdrive.fr/image.ashx?id=3002207&use=l&cat=p&typeid=i","cat":284488},{"id":278,"n":"Biscuits La Barquette Lulu LU Chocolat noisettes - 2x120g","p":1.98,"u":"8,25 €/KG","img":"https://fd9-photos.leclercdrive.fr/image.ashx?id=2135740&use=l&cat=p&typeid=i","cat":284488},{"id":280,"n":"Biscuits Petits cœurs LU Chocolat - 180g","p":2.26,"u":"12,56 €/KG","img":"https://fd9-photos.leclercdrive.fr/image.ashx?id=3002024&use=l&cat=p&typeid=i","cat":284488},{"id":283,"n":"Biscuit Petit beurre P'tit Déli Chocolat au lait pocket - 250g","p":2.25,"u":"9,00 €/KG","img":"https://fd9-photos.leclercdrive.fr/image.ashx?id=750519&use=l&cat=p&typeid=i","cat":284488},{"id":284,"n":"Biscuits P'tit Déli ronds Chocolat lait 200g","p":1.2,"u":"6,00 €/KG","img":"https://fd9-photos.leclercdrive.fr/image.ashx?id=2884210&use=l&cat=p&typeid=i","cat":284488},{"id":286,"n":"Biscuits barquette P'tit Déli Chocolat et noisette x18 - 120g","p":0.89,"u":"7,42 €/KG","img":"https://fd9-photos.leclercdrive.fr/image.ashx?id=2705065&use=l&cat=p&typeid=i","cat":284488},{"id":288,"n":"Gaufrettes P'tit Déli  Enrobées chocolat 150g","p":1.59,"u":"10,60 €/KG","img":"https://fd9-photos.leclercdrive.fr/image.ashx?id=2400508&use=l&cat=p&typeid=i","cat":284488},{"id":289,"n":"Mini goûters P'tit Déli Chocolat 168g","p":1.13,"u":"6,73 €/KG","img":"https://fd9-photos.leclercdrive.fr/image.ashx?id=2321941&use=l&cat=p&typeid=i","cat":284488},{"id":290,"n":"Biscuits P'tit Déli Bâtonnets Chocolat 150g","p":1.19,"u":"7,93 €/KG","img":"https://fd9-photos.leclercdrive.fr/image.ashx?id=2470189&use=l&cat=p&typeid=i","cat":284488},{"id":291,"n":"Goûter Moelleux P'tit Déli  Lait et cacao x10 420g","p":2.81,"u":"6,69 €/KG","img":"https://fd9-photos.leclercdrive.fr/image.ashx?id=2081038&use=l&cat=p&typeid=i","cat":284495},{"id":292,"n":"Biscuits fourrés P'tit Déli Coeur fondant chocolat - 225g","p":1.26,"u":"5,60 €/KG","img":"https://fd9-photos.leclercdrive.fr/image.ashx?id=2076637&use=l&cat=p&typeid=i","cat":284488},{"id":296,"n":"Biscuits La Barquette Lulu LU Fraise - 2x120g","p":2.0,"u":"8,33 €/KG","img":"https://fd9-photos.leclercdrive.fr/image.ashx?id=3001952&use=l&cat=p&typeid=i","cat":284489},{"id":297,"n":"Biscuits La Barquette Lulu LU Framboise - 2x120g","p":2.01,"u":"16,75 €/KG","img":"https://fd9-photos.leclercdrive.fr/image.ashx?id=2904631&use=l&cat=p&typeid=i","cat":284489},{"id":298,"n":"Gâteaux moelleux Lulu LU Coqueline Fraise - 165g","p":1.34,"u":"8,12 €/KG","img":"https://fd9-photos.leclercdrive.fr/image.ashx?id=2977252&use=l&cat=p&typeid=i","cat":284495},{"id":304,"n":"Génoises fourrées P'tit Déli - 150g","p":1.39,"u":"9,27 €/KG","img":"https://fd9-photos.leclercdrive.fr/image.ashx?id=2470192&use=l&cat=p&typeid=i","cat":284489},{"id":310,"n":"Biscuits boudoirs P'tit Déli Aux oeufs - 175g","p":1.38,"u":"7,89 €/KG","img":"https://fd9-photos.leclercdrive.fr/image.ashx?id=1947342&use=l&cat=p&typeid=i","cat":284487},{"id":313,"n":"Biscuits palmiers P'tit Déli 100g","p":0.59,"u":"5,90 €/KG","img":"https://fd9-photos.leclercdrive.fr/image.ashx?id=2940896&use=l&cat=p&typeid=i","cat":284487},{"id":314,"n":"Biscuits langue chat P'tit Déli 200g","p":1.28,"u":"6,40 €/KG","img":"https://fd9-photos.leclercdrive.fr/image.ashx?id=1875827&use=l&cat=p&typeid=i","cat":284487},{"id":315,"n":"Biscuits cigarettes P'tit Déli Fines 180g","p":0.94,"u":"5,22 €/KG","img":"https://fd9-photos.leclercdrive.fr/image.ashx?id=2907039&use=l&cat=p&typeid=i","cat":284487},{"id":316,"n":"Palets bretons P'tit Déli 125g","p":0.97,"u":"7,76 €/KG","img":"https://fd9-photos.leclercdrive.fr/image.ashx?id=2363280&use=l&cat=p&typeid=i","cat":284487},{"id":321,"n":"Cake fruits Brossard 500g","p":4.05,"u":"8,10 €/KG","img":"https://fd9-photos.leclercdrive.fr/image.ashx?id=2983105&use=l&cat=p&typeid=i","cat":284493},{"id":322,"n":"Cake anglais Brossard 400g","p":2.95,"u":"7,38 €/KG","img":"https://fd9-photos.leclercdrive.fr/image.ashx?id=2456795&use=l&cat=p&typeid=i","cat":284493},{"id":323,"n":"Gâteaux Mini roulés Pépito Chocolat - 150g","p":1.72,"u":"11,47 €/KG","img":"https://fd9-photos.leclercdrive.fr/image.ashx?id=2331898&use=l&cat=p&typeid=i","cat":284495},{"id":325,"n":"Galettes Bretonnes P'tit Déli Pur beurre - 125g","p":0.73,"u":"5,84 €/KG","img":"https://fd9-photos.leclercdrive.fr/image.ashx?id=2691012&use=l&cat=p&typeid=i","cat":284487},{"id":327,"n":"Biscuits P'tit Déli Cookies Chocolat nougatine 200g","p":1.35,"u":"6,75 €/KG","img":"https://fd9-photos.leclercdrive.fr/image.ashx?id=2042798&use=l&cat=p&typeid=i","cat":325066},{"id":328,"n":"Biscuits Cookies P'tit Déli Chocolat pépite chocolat - 200g","p":1.35,"u":"6,75 €/KG","img":"https://fd9-photos.leclercdrive.fr/image.ashx?id=2171536&use=l&cat=p&typeid=i","cat":325066},{"id":329,"n":"Biscuits Bastogne LU Originale - 260g","p":1.44,"u":"5,54 €/KG","img":"https://fd9-photos.leclercdrive.fr/image.ashx?id=2346765&use=l&cat=p&typeid=i","cat":284487},{"id":349,"n":"Pain de mie nature Epi d'Or Classique - 500g","p":1.19,"u":"2,38 €/KG","img":"https://fd9-photos.leclercdrive.fr/image.ashx?id=2615582&use=l&cat=p&typeid=i","cat":284477},{"id":350,"n":"Pain de mie nature Epi d'Or Grandes tranches - 550g","p":1.09,"u":"1,98 €/KG","img":"https://fd9-photos.leclercdrive.fr/image.ashx?id=2358336&use=l&cat=p&typeid=i","cat":284477},{"id":361,"n":"Brioche tranchée Epi d'Or Nature - 500g","p":1.65,"u":"3,30 €/KG","img":"https://fd9-photos.leclercdrive.fr/image.ashx?id=2096353&use=l&cat=p&typeid=i","cat":284478},{"id":363,"n":"Pains au lait Epi d'Or x10 - 350g","p":1.19,"u":"3,40 €/KG","img":"https://fd9-photos.leclercdrive.fr/image.ashx?id=2125512&use=l&cat=p&typeid=i","cat":293505},{"id":364,"n":"Pains au chocolat Epi d'Or x8 - 360g","p":1.89,"u":"5,25 €/KG","img":"https://fd9-photos.leclercdrive.fr/image.ashx?id=2860691&use=l&cat=p&typeid=i","cat":296366},{"id":367,"n":"Barre patissière P'tit Déli 800g","p":2.2,"u":"2,75 €/KG","img":"https://fd9-photos.leclercdrive.fr/image.ashx?id=2074379&use=l&cat=p&typeid=i","cat":294776},{"id":368,"n":"Madeleine P'tit Déli coquilles Sachet 1kg","p":3.4,"u":"3,40 €/KG","img":"https://fd9-photos.leclercdrive.fr/image.ashx?id=1956622&use=l&cat=p&typeid=i","cat":284492},{"id":369,"n":"Marbré P'tit Déli 300g","p":1.89,"u":"6,30 €/KG","img":"https://fd9-photos.leclercdrive.fr/image.ashx?id=2562698&use=l&cat=p&typeid=i","cat":294776},{"id":376,"n":"Biscottes Cracotte LU  Froment - 250g","p":1.47,"u":"5,88 €/KG","img":"https://fd9-photos.leclercdrive.fr/image.ashx?id=3002006&use=l&cat=p&typeid=i","cat":284479},{"id":377,"n":"Biscottes Cracotte LU Gourmande - 250g","p":1.46,"u":"5,84 €/KG","img":"https://fd9-photos.leclercdrive.fr/image.ashx?id=3002009&use=l&cat=p&typeid=i","cat":284479},{"id":378,"n":"Biscottes Cracotte LU  Céréales complètes - 250g","p":1.62,"u":"6,48 €/KG","img":"https://fd9-photos.leclercdrive.fr/image.ashx?id=3002012&use=l&cat=p&typeid=i","cat":284479},{"id":379,"n":"Biscottes fourrées Cracotte Lu Chocolat - 200g","p":1.55,"u":"7,75 €/KG","img":"https://fd9-photos.leclercdrive.fr/image.ashx?id=2849704&use=l&cat=p&typeid=i","cat":284479},{"id":382,"n":"Biscottes Epi d'Or 6 céréales x36 - 300g","p":1.22,"u":"4,07 €/KG","img":"https://fd9-photos.leclercdrive.fr/image.ashx?id=2131164&use=l&cat=p&typeid=i","cat":284479},{"id":384,"n":"Biscottes Epi d'Or froment x36 - 300g","p":1.37,"u":"4,57 €/KG","img":"https://fd9-photos.leclercdrive.fr/image.ashx?id=2074376&use=l&cat=p&typeid=i","cat":284479},{"id":388,"n":"Tartines craquantes Epi d'Or  Froment - 250g","p":1.05,"u":"4,20 €/KG","img":"https://fd9-photos.leclercdrive.fr/image.ashx?id=2473972&use=l&cat=p&typeid=i","cat":284479},{"id":399,"n":"Café moulu Plantation Intense et aromatique - 2x250g","p":6.8,"u":"13,60 €/KG","img":"https://fd9-photos.leclercdrive.fr/image.ashx?id=1935811&use=l&cat=p&typeid=i","cat":284750},{"id":400,"n":"Café moulu Plantation  Intense et aromatique - 250g","p":3.5,"u":"14,00 €/KG","img":"https://fd9-photos.leclercdrive.fr/image.ashx?id=2481751&use=l&cat=p&typeid=i","cat":284750},{"id":401,"n":"Café moulu Plantation  Brésil - 2x250g","p":7.19,"u":"14,38 €/KG","img":"https://fd9-photos.leclercdrive.fr/image.ashx?id=1910592&use=l&cat=p&typeid=i","cat":284750},{"id":402,"n":"Café moulu Plantation  Tradition - 4x250g","p":9.69,"u":"9,69 €/KG","img":"https://fd9-photos.leclercdrive.fr/image.ashx?id=2856408&use=l&cat=p&typeid=i","cat":284750},{"id":405,"n":"Café Soluble Nescafé Spécial Filtre Original - 200g","p":7.54,"u":"37,70 €/KG","img":"https://fd9-photos.leclercdrive.fr/image.ashx?id=2837154&use=l&cat=p&typeid=i","cat":284843},{"id":406,"n":"Café soluble Nescafé Capuccino - x10 - 140g","p":2.97,"u":"21,21 €/KG","img":"https://fd9-photos.leclercdrive.fr/image.ashx?id=2729929&use=l&cat=p&typeid=i","cat":284843},{"id":407,"n":"Café et Chicorée Soluble Ricoré Lait - 400g","p":6.11,"u":"15,28 €/KG","img":"https://fd9-photos.leclercdrive.fr/image.ashx?id=2979617&use=l&cat=p&typeid=i","cat":284843},{"id":435,"n":"Infusion Tiséa Tilleul Menthe - x25","p":1.05,"u":"26,25 €/KG","img":"https://fd9-photos.leclercdrive.fr/image.ashx?id=1061147&use=l&cat=p&typeid=i","cat":293234},{"id":444,"n":"Lait en poudre Régilait Demi écrémé - 300g","p":2.34,"u":"7,80 €/KG","img":"https://fd9-photos.leclercdrive.fr/image.ashx?id=2110077&use=l&cat=p&typeid=i","cat":299162},{"id":451,"n":"Confiture Bonne Maman Abricots - 370g","p":1.64,"u":"4,43 €/KG","img":"https://fd9-photos.leclercdrive.fr/image.ashx?id=3001275&use=l&cat=p&typeid=i","cat":284480},{"id":453,"n":"Confiture extra figues NRT De Provence - 315g","p":2.64,"u":"8,38 €/KG","img":"https://fd9-photos.leclercdrive.fr/image.ashx?id=2699801&use=l&cat=p&typeid=i","cat":284480},{"id":456,"n":"Céréales Golden Grahams Nestlé 375g","p":2.27,"u":"6,05 €/KG","img":"https://fd9-photos.leclercdrive.fr/image.ashx?id=2979830&use=l&cat=p&typeid=i","cat":309513},{"id":473,"n":"Céréales Lion Nestlé Caramel et Chocolat - 400g","p":2.62,"u":"6,55 €/KG","img":"https://fd9-photos.leclercdrive.fr/image.ashx?id=2927453&use=l&cat=p&typeid=i","cat":309513},{"id":474,"n":"Céréales Cookie Crisp Nestlé 375g","p":2.29,"u":"6,11 €/KG","img":"https://fd9-photos.leclercdrive.fr/image.ashx?id=2926443&use=l&cat=p&typeid=i","cat":309513},{"id":491,"n":"Levure boulangère Francine 30g","p":1.07,"u":"35,67 €/KG","img":"https://fd9-photos.leclercdrive.fr/image.ashx?id=2210083&use=l&cat=p&typeid=i","cat":294686},{"id":492,"n":"Farine fluide Tablier Blanc Sans grumeaux - 1kg","p":0.85,"u":"0,85 €/KG","img":"https://fd9-photos.leclercdrive.fr/image.ashx?id=2123178&use=l&cat=p&typeid=i","cat":284503},{"id":494,"n":"Levure boulangère Alsa Briochin - x5 - 27.5g","p":0.83,"u":"29,64 €/KG","img":"https://fd9-photos.leclercdrive.fr/image.ashx?id=3007906&use=l&cat=p&typeid=i","cat":294686},{"id":495,"n":"Sucre vanilliné Tablier Blanc x10 - 75g","p":0.73,"u":"9,73 €/KG","img":"https://fd9-photos.leclercdrive.fr/image.ashx?id=1655997&use=l&cat=p&typeid=i","cat":284504},{"id":496,"n":"Sucre Vanillé des Isles Alsa x7 - 52.5g","p":2.34,"u":"45,00 €/KG","img":"https://fd9-photos.leclercdrive.fr/image.ashx?id=2965867&use=l&cat=p&typeid=i","cat":294686},{"id":497,"n":"Sucre Vanillé Alsa x12 - 90g","p":2.04,"u":"22,67 €/KG","img":"https://fd9-photos.leclercdrive.fr/image.ashx?id=3004459&use=l&cat=p&typeid=i","cat":294686},{"id":528,"n":"Bonbons Copains Copines Cola acide - 275 g","p":1.53,"u":"5,56 €/KG","img":"https://fd9-photos.leclercdrive.fr/image.ashx?id=2557866&use=l&cat=p&typeid=i","cat":304250},{"id":546,"n":"Eau minérale naturelle Des Alpes - 6x50cl","p":1.98,"u":"0,66 €/L","img":"https://fd9-photos.leclercdrive.fr/image.ashx?id=2423499&use=l&cat=p&typeid=i","cat":284535},{"id":547,"n":"Eau de source de Montagne 5L","p":0.87,"u":"0,17 €/L","img":"https://fd9-photos.leclercdrive.fr/image.ashx?id=2368518&use=l&cat=p&typeid=i","cat":284535},{"id":567,"n":"Eau gazeuse San Pellegrino Minérale naturelle - 6x50cl","p":2.92,"u":"0,97 €/L","img":"https://fd9-photos.leclercdrive.fr/image.ashx?id=2145871&use=l&cat=p&typeid=i","cat":284536},{"id":591,"n":"Sirop Frucci Citron - 75cl","p":1.69,"u":"2,25 €/L","img":"https://fd9-photos.leclercdrive.fr/image.ashx?id=2842211&use=l&cat=p&typeid=i","cat":295020},{"id":592,"n":"Sirop Frucci Grenadine - 75cl","p":1.99,"u":"2,65 €/L","img":"https://fd9-photos.leclercdrive.fr/image.ashx?id=728426&use=l&cat=p&typeid=i","cat":295020},{"id":593,"n":"Sirop Frucci Pêche - 75cl","p":2.39,"u":"3,19 €/L","img":"https://fd9-photos.leclercdrive.fr/image.ashx?id=728514&use=l&cat=p&typeid=i","cat":295020},{"id":594,"n":"Sirop Frucci Framboise - 75cl","p":3.52,"u":"4,69 €/L","img":"https://fd9-photos.leclercdrive.fr/image.ashx?id=723800&use=l&cat=p&typeid=i","cat":295020},{"id":595,"n":"Sirop Frucci Fraise - 75cl","p":2.69,"u":"3,59 €/L","img":"https://fd9-photos.leclercdrive.fr/image.ashx?id=2842229&use=l&cat=p&typeid=i","cat":295020},{"id":596,"n":"Sirop Frucci Cassis - 75cl","p":2.94,"u":"3,92 €/L","img":"https://fd9-photos.leclercdrive.fr/image.ashx?id=2842238&use=l&cat=p&typeid=i","cat":295020},{"id":598,"n":"100% Pur jus de tomate Jafaden bouteille plastique -1L","p":2.05,"u":"2,05 €/L","img":"https://fd9-photos.leclercdrive.fr/image.ashx?id=2860682&use=l&cat=p&typeid=i","cat":284523},{"id":612,"n":"100% Pur jus d'orange Jafaden Sans pulpe - 1L","p":2.22,"u":"2,22 €/L","img":"https://fd9-photos.leclercdrive.fr/image.ashx?id=2955620&use=l&cat=p&typeid=i","cat":284521},{"id":613,"n":"Jus d'orange Jafaden A base de concentré - 6x20cl","p":1.99,"u":"1,66 €/L","img":"https://fd9-photos.leclercdrive.fr/image.ashx?id=2046998&use=l&cat=p&typeid=i","cat":284524},{"id":617,"n":"100% Pur jus d'orange Jafaden  Sans pulpe - 1,5L","p":2.65,"u":"1,77 €/L","img":"https://fd9-photos.leclercdrive.fr/image.ashx?id=2496878&use=l&cat=p&typeid=i","cat":284521},{"id":618,"n":"Nectar d'orange Jafaden Avec pulpe - 1L","p":1.69,"u":"1,69 €/L","img":"https://fd9-photos.leclercdrive.fr/image.ashx?id=2955638&use=l&cat=p&typeid=i","cat":284521},{"id":619,"n":"Nectar orange Jafaden 2L","p":2.52,"u":"1,26 €/L","img":"https://fd9-photos.leclercdrive.fr/image.ashx?id=2955644&use=l&cat=p&typeid=i","cat":284521},{"id":621,"n":"100% Pur jus d'orange Jafaden  Sans pulpe - 2L","p":3.49,"u":"1,75 €/L","img":"https://fd9-photos.leclercdrive.fr/image.ashx?id=2842456&use=l&cat=p&typeid=i","cat":284521},{"id":624,"n":"Pur Jus de pommes NRT De Bretagne - 1L","p":2.53,"u":"2,53 €/L","img":"https://fd9-photos.leclercdrive.fr/image.ashx?id=2590463&use=l&cat=p&typeid=i","cat":284522},{"id":625,"n":"Pur jus raisin Jafaden 1L","p":1.55,"u":"1,55 €/L","img":"https://fd9-photos.leclercdrive.fr/image.ashx?id=2955626&use=l&cat=p&typeid=i","cat":284915},{"id":627,"n":"Jus pamplemousse rose Jafaden A base de concentré - 1L","p":1.55,"u":"1,55 €/L","img":"https://fd9-photos.leclercdrive.fr/image.ashx?id=2917641&use=l&cat=p&typeid=i","cat":284914},{"id":632,"n":"Jus ananas Jafaden A base de concentré 1L","p":1.75,"u":"1,75 €/L","img":"https://fd9-photos.leclercdrive.fr/image.ashx?id=2478456&use=l&cat=p&typeid=i","cat":284916},{"id":638,"n":"Jus multifruits Jafaden 1L","p":1.89,"u":"1,89 €/L","img":"https://fd9-photos.leclercdrive.fr/image.ashx?id=2916659&use=l&cat=p&typeid=i","cat":285435},{"id":656,"n":"Soda Jean's Cola Canette - 6x33cl","p":2.26,"u":"1,14 €/L","img":"https://fd9-photos.leclercdrive.fr/image.ashx?id=2966632&use=l&cat=p&typeid=i","cat":284530},{"id":657,"n":"Soda Jean's Cola allégé Bouteille - 1,5L","p":0.87,"u":"0,58 €/L","img":"https://fd9-photos.leclercdrive.fr/image.ashx?id=1929904&use=l&cat=p&typeid=i","cat":284530},{"id":668,"n":"Limonade artisanale NRT 1L","p":2.75,"u":"2,75 €/L","img":"https://fd9-photos.leclercdrive.fr/image.ashx?id=2791066&use=l&cat=p&typeid=i","cat":284531},{"id":669,"n":"Limonade des Pyrénées NRT 6x33cl","p":3.35,"u":"1,69 €/L","img":"https://fd9-photos.leclercdrive.fr/image.ashx?id=2771055&use=l&cat=p&typeid=i","cat":284531},{"id":682,"n":"Soda Pulp'Orange Bouteille - 1,5L","p":1.47,"u":"0,98 €/L","img":"https://fd9-photos.leclercdrive.fr/image.ashx?id=2922382&use=l&cat=p&typeid=i","cat":284532},{"id":689,"n":"Thé glacé Fresh Tea Pêche - Canette -  6x33cl","p":2.49,"u":"1,26 €/L","img":"https://fd9-photos.leclercdrive.fr/image.ashx?id=2344011&use=l&cat=p&typeid=i","cat":295019},{"id":699,"n":"Bière blonde 1664 75cl","p":2.02,"u":"2,69 €/L","img":"https://fd9-photos.leclercdrive.fr/image.ashx?id=2730715&use=l&cat=p&typeid=i","cat":334873},{"id":700,"n":"Bière blonde 1664 5,5° - 4x50cl canettes","p":4.64,"u":"2,32 €/L","img":"https://fd9-photos.leclercdrive.fr/image.ashx?id=2793536&use=l&cat=p&typeid=i","cat":334853},{"id":730,"n":"Bière Blonde Altas 7,2% - 50cl canette","p":1.0,"u":"2,00 €/L","img":"https://fd9-photos.leclercdrive.fr/image.ashx?id=1617294&use=l&cat=p&typeid=i","cat":334853},{"id":731,"n":"Bière blonde forte Falsbourg Canette - 8%vol. - 50cl","p":0.98,"u":"1,96 €/L","img":"https://fd9-photos.leclercdrive.fr/image.ashx?id=1907450&use=l&cat=p&typeid=i","cat":334853},{"id":737,"n":"Rhum blanc Lagoa 40%vol - 70cl","p":9.99,"u":"14,27 €/L","img":"https://fd9-photos.leclercdrive.fr/image.ashx?id=2966466&use=l&cat=p&typeid=i","cat":284550},{"id":741,"n":"IGP Pays d'Oc Chardonnay Blanc Vieux Carion 13% vol -75 cl","p":2.75,"u":"3,67 €/L","img":"https://fd9-photos.leclercdrive.fr/image.ashx?id=2556623&use=l&cat=p&typeid=i","cat":289557},{"id":742,"n":"AOP Cabernet d'Anjou vin rosé Les Caractères - BIB 3L - 11%","p":13.49,"u":"4,50 €/L","img":"https://fd9-photos.leclercdrive.fr/image.ashx?id=2796523&use=l&cat=p&typeid=i","cat":289560},{"id":744,"n":"Cidre bouché Les Goelleries Breton brut 5%vol. - 75cl","p":1.99,"u":"2,65 €/L","img":"https://fd9-photos.leclercdrive.fr/image.ashx?id=2842184&use=l&cat=p&typeid=i","cat":334880},{"id":746,"n":"Fromage allégé Bridelight 5% mg - 350g","p":3.82,"u":"10,91 €/KG","img":"https://fd9-photos.leclercdrive.fr/image.ashx?id=2019486&use=l&cat=p&typeid=i","cat":314033},{"id":749,"n":"Camembert Les Croisés 20%MG - 250g","p":1.53,"u":"6,12 €/KG","img":"https://fd9-photos.leclercdrive.fr/image.ashx?id=2974759&use=l&cat=p&typeid=i","cat":314033},{"id":750,"n":"Camembert de Pays Les Croisés 21% mg - 250 gr","p":1.75,"u":"7,00 €/KG","img":"https://fd9-photos.leclercdrive.fr/image.ashx?id=1945411&use=l&cat=p&typeid=i","cat":314033},{"id":751,"n":"Coulommiers Les Croisés Tendre/Onctueux - 24%mg - 350g","p":2.15,"u":"6,14 €/KG","img":"https://fd9-photos.leclercdrive.fr/image.ashx?id=2974765&use=l&cat=p&typeid=i","cat":314033},{"id":752,"n":"Petit Brie Les Croisés 32% matière grasse - 500g","p":4.31,"u":"8,62 €/KG","img":"https://fd9-photos.leclercdrive.fr/image.ashx?id=2974792&use=l&cat=p&typeid=i","cat":314033},{"id":753,"n":"Pointe de Brie Les Croisés 32% mg - 200g","p":1.45,"u":"7,25 €/KG","img":"https://fd9-photos.leclercdrive.fr/image.ashx?id=2974771&use=l&cat=p&typeid=i","cat":314033},{"id":754,"n":"Fromage Les Croisés Coeur Crème Lait pasteurisé 33%mg - 300g","p":2.29,"u":"7,63 €/KG","img":"https://fd9-photos.leclercdrive.fr/image.ashx?id=2341882&use=l&cat=p&typeid=i","cat":314033},{"id":757,"n":"Fromage Comté Entremont 32 %mg - 350g","p":5.2,"u":"14,86 €/KG","img":"https://fd9-photos.leclercdrive.fr/image.ashx?id=2983147&use=l&cat=p&typeid=i","cat":314034},{"id":758,"n":"Bloc de fromage Leerdammer L'Original - 350g","p":4.49,"u":"12,83 €/KG","img":"https://fd9-photos.leclercdrive.fr/image.ashx?id=2507587&use=l&cat=p&typeid=i","cat":314034},{"id":760,"n":"Emmental fromage bloc Les Croisés - 250g","p":2.24,"u":"8,96 €/KG","img":"https://fd9-photos.leclercdrive.fr/image.ashx?id=2897757&use=l&cat=p&typeid=i","cat":314034},{"id":764,"n":"Fromage Bleu Les Croisés Lait pasteurisé 31% mg - 250g","p":2.29,"u":"9,16 €/KG","img":"https://fd9-photos.leclercdrive.fr/image.ashx?id=1081023&use=l&cat=p&typeid=i","cat":314032},{"id":765,"n":"Société Crème  Crème de fromage brebis - 100g","p":2.1,"u":"21,00 €/KG","img":"https://fd9-photos.leclercdrive.fr/image.ashx?id=2729317&use=l&cat=p&typeid=i","cat":314029},{"id":768,"n":"Fromage de chèvre Les Croisés Lait pasteurisé 22%mg - 180g","p":2.29,"u":"12,72 €/KG","img":"https://fd9-photos.leclercdrive.fr/image.ashx?id=2048615&use=l&cat=p&typeid=i","cat":314031},{"id":769,"n":"Fromage de Brebis Les Croisés -Tranche - 200g","p":2.22,"u":"11,10 €/KG","img":"https://fd9-photos.leclercdrive.fr/image.ashx?id=2237499&use=l&cat=p&typeid=i","cat":314031},{"id":785,"n":"Rondelé ail et fines herbes 125g","p":1.63,"u":"13,04 €/KG","img":"https://fd9-photos.leclercdrive.fr/image.ashx?id=2967756&use=l&cat=p&typeid=i","cat":314029},{"id":786,"n":"Chaussée aux Moines 450g","p":3.99,"u":"8,87 €/KG","img":"https://fd9-photos.leclercdrive.fr/image.ashx?id=2771166&use=l&cat=p&typeid=i","cat":329184},{"id":787,"n":"Fromage L'Ortolan  Fromagerie Milleret - 250g","p":2.47,"u":"9,88 €/KG","img":"https://fd9-photos.leclercdrive.fr/image.ashx?id=2450913&use=l&cat=p&typeid=i","cat":314033},{"id":794,"n":"Rocamadour NRT AOP  Fromage de chèvre - 3x35g","p":2.69,"u":"25,62 €/KG","img":"https://fd9-photos.leclercdrive.fr/image.ashx?id=1913075&use=l&cat=p&typeid=i","cat":314031},{"id":795,"n":"Fromage Brique Les Croisés Lait pasteurisé 60%mg - 200g","p":1.74,"u":"8,70 €/KG","img":"https://fd9-photos.leclercdrive.fr/image.ashx?id=718110&use=l&cat=p&typeid=i","cat":314033},{"id":796,"n":"Fromage raclette Les Croisés Tranchette lait pasteurisé 400g","p":3.89,"u":"9,73 €/KG","img":"https://fd9-photos.leclercdrive.fr/image.ashx?id=2411883&use=l&cat=p&typeid=i","cat":314037},{"id":800,"n":"Mozzarella Les Croisés - 125g","p":0.93,"u":"7,44 €/KG","img":"https://fd9-photos.leclercdrive.fr/image.ashx?id=2129990&use=l&cat=p&typeid=i","cat":314026},{"id":806,"n":"Emmental fromage rapé Les Croisés - 500g","p":3.99,"u":"7,98 €/KG","img":"https://fd9-photos.leclercdrive.fr/image.ashx?id=2832900&use=l&cat=p&typeid=i","cat":314035},{"id":807,"n":"Emmental fromage rapé Les Croisés - 200g","p":1.65,"u":"8,25 €/KG","img":"https://fd9-photos.leclercdrive.fr/image.ashx?id=2842262&use=l&cat=p&typeid=i","cat":314035},{"id":808,"n":"Emmental fromage rapé Les Croisés - 100g","p":1.1,"u":"11,00 €/KG","img":"https://fd9-photos.leclercdrive.fr/image.ashx?id=2368503&use=l&cat=p&typeid=i","cat":314035},{"id":809,"n":"Râpé Parmigiano Reggiano AOP Les Croisés - 60g","p":1.1,"u":"18,33 €/KG","img":"https://fd9-photos.leclercdrive.fr/image.ashx?id=2283987&use=l&cat=p&typeid=i","cat":314035},{"id":810,"n":"Râpé Grana Padano AOP Les Croisés - 100g","p":1.5,"u":"15,00 €/KG","img":"https://fd9-photos.leclercdrive.fr/image.ashx?id=2688300&use=l&cat=p&typeid=i","cat":314035},{"id":816,"n":"Yaourts Délisse Nature - 16x125g","p":2.25,"u":"1,13 €/KG","img":"https://fd9-photos.leclercdrive.fr/image.ashx?id=2974756&use=l&cat=p&typeid=i","cat":284409},{"id":817,"n":"Yaourts Délisse Nature - 12x125g","p":1.85,"u":"1,23 €/KG","img":"https://fd9-photos.leclercdrive.fr/image.ashx?id=2971867&use=l&cat=p&typeid=i","cat":284409},{"id":818,"n":"Yaourts brassés Délisse  Nature - 8x125g","p":1.65,"u":"1,65 €/KG","img":"https://fd9-photos.leclercdrive.fr/image.ashx?id=2742611&use=l&cat=p&typeid=i","cat":284409},{"id":819,"n":"Yaourts brassés Délisse Nature - 16x125g","p":2.99,"u":"1,50 €/KG","img":"https://fd9-photos.leclercdrive.fr/image.ashx?id=2282159&use=l&cat=p&typeid=i","cat":284409},{"id":821,"n":"Yaourts sucrés Délisse Nature - 16x125g","p":2.69,"u":"1,35 €/KG","img":"https://fd9-photos.leclercdrive.fr/image.ashx?id=2591485&use=l&cat=p&typeid=i","cat":284409},{"id":822,"n":"Yaourts à la Grecque Délisse Nature - 4x150g","p":1.29,"u":"2,15 €/KG","img":"https://fd9-photos.leclercdrive.fr/image.ashx?id=1920964&use=l&cat=p&typeid=i","cat":314999},{"id":834,"n":"Yaourts La Laitière Fruits pâtissiers - 12x125g","p":4.35,"u":"2,90 €/KG","img":"https://fd9-photos.leclercdrive.fr/image.ashx?id=2578684&use=l&cat=p&typeid=i","cat":314999},{"id":841,"n":"Yaourts brassés Délisse Panaché de fruits - 16x125g","p":3.26,"u":"1,63 €/KG","img":"https://fd9-photos.leclercdrive.fr/image.ashx?id=2494211&use=l&cat=p&typeid=i","cat":284410},{"id":842,"n":"Yaourts aux fruits Délisse Panaché de fruits - 16x125g","p":3.78,"u":"1,89 €/KG","img":"https://fd9-photos.leclercdrive.fr/image.ashx?id=2609544&use=l&cat=p&typeid=i","cat":284410},{"id":855,"n":"Yaourts brassés Déli'light  Nature - 0% MG - 8x125g","p":2.13,"u":"2,13 €/KG","img":"https://fd9-photos.leclercdrive.fr/image.ashx?id=1732027&use=l&cat=p&typeid=i","cat":315000},{"id":872,"n":"Actifidus Delisse Nature - 12x125g","p":2.23,"u":"1,49 €/KG","img":"https://fd9-photos.leclercdrive.fr/image.ashx?id=1944565&use=l&cat=p&typeid=i","cat":315000},{"id":879,"n":"Fromage blanc sous mousse  Gervita nature - 4x100g","p":1.87,"u":"4,68 €/KG","img":"https://fd9-photos.leclercdrive.fr/image.ashx?id=2746157&use=l&cat=p&typeid=i","cat":284409},{"id":887,"n":"Fromage frais Délisse Fruits panachés 22%mg - 12x50g","p":1.51,"u":"2,52 €/KG","img":"https://fd9-photos.leclercdrive.fr/image.ashx?id=2155180&use=l&cat=p&typeid=i","cat":284414},{"id":890,"n":"Fromage frais Délisse Nature 3,8% MG - 12x60g","p":1.64,"u":"2,28 €/KG","img":"https://fd9-photos.leclercdrive.fr/image.ashx?id=799431&use=l&cat=p&typeid=i","cat":284409},{"id":891,"n":"Pot de Faisselle NRT 7% matière grasse 1kg","p":3.35,"u":"3,35 €/KG","img":"https://fd9-photos.leclercdrive.fr/image.ashx?id=1946904&use=l&cat=p&typeid=i","cat":284409},{"id":892,"n":"Fromage frais Duodélisse Nature - 8x100g","p":2.79,"u":"3,49 €/KG","img":"https://fd9-photos.leclercdrive.fr/image.ashx?id=2387316&use=l&cat=p&typeid=i","cat":284409},{"id":894,"n":"Fromage blanc Délisse Nature 0% MG - 8x100g","p":1.79,"u":"2,24 €/KG","img":"https://fd9-photos.leclercdrive.fr/image.ashx?id=2898817&use=l&cat=p&typeid=i","cat":315000},{"id":895,"n":"Fromage blanc Délisse Nature - 3,1% MG - 8x100g","p":1.79,"u":"2,24 €/KG","img":"https://fd9-photos.leclercdrive.fr/image.ashx?id=3012791&use=l&cat=p&typeid=i","cat":284409},{"id":897,"n":"Fromage blanc Délisse Nature 3.1% MG - 1kg","p":1.97,"u":"1,97 €/KG","img":"https://fd9-photos.leclercdrive.fr/image.ashx?id=3012788&use=l&cat=p&typeid=i","cat":284409},{"id":909,"n":"Crème dessert Danette Chocolat et lait - 6x70g","p":1.55,"u":"3,69 €/KG","img":"https://fd9-photos.leclercdrive.fr/image.ashx?id=1984855&use=l&cat=p&typeid=i","cat":285041},{"id":918,"n":"Crème dessert Délisse Café - 4x125g","p":0.89,"u":"1,78 €/KG","img":"https://fd9-photos.leclercdrive.fr/image.ashx?id=2441048&use=l&cat=p&typeid=i","cat":285041},{"id":919,"n":"Crème dessert Délisse Caramel - 4x125g","p":0.91,"u":"1,82 €/KG","img":"https://fd9-photos.leclercdrive.fr/image.ashx?id=2854204&use=l&cat=p&typeid=i","cat":285041},{"id":920,"n":"Crème dessert Délisse Chocolat - 4x125g","p":0.95,"u":"1,90 €/KG","img":"https://fd9-photos.leclercdrive.fr/image.ashx?id=2854207&use=l&cat=p&typeid=i","cat":285041},{"id":921,"n":"Crème dessert Délisse Vanille - 4x125g","p":0.89,"u":"1,78 €/KG","img":"https://fd9-photos.leclercdrive.fr/image.ashx?id=2854210&use=l&cat=p&typeid=i","cat":285041},{"id":922,"n":"Crème dessert Délisse Praliné - 4x125g","p":0.95,"u":"1,90 €/KG","img":"https://fd9-photos.leclercdrive.fr/image.ashx?id=2441063&use=l&cat=p&typeid=i","cat":285041},{"id":923,"n":"Crème dessert Délisse Panaché - 12x125g","p":2.83,"u":"1,89 €/KG","img":"https://fd9-photos.leclercdrive.fr/image.ashx?id=2465211&use=l&cat=p&typeid=i","cat":285041},{"id":924,"n":"Petit pot de crème Délisse Chocolat - 4x100g","p":1.88,"u":"4,70 €/KG","img":"https://fd9-photos.leclercdrive.fr/image.ashx?id=1962432&use=l&cat=p&typeid=i","cat":285041},{"id":925,"n":"Petit pot de crème Délisse Vanille - 4x100g","p":1.74,"u":"4,35 €/KG","img":"https://fd9-photos.leclercdrive.fr/image.ashx?id=2460473&use=l&cat=p&typeid=i","cat":285041},{"id":927,"n":"Petit pot de crème Délisse Caramel - 4x100g","p":1.85,"u":"4,63 €/KG","img":"https://fd9-photos.leclercdrive.fr/image.ashx?id=1945414&use=l&cat=p&typeid=i","cat":285041},{"id":931,"n":"Dessert Liégeois Délisse Café - 4x100g","p":0.99,"u":"2,48 €/KG","img":"https://fd9-photos.leclercdrive.fr/image.ashx?id=1703224&use=l&cat=p&typeid=i","cat":285042},{"id":932,"n":"Dessert Liégeois Délisse Chocolat - 4x100g","p":1.1,"u":"2,75 €/KG","img":"https://fd9-photos.leclercdrive.fr/image.ashx?id=1868860&use=l&cat=p&typeid=i","cat":285042},{"id":933,"n":"Dessert Liégeois Délisse Chocolat Café - 8x100g","p":2.19,"u":"2,74 €/KG","img":"https://fd9-photos.leclercdrive.fr/image.ashx?id=1703227&use=l&cat=p&typeid=i","cat":285042},{"id":934,"n":"Dessert Liégeois Délisse Chocolat - 12x100g","p":3.14,"u":"2,62 €/KG","img":"https://fd9-photos.leclercdrive.fr/image.ashx?id=1868857&use=l&cat=p&typeid=i","cat":285042},{"id":935,"n":"Dessert Liégeois Délisse Vanille Caramel - 8x100g","p":1.98,"u":"2,48 €/KG","img":"https://fd9-photos.leclercdrive.fr/image.ashx?id=1713618&use=l&cat=p&typeid=i","cat":285042},{"id":936,"n":"Riz au lait Délisse  Vanille - 4x115g","p":1.35,"u":"2,93 €/KG","img":"https://fd9-photos.leclercdrive.fr/image.ashx?id=2489107&use=l&cat=p&typeid=i","cat":284418},{"id":938,"n":"Gâteaux de semoule Délisse 4x100g","p":2.2,"u":"5,50 €/KG","img":"https://fd9-photos.leclercdrive.fr/image.ashx?id=2544964&use=l&cat=p&typeid=i","cat":284418},{"id":939,"n":"Semoule au lait Délisse Vanille - 4x115g","p":1.09,"u":"2,37 €/KG","img":"https://fd9-photos.leclercdrive.fr/image.ashx?id=2254514&use=l&cat=p&typeid=i","cat":284418},{"id":940,"n":"Gâteaux de riz Délisse 4x100g","p":1.49,"u":"3,73 €/KG","img":"https://fd9-photos.leclercdrive.fr/image.ashx?id=2048097&use=l&cat=p&typeid=i","cat":284418},{"id":941,"n":"Mousse liégeoise Viennois  Chocolat - 8x90g","p":3.09,"u":"4,29 €/KG","img":"https://fd9-photos.leclercdrive.fr/image.ashx?id=2855043&use=l&cat=p&typeid=i","cat":284417},{"id":942,"n":"Mousse à la liégeoise Délisse Vanille - 8x80g","p":2.62,"u":"4,09 €/KG","img":"https://fd9-photos.leclercdrive.fr/image.ashx?id=1926936&use=l&cat=p&typeid=i","cat":284417},{"id":943,"n":"Mousse Délisse Chocolat noir - 4x60g","p":1.15,"u":"4,79 €/KG","img":"https://fd9-photos.leclercdrive.fr/image.ashx?id=1706697&use=l&cat=p&typeid=i","cat":284417},{"id":944,"n":"Mousse au chocolat Délisse Chocolat au lait - 4x60g","p":1.15,"u":"4,79 €/KG","img":"https://fd9-photos.leclercdrive.fr/image.ashx?id=1689261&use=l&cat=p&typeid=i","cat":284417},{"id":955,"n":"Ile flottante Délisse Crème anglaise - 4x100g","p":1.89,"u":"4,73 €/KG","img":"https://fd9-photos.leclercdrive.fr/image.ashx?id=1701112&use=l&cat=p&typeid=i","cat":284419},{"id":956,"n":"Baba au rhum Délisse 2x150g","p":1.49,"u":"4,97 €/KG","img":"https://fd9-photos.leclercdrive.fr/image.ashx?id=1871461&use=l&cat=p&typeid=i","cat":284419},{"id":964,"n":"Lait demi-écrémé Délisse UHT Bouteille -  1L","p":1.05,"u":"1,05 €/L","img":"https://fd9-photos.leclercdrive.fr/image.ashx?id=2981834&use=l&cat=p&typeid=i","cat":284377},{"id":965,"n":"Lait demi-écrémé Délisse UHT Bouteille -  50cl","p":0.79,"u":"1,58 €/L","img":"https://fd9-photos.leclercdrive.fr/image.ashx?id=2981858&use=l&cat=p&typeid=i","cat":284377},{"id":970,"n":"Boisson lactée au cacao Cacolac Bouteilles - 8x20cl","p":5.16,"u":"3,23 €/L","img":"https://fd9-photos.leclercdrive.fr/image.ashx?id=2762085&use=l&cat=p&typeid=i","cat":295246},{"id":974,"n":"Lait bio Bio Village Bouteille  Demi-écrémé UHT -  1L","p":1.08,"u":"1,08 €/L","img":"https://fd9-photos.leclercdrive.fr/image.ashx?id=3015593&use=l&cat=p&typeid=i","cat":284377},{"id":979,"n":"Beurre Mini Elle&Vire  Doux - 82% MG - 16P - 200g","p":2.83,"u":"14,15 €/KG","img":"https://fd9-photos.leclercdrive.fr/image.ashx?id=2528397&use=l&cat=p&typeid=i","cat":284379},{"id":981,"n":"Beurre Montfleuri Doux - 60% MG - 250g","p":1.94,"u":"7,76 €/KG","img":"https://fd9-photos.leclercdrive.fr/image.ashx?id=2988569&use=l&cat=p&typeid=i","cat":284379},{"id":983,"n":"Beurre Tendre Les Croisés Doux - 82% MG - 250g","p":2.59,"u":"10,36 €/KG","img":"https://fd9-photos.leclercdrive.fr/image.ashx?id=2778018&use=l&cat=p&typeid=i","cat":284379},{"id":985,"n":"Beurre de Bretagne Les Croisés Doux - 82% MG - 500g","p":4.89,"u":"9,78 €/KG","img":"https://fd9-photos.leclercdrive.fr/image.ashx?id=2050839&use=l&cat=p&typeid=i","cat":284379},{"id":989,"n":"Beurre Tendre Les Croisés Demi-sel - 80% MG - 250g","p":2.62,"u":"10,48 €/KG","img":"https://fd9-photos.leclercdrive.fr/image.ashx?id=2778009&use=l&cat=p&typeid=i","cat":284379},{"id":990,"n":"Beurre Tendre Les Croisés Doux - 82% MG - 250g","p":2.29,"u":"9,16 €/KG","img":"https://fd9-photos.leclercdrive.fr/image.ashx?id=2839890&use=l&cat=p&typeid=i","cat":284379},{"id":991,"n":"Beurre de Bretagne Les Croisés Demi-sel - 80% MG - 500g","p":4.89,"u":"9,78 €/KG","img":"https://fd9-photos.leclercdrive.fr/image.ashx?id=2943602&use=l&cat=p&typeid=i","cat":284379},{"id":1003,"n":"Crème UHT Elle & Vire Fluide Entière - 30% MG - 1L","p":5.31,"u":"5,31 €/L","img":"https://fd9-photos.leclercdrive.fr/image.ashx?id=3008554&use=l&cat=p&typeid=i","cat":284381},{"id":1004,"n":"Crème UHT Elle&Vire Semi-Ep. Si Légère - 4% MG - 3x20cl","p":2.58,"u":"4,30 €/L","img":"https://fd9-photos.leclercdrive.fr/image.ashx?id=2985282&use=l&cat=p&typeid=i","cat":284381},{"id":1005,"n":"Crème Chantilly sucrée Délisse Entière sous pression - 250g","p":1.95,"u":"7,80 €/KG","img":"https://fd9-photos.leclercdrive.fr/image.ashx?id=1763964&use=l&cat=p&typeid=i","cat":284382},{"id":1006,"n":"Crème Chantilly sucrée Délisse Allégée sous pression - 250g","p":1.85,"u":"7,40 €/KG","img":"https://fd9-photos.leclercdrive.fr/image.ashx?id=1732322&use=l&cat=p&typeid=i","cat":284382},{"id":1008,"n":"Crème entière fluide Délisse 30%mg - 3x20cl","p":2.65,"u":"4,42 €/L","img":"https://fd9-photos.leclercdrive.fr/image.ashx?id=2509977&use=l&cat=p&typeid=i","cat":284381},{"id":1009,"n":"Crème légère semi-épaisse   Délisse 18%mg - 3x20cl","p":2.09,"u":"3,48 €/L","img":"https://fd9-photos.leclercdrive.fr/image.ashx?id=1881368&use=l&cat=p&typeid=i","cat":284381},{"id":1010,"n":"Crème entière d'Isigny AOP NRT 40cl","p":2.99,"u":"7,48 €/L","img":"https://fd9-photos.leclercdrive.fr/image.ashx?id=2255331&use=l&cat=p&typeid=i","cat":284381},{"id":1011,"n":"Crème fraîche légère Délisse Epaisse - 15% MG - 20cl","p":0.7,"u":"3,50 €/L","img":"https://fd9-photos.leclercdrive.fr/image.ashx?id=832927&use=l&cat=p&typeid=i","cat":284381},{"id":1012,"n":"Crème fraîche légère Délisse Epaisse - 15% MG  - 50cl","p":1.55,"u":"3,10 €/L","img":"https://fd9-photos.leclercdrive.fr/image.ashx?id=3002539&use=l&cat=p&typeid=i","cat":284381},{"id":1013,"n":"Crème fraîche entière Délisse Epaisse - 30% MG - 20cl","p":0.84,"u":"4,20 €/L","img":"https://fd9-photos.leclercdrive.fr/image.ashx?id=832931&use=l&cat=p&typeid=i","cat":284381},{"id":1014,"n":"Crème fraîche entière Délisse Epaisse - 30% MG- 50cl","p":1.95,"u":"3,90 €/L","img":"https://fd9-photos.leclercdrive.fr/image.ashx?id=3002524&use=l&cat=p&typeid=i","cat":284381},{"id":1019,"n":"Jambon Italien Saint Azay x6 - 100g","p":1.75,"u":"17,50 €/KG","img":"https://fd9-photos.leclercdrive.fr/image.ashx?id=2466871&use=l&cat=p&typeid=i","cat":316007},{"id":1021,"n":"Rosette de lyon Saint Azay 10 tranches - 100g","p":2.99,"u":"29,90 €/KG","img":"https://fd9-photos.leclercdrive.fr/image.ashx?id=2114415&use=l&cat=p&typeid=i","cat":316007},{"id":1022,"n":"Bacon Saint Azay x15 - 150g","p":1.79,"u":"11,93 €/KG","img":"https://fd9-photos.leclercdrive.fr/image.ashx?id=2974957&use=l&cat=p&typeid=i","cat":316007},{"id":1027,"n":"Plateau charcuteries Alsace NRT 200g","p":2.04,"u":"10,20 €/KG","img":"https://fd9-photos.leclercdrive.fr/image.ashx?id=2991479&use=l&cat=p&typeid=i","cat":316012},{"id":1028,"n":"Mini saucisse sèche Saint Azay 3x50g","p":2.59,"u":"17,27 €/KG","img":"https://fd9-photos.leclercdrive.fr/image.ashx?id=2404422&use=l&cat=p&typeid=i","cat":316006},{"id":1029,"n":"Mini saucissons secs Saint Azay Nature - 75g","p":1.29,"u":"17,20 €/KG","img":"https://fd9-photos.leclercdrive.fr/image.ashx?id=2943617&use=l&cat=p&typeid=i","cat":316006},{"id":1030,"n":"Mini Saucissons secs Saint Azay Aux noix - 75g","p":1.35,"u":"18,00 €/KG","img":"https://fd9-photos.leclercdrive.fr/image.ashx?id=2437076&use=l&cat=p&typeid=i","cat":316006},{"id":1032,"n":"Saucisse sèche Saint Azay Qualité supérieure - 300g","p":3.46,"u":"11,53 €/KG","img":"https://fd9-photos.leclercdrive.fr/image.ashx?id=2283978&use=l&cat=p&typeid=i","cat":316006},{"id":1033,"n":"Chorizo Doux Saint Azay 225g","p":1.89,"u":"8,40 €/KG","img":"https://fd9-photos.leclercdrive.fr/image.ashx?id=2293375&use=l&cat=p&typeid=i","cat":316006},{"id":1034,"n":"Chorizo Fort Saint Azay 225g","p":1.89,"u":"8,40 €/KG","img":"https://fd9-photos.leclercdrive.fr/image.ashx?id=1959139&use=l&cat=p&typeid=i","cat":316006},{"id":1035,"n":"Chorizo Extra Fort Saint Azay 225g","p":1.89,"u":"8,40 €/KG","img":"https://fd9-photos.leclercdrive.fr/image.ashx?id=2753466&use=l&cat=p&typeid=i","cat":316006},{"id":1058,"n":"Jambon serrano IGP Saint Azay 6 tranches - 100g","p":1.69,"u":"16,90 €/KG","img":"https://fd9-photos.leclercdrive.fr/image.ashx?id=1880521&use=l&cat=p&typeid=i","cat":316007},{"id":1069,"n":"Saucisses de Montbéliard IGP NRT - 250g","p":3.19,"u":"12,76 €/KG","img":"https://fd9-photos.leclercdrive.fr/image.ashx?id=2991470&use=l&cat=p&typeid=i","cat":316012},{"id":1070,"n":"Saucisse de Morteau NRT IGP - 350g","p":5.41,"u":"15,46 €/KG","img":"https://fd9-photos.leclercdrive.fr/image.ashx?id=2991464&use=l&cat=p&typeid=i","cat":316012},{"id":1071,"n":"Coppa italienne Saint Azay 10 tranches 100 g","p":1.98,"u":"19,80 €/KG","img":"https://fd9-photos.leclercdrive.fr/image.ashx?id=2665844&use=l&cat=p&typeid=i","cat":316007},{"id":1081,"n":"Véritables Knacks d'Alsace NRT X4 - 260g","p":2.79,"u":"10,73 €/KG","img":"https://fd9-photos.leclercdrive.fr/image.ashx?id=2991488&use=l&cat=p&typeid=i","cat":316012},{"id":1087,"n":"Pâté en croûte St Azay 450g","p":2.65,"u":"5,89 €/KG","img":"https://fd9-photos.leclercdrive.fr/image.ashx?id=2117117&use=l&cat=p&typeid=i","cat":316003},{"id":1104,"n":"Foie gras canard IGP Périgord Entier NRT - 300g","p":23.9,"u":"79,67 €/KG","img":"https://fd9-photos.leclercdrive.fr/image.ashx?id=2995661&use=l&cat=p&typeid=i","cat":316008},{"id":1105,"n":"Carottes râpées Menu Fraîcheur  Assaisonnées - 500g","p":0.99,"u":"1,98 €/KG","img":"https://fd9-photos.leclercdrive.fr/image.ashx?id=2552406&use=l&cat=p&typeid=i","cat":333657},{"id":1106,"n":"Céleri Menu Fraîcheur  Rémoulade - 300g","p":0.99,"u":"3,30 €/KG","img":"https://fd9-photos.leclercdrive.fr/image.ashx?id=2552391&use=l&cat=p&typeid=i","cat":333657},{"id":1107,"n":"Taboulé Menu Fraîcheur A l'orientale - 300g","p":0.99,"u":"3,30 €/KG","img":"https://fd9-photos.leclercdrive.fr/image.ashx?id=2552397&use=l&cat=p&typeid=i","cat":333657},{"id":1108,"n":"Taboulé Menu Fraîcheur A l'orientale - 500g","p":1.39,"u":"2,78 €/KG","img":"https://fd9-photos.leclercdrive.fr/image.ashx?id=2552400&use=l&cat=p&typeid=i","cat":333657},{"id":1109,"n":"Taboule Menu Fraîcheur Au poulet - 300g","p":1.39,"u":"4,63 €/KG","img":"https://fd9-photos.leclercdrive.fr/image.ashx?id=2552421&use=l&cat=p&typeid=i","cat":333657},{"id":1110,"n":"Riz cantonais Tables du Monde 400g","p":3.06,"u":"7,65 €/KG","img":"https://fd9-photos.leclercdrive.fr/image.ashx?id=2846553&use=l&cat=p&typeid=i","cat":333665},{"id":1115,"n":"Croque-monsieur Côté Croc 2x100g","p":1.36,"u":"6,80 €/KG","img":"https://fd9-photos.leclercdrive.fr/image.ashx?id=2873661&use=l&cat=p&typeid=i","cat":333671},{"id":1117,"n":"Manchons de poulet Côté Croc 250g","p":2.49,"u":"9,96 €/KG","img":"https://fd9-photos.leclercdrive.fr/image.ashx?id=2560467&use=l&cat=p&typeid=i","cat":333685},{"id":1118,"n":"Manchons de poulet Côté Croc Méxicaine - 250g","p":2.49,"u":"9,96 €/KG","img":"https://fd9-photos.leclercdrive.fr/image.ashx?id=1936614&use=l&cat=p&typeid=i","cat":333685},{"id":1119,"n":"Sandwich Côté Snack Rosette - 125g","p":0.99,"u":"7,92 €/KG","img":"https://fd9-photos.leclercdrive.fr/image.ashx?id=2794829&use=l&cat=p&typeid=i","cat":333658},{"id":1120,"n":"Sandwich Côté Snack Jambon beurre - 125g","p":0.99,"u":"7,92 €/KG","img":"https://fd9-photos.leclercdrive.fr/image.ashx?id=2619707&use=l&cat=p&typeid=i","cat":333658},{"id":1121,"n":"Sandwich Côté Snack Jambon emmental - 145g","p":1.19,"u":"8,21 €/KG","img":"https://fd9-photos.leclercdrive.fr/image.ashx?id=2609547&use=l&cat=p&typeid=i","cat":333658},{"id":1123,"n":"Sandwich Côté Snack Thon crudités - 145g","p":1.19,"u":"8,21 €/KG","img":"https://fd9-photos.leclercdrive.fr/image.ashx?id=2604969&use=l&cat=p&typeid=i","cat":333658},{"id":1125,"n":"Cordons bleus Côté Croc Dinde - 200g","p":1.95,"u":"9,75 €/KG","img":"https://fd9-photos.leclercdrive.fr/image.ashx?id=2795535&use=l&cat=p&typeid=i","cat":333683},{"id":1126,"n":"Nuggets de poulet Côté Croc x10 - 200g","p":1.52,"u":"7,60 €/KG","img":"https://fd9-photos.leclercdrive.fr/image.ashx?id=1935817&use=l&cat=p&typeid=i","cat":333684},{"id":1127,"n":"Croque Fromage Père Dodu  x2 - 200g","p":1.86,"u":"9,30 €/KG","img":"https://fd9-photos.leclercdrive.fr/image.ashx?id=2956981&use=l&cat=p&typeid=i","cat":333683},{"id":1133,"n":"Nuggets de Poulet Père Dodu  x10 - 200g","p":2.07,"u":"10,35 €/KG","img":"https://fd9-photos.leclercdrive.fr/image.ashx?id=2956972&use=l&cat=p&typeid=i","cat":333684},{"id":1134,"n":"Nuggets de Fromage Père Dodu  x10 - 180g","p":2.07,"u":"11,50 €/KG","img":"https://fd9-photos.leclercdrive.fr/image.ashx?id=2956990&use=l&cat=p&typeid=i","cat":333684},{"id":1135,"n":"Pizza fraîche Turini Jambon fromage - 450g","p":2.39,"u":"5,31 €/KG","img":"https://fd9-photos.leclercdrive.fr/image.ashx?id=1959034&use=l&cat=p&typeid=i","cat":333679},{"id":1136,"n":"Pizza fraîche Turini 4 fromages - 450g","p":2.49,"u":"5,53 €/KG","img":"https://fd9-photos.leclercdrive.fr/image.ashx?id=2590412&use=l&cat=p&typeid=i","cat":333679},{"id":1137,"n":"Pizza Turini Chèvre lardons - 450g","p":2.58,"u":"5,73 €/KG","img":"https://fd9-photos.leclercdrive.fr/image.ashx?id=1937208&use=l&cat=p&typeid=i","cat":333679},{"id":1144,"n":"Ravioli jambon Turini 300g","p":2.06,"u":"6,87 €/KG","img":"https://fd9-photos.leclercdrive.fr/image.ashx?id=2777997&use=l&cat=p&typeid=i","cat":333682},{"id":1145,"n":"Ravioli 4 fromages Turini 300g","p":1.49,"u":"4,97 €/KG","img":"https://fd9-photos.leclercdrive.fr/image.ashx?id=813114&use=l&cat=p&typeid=i","cat":333682},{"id":1149,"n":"Pâte à pizza Tablier Blanc 260g","p":1.05,"u":"4,04 €/KG","img":"https://fd9-photos.leclercdrive.fr/image.ashx?id=2041773&use=l&cat=p&typeid=i","cat":333681},{"id":1150,"n":"Pâte sablée Tablier Blanc 230g","p":1.09,"u":"4,74 €/KG","img":"https://fd9-photos.leclercdrive.fr/image.ashx?id=2054945&use=l&cat=p&typeid=i","cat":333681},{"id":1151,"n":"Pâte feuilletée Tablier Blanc Au beurre - 230g","p":1.15,"u":"5,00 €/KG","img":"https://fd9-photos.leclercdrive.fr/image.ashx?id=2942780&use=l&cat=p&typeid=i","cat":333681},{"id":1152,"n":"Pâte feuilletée Tablier Blanc Prête à dérouler - 230g","p":0.74,"u":"3,22 €/KG","img":"https://fd9-photos.leclercdrive.fr/image.ashx?id=2922388&use=l&cat=p&typeid=i","cat":333681},{"id":1154,"n":"Lardons de saumon fumé Ronde des Mers - 90g","p":3.6,"u":"40,00 €/KG","img":"https://fd9-photos.leclercdrive.fr/image.ashx?id=2449975&use=l&cat=p&typeid=i","cat":285188},{"id":1163,"n":"Mini blinis Ronde des Mers x16 - 135g","p":0.99,"u":"7,33 €/KG","img":"https://fd9-photos.leclercdrive.fr/image.ashx?id=2981849&use=l&cat=p&typeid=i","cat":285191},{"id":1164,"n":"Bâtonnets surimi Pêche Océan MSC - 400g","p":2.19,"u":"5,48 €/KG","img":"https://fd9-photos.leclercdrive.fr/image.ashx?id=2981840&use=l&cat=p&typeid=i","cat":285189},{"id":1165,"n":"Bâtonnets Surimi Pêche Océan MSC - x30 - 500g","p":2.74,"u":"5,48 €/KG","img":"https://fd9-photos.leclercdrive.fr/image.ashx?id=2981864&use=l&cat=p&typeid=i","cat":285189},{"id":1166,"n":"Miettes de surimi Pêche Océan MSC - 180g","p":1.64,"u":"9,11 €/KG","img":"https://fd9-photos.leclercdrive.fr/image.ashx?id=2096883&use=l&cat=p&typeid=i","cat":285189},{"id":1167,"n":"Oeufs de lompe Ronde des mers Noir - MSC - 100g","p":2.6,"u":"26,00 €/KG","img":"https://fd9-photos.leclercdrive.fr/image.ashx?id=2644855&use=l&cat=p&typeid=i","cat":285191},{"id":1168,"n":"Filets de hareng Pêche Océan MSC - Doux - 200g","p":1.75,"u":"8,75 €/KG","img":"https://fd9-photos.leclercdrive.fr/image.ashx?id=2992489&use=l&cat=p&typeid=i","cat":285190},{"id":1169,"n":"Filets d'anchois Pêche Océan À l'huile d'olive - 105g","p":2.45,"u":"23,33 €/KG","img":"https://fd9-photos.leclercdrive.fr/image.ashx?id=1671925&use=l&cat=p&typeid=i","cat":285190},{"id":1178,"n":"Pizza Cuite sur pierre Volpone  Bolognaise - 400g","p":2.0,"u":"5,00 €/KG","img":"https://fd9-photos.leclercdrive.fr/image.ashx?id=2096239&use=l&cat=p&typeid=i","cat":284256},{"id":1179,"n":"Pizza Royale Turini Cuite au feu de bois - 440g","p":2.15,"u":"4,89 €/KG","img":"https://fd9-photos.leclercdrive.fr/image.ashx?id=2815199&use=l&cat=p&typeid=i","cat":284256},{"id":1180,"n":"Quiche Lorraine Côté Table 400g","p":2.49,"u":"6,23 €/KG","img":"https://fd9-photos.leclercdrive.fr/image.ashx?id=1948541&use=l&cat=p&typeid=i","cat":284257},{"id":1181,"n":"Tarte aux poireaux Côté Table - 400g","p":2.55,"u":"6,38 €/KG","img":"https://fd9-photos.leclercdrive.fr/image.ashx?id=2791710&use=l&cat=p&typeid=i","cat":284257},{"id":1182,"n":"Crêpes Côté Table Jambon fromage x6 - 300g","p":1.99,"u":"6,63 €/KG","img":"https://fd9-photos.leclercdrive.fr/image.ashx?id=2932402&use=l&cat=p&typeid=i","cat":319776},{"id":1183,"n":"Crêpes Côté Table Jambon fromage x20 1kg","p":3.89,"u":"3,89 €/KG","img":"https://fd9-photos.leclercdrive.fr/image.ashx?id=2932405&use=l&cat=p&typeid=i","cat":319776},{"id":1185,"n":"Steaks hachés Charal Pur Bœuf 15% MG 10x100g - 1kg","p":13.95,"u":"13,95 €/KG","img":"https://fd9-photos.leclercdrive.fr/image.ashx?id=2659300&use=l&cat=p&typeid=i","cat":319778},{"id":1186,"n":"Haché Extra Moelleux Charal 10x100g - 1kg","p":11.61,"u":"11,61 €/KG","img":"https://fd9-photos.leclercdrive.fr/image.ashx?id=2731735&use=l&cat=p&typeid=i","cat":319778},{"id":1187,"n":"Haché à l'oignon Charal 10x100g - 1kg","p":8.53,"u":"8,53 €/KG","img":"https://fd9-photos.leclercdrive.fr/image.ashx?id=2741940&use=l&cat=p&typeid=i","cat":319778},{"id":1191,"n":"Poisson Bordelaise Pêche Océan MSC - 400g","p":2.99,"u":"7,48 €/KG","img":"https://fd9-photos.leclercdrive.fr/image.ashx?id=2930081&use=l&cat=p&typeid=i","cat":319788},{"id":1192,"n":"Colin d'Alaska MSC Pêche Océan À l'oseille x2 - 400g","p":3.15,"u":"7,88 €/KG","img":"https://fd9-photos.leclercdrive.fr/image.ashx?id=2930099&use=l&cat=p&typeid=i","cat":319786},{"id":1193,"n":"Pané colin d'Alaska Pêche Océan x15 bâtonnets - MSC - 450g","p":2.27,"u":"5,04 €/KG","img":"https://fd9-photos.leclercdrive.fr/image.ashx?id=1682702&use=l&cat=p&typeid=i","cat":319788},{"id":1194,"n":"Calamars Pêche Océan A la romaine 40/60 - 500g","p":4.45,"u":"8,90 €/KG","img":"https://fd9-photos.leclercdrive.fr/image.ashx?id=625137&use=l&cat=p&typeid=i","cat":319788},{"id":1196,"n":"Coquilles Saint-Jacques Coté Table - 4x90g","p":4.79,"u":"13,31 €/KG","img":"https://fd9-photos.leclercdrive.fr/image.ashx?id=2625071&use=l&cat=p&typeid=i","cat":319775},{"id":1197,"n":"Paëlla royale Côté Table Fruits de mer poulet 1kg","p":4.07,"u":"4,07 €/KG","img":"https://fd9-photos.leclercdrive.fr/image.ashx?id=2663353&use=l&cat=p&typeid=i","cat":284254},{"id":1200,"n":"Poêlée paysanne Côté Table 900g","p":4.3,"u":"4,78 €/KG","img":"https://fd9-photos.leclercdrive.fr/image.ashx?id=2471670&use=l&cat=p&typeid=i","cat":319823},{"id":1201,"n":"Poêlée campagnarde Côté Table 900g","p":4.64,"u":"5,16 €/KG","img":"https://fd9-photos.leclercdrive.fr/image.ashx?id=2147539&use=l&cat=p&typeid=i","cat":319823},{"id":1202,"n":"Pâtes Carbonara Côté Table 900g","p":4.18,"u":"4,64 €/KG","img":"https://fd9-photos.leclercdrive.fr/image.ashx?id=1765166&use=l&cat=p&typeid=i","cat":284254},{"id":1211,"n":"Choux fleurs Notre Jardin Fleurettes 1kg","p":1.69,"u":"1,69 €/KG","img":"https://fd9-photos.leclercdrive.fr/image.ashx?id=1648806&use=l&cat=p&typeid=i","cat":319805},{"id":1212,"n":"Choux de Bruxelles Notre Jardin 1kg","p":1.95,"u":"1,95 €/KG","img":"https://fd9-photos.leclercdrive.fr/image.ashx?id=2873012&use=l&cat=p&typeid=i","cat":319805},{"id":1214,"n":"Haricots verts Notre jardin Très fins 1kg","p":1.82,"u":"1,82 €/KG","img":"https://fd9-photos.leclercdrive.fr/image.ashx?id=2900040&use=l&cat=p&typeid=i","cat":319805},{"id":1215,"n":"Haricots verts Notre Jardin Extra fins 1kg","p":1.85,"u":"1,85 €/KG","img":"https://fd9-photos.leclercdrive.fr/image.ashx?id=2873045&use=l&cat=p&typeid=i","cat":319805},{"id":1216,"n":"Courgettes Notre Jardin Rondelles 1kg","p":1.29,"u":"1,29 €/KG","img":"https://fd9-photos.leclercdrive.fr/image.ashx?id=2873093&use=l&cat=p&typeid=i","cat":319805},{"id":1217,"n":"Epinards Notre Jardin Branches - 1kg","p":1.3,"u":"1,30 €/KG","img":"https://fd9-photos.leclercdrive.fr/image.ashx?id=2873069&use=l&cat=p&typeid=i","cat":319805},{"id":1218,"n":"Epinards Notre Jardin Hâchés - 1kg","p":1.34,"u":"1,34 €/KG","img":"https://fd9-photos.leclercdrive.fr/image.ashx?id=2302435&use=l&cat=p&typeid=i","cat":319805},{"id":1219,"n":"Epinards Notre Jardin Hachés A la crème fraîche - 1kg","p":1.67,"u":"1,67 €/KG","img":"https://fd9-photos.leclercdrive.fr/image.ashx?id=2916656&use=l&cat=p&typeid=i","cat":319805},{"id":1223,"n":"Champignons Paris Notre jardin Emincés 1kg","p":1.95,"u":"1,95 €/KG","img":"https://fd9-photos.leclercdrive.fr/image.ashx?id=2873027&use=l&cat=p&typeid=i","cat":319805},{"id":1225,"n":"Légumes Notre Jardin Pour ratatouille 1kg","p":2.35,"u":"2,35 €/KG","img":"https://fd9-photos.leclercdrive.fr/image.ashx?id=2900058&use=l&cat=p&typeid=i","cat":319823},{"id":1227,"n":"Poêlée de légumes Notre Jardin Méridionale - 1kg","p":2.95,"u":"2,95 €/KG","img":"https://fd9-photos.leclercdrive.fr/image.ashx?id=1960240&use=l&cat=p&typeid=i","cat":319823},{"id":1228,"n":"Poêlée de légumes Notre jardin Champêtre - 1kg","p":2.99,"u":"2,99 €/KG","img":"https://fd9-photos.leclercdrive.fr/image.ashx?id=2404281&use=l&cat=p&typeid=i","cat":319823},{"id":1229,"n":"Poêlée de légumes Notre Jardin Bretonne - 1kg","p":2.61,"u":"2,61 €/KG","img":"https://fd9-photos.leclercdrive.fr/image.ashx?id=1960243&use=l&cat=p&typeid=i","cat":319823},{"id":1238,"n":"Pommes rissolées Pom'lisse 1kg","p":1.56,"u":"1,56 €/KG","img":"https://fd9-photos.leclercdrive.fr/image.ashx?id=2704597&use=l&cat=p&typeid=i","cat":319792},{"id":1239,"n":"Frites allumettes Pom'lisse 1kg","p":1.85,"u":"1,85 €/KG","img":"https://fd9-photos.leclercdrive.fr/image.ashx?id=2337363&use=l&cat=p&typeid=i","cat":319791},{"id":1240,"n":"Frites Pom'lisse 2.5 kg","p":4.55,"u":"1,82 €/KG","img":"https://fd9-photos.leclercdrive.fr/image.ashx?id=1725022&use=l&cat=p&typeid=i","cat":319791},{"id":1242,"n":"Pom'Steak rustique Pom'Lisse Sachet - 1kg","p":2.29,"u":"2,29 €/KG","img":"https://fd9-photos.leclercdrive.fr/image.ashx?id=2704606&use=l&cat=p&typeid=i","cat":319791},{"id":1243,"n":"Frites Pom'lisse Au four - 600g","p":1.15,"u":"1,92 €/KG","img":"https://fd9-photos.leclercdrive.fr/image.ashx?id=1993041&use=l&cat=p&typeid=i","cat":319791},{"id":1244,"n":"Potatoes Pom'lisse Finement épicées - 600g","p":1.16,"u":"1,93 €/KG","img":"https://fd9-photos.leclercdrive.fr/image.ashx?id=2699663&use=l&cat=p&typeid=i","cat":319791},{"id":1245,"n":"Pommes noisettes Pom'lisse 1kg","p":1.88,"u":"1,88 €/KG","img":"https://fd9-photos.leclercdrive.fr/image.ashx?id=2058699&use=l&cat=p&typeid=i","cat":319792},{"id":1246,"n":"Pommes dauphine Pom'lisse 500g","p":1.49,"u":"2,98 €/KG","img":"https://fd9-photos.leclercdrive.fr/image.ashx?id=2699657&use=l&cat=p&typeid=i","cat":319792},{"id":1248,"n":"Frites Pom'lisse 1kg","p":1.87,"u":"1,87 €/KG","img":"https://fd9-photos.leclercdrive.fr/image.ashx?id=2314744&use=l&cat=p&typeid=i","cat":319791},{"id":1251,"n":"Crème glacée Eskiss Vanille de Madagascar - 494g","p":1.65,"u":"3,34 €/KG","img":"https://fd9-photos.leclercdrive.fr/image.ashx?id=2982592&use=l&cat=p&typeid=i","cat":284263},{"id":1252,"n":"Glace Smicy Vanille fraise chocolat - 345g","p":2.41,"u":"6,99 €/KG","img":"https://fd9-photos.leclercdrive.fr/image.ashx?id=2951113&use=l&cat=p&typeid=i","cat":285250},{"id":1335,"n":"Liquide vaisselle Visior Citron - 750ml","p":1.2,"u":"1,60 €/L","img":"https://fd9-photos.leclercdrive.fr/image.ashx?id=1961416&use=l&cat=p&typeid=i","cat":284655},{"id":1336,"n":"Liquide vaisselle Visior Ultra Peaux sensibles 500ml","p":0.64,"u":"1,28 €/L","img":"https://fd9-photos.leclercdrive.fr/image.ashx?id=2951116&use=l&cat=p&typeid=i","cat":284655},{"id":1344,"n":"Gants jetables Mamison latex T6 x10","p":1.33,"img":"https://fd9-photos.leclercdrive.fr/image.ashx?id=554721&use=l&cat=p&typeid=i","cat":284668},{"id":1345,"n":"Gants jetables Mamison latex T8 x10","p":1.33,"img":"https://fd9-photos.leclercdrive.fr/image.ashx?id=2742691&use=l&cat=p&typeid=i","cat":284668},{"id":1346,"n":"Eponges Mamison végétales Super absorbantes x3","p":1.17,"u":"0,39 €/P","img":"https://fd9-photos.leclercdrive.fr/image.ashx?id=2458052&use=l&cat=p&typeid=i","cat":284667},{"id":1358,"n":"Nettoyant Gel avec javel Clair 1L","p":1.09,"u":"1,09 €/L","img":"https://fd9-photos.leclercdrive.fr/image.ashx?id=1923478&use=l&cat=p&typeid=i","cat":284907},{"id":1359,"n":"Pastilles javel Clair x48 - 150g","p":1.65,"u":"11,00 €/KG","img":"https://fd9-photos.leclercdrive.fr/image.ashx?id=2631426&use=l&cat=p&typeid=i","cat":284661},{"id":1360,"n":"Eau de Javel Clair Parfum Eucalyptus - 2L","p":0.72,"u":"0,36 €/L","img":"https://fd9-photos.leclercdrive.fr/image.ashx?id=1654886&use=l&cat=p&typeid=i","cat":284661},{"id":1376,"n":"Lingettes nettoyantes Clair Sols muguet larges x15","p":1.14,"img":"https://fd9-photos.leclercdrive.fr/image.ashx?id=1733521&use=l&cat=p&typeid=i","cat":325364},{"id":1385,"n":"Spray nettoyant Vitroclen  Vitrocéramique - 250ml","p":2.4,"u":"9,60 €/L","img":"https://fd9-photos.leclercdrive.fr/image.ashx?id=2263727&use=l&cat=p&typeid=i","cat":325363},{"id":1386,"n":"Nettoyant four Clair 500ml","p":1.53,"u":"3,06 €/L","img":"https://fd9-photos.leclercdrive.fr/image.ashx?id=1695771&use=l&cat=p&typeid=i","cat":325363},{"id":1392,"n":"Blocs wc eau bleue Syphon x2 80g","p":1.12,"u":"14,00 €/KG","img":"https://fd9-photos.leclercdrive.fr/image.ashx?id=2302537&use=l&cat=p&typeid=i","cat":284662},{"id":1400,"n":"Papier aluminium Elembal 20m","p":2.62,"img":"https://fd9-photos.leclercdrive.fr/image.ashx?id=2492252&use=l&cat=p&typeid=i","cat":334134},{"id":1401,"n":"Barquettes aluminium Elembal x10 0.5L","p":2.56,"img":"https://fd9-photos.leclercdrive.fr/image.ashx?id=1733306&use=l&cat=p&typeid=i","cat":334134},{"id":1404,"n":"Barquettes aluminium Elembal x5 1,5L","p":2.77,"img":"https://fd9-photos.leclercdrive.fr/image.ashx?id=1733309&use=l&cat=p&typeid=i","cat":334134},{"id":1405,"n":"Barquettes aluminium Elembal x5 2L","p":3.46,"img":"https://fd9-photos.leclercdrive.fr/image.ashx?id=1733312&use=l&cat=p&typeid=i","cat":334134},{"id":1407,"n":"Film étirable Elembal 30m","p":1.2,"img":"https://fd9-photos.leclercdrive.fr/image.ashx?id=2075182&use=l&cat=p&typeid=i","cat":334134},{"id":1412,"n":"Sacs congélation Elembal Grand modèle x25","p":1.08,"img":"https://fd9-photos.leclercdrive.fr/image.ashx?id=2169147&use=l&cat=p&typeid=i","cat":334134},{"id":1413,"n":"Sacs congélation Elembal Petit modèle x50","p":1.1,"img":"https://fd9-photos.leclercdrive.fr/image.ashx?id=2158155&use=l&cat=p&typeid=i","cat":334134},{"id":1414,"n":"Sacs poubelle 30L Elembal à liens classiques - x25","p":1.26,"u":"0,05 €/P","img":"https://fd9-photos.leclercdrive.fr/image.ashx?id=2958699&use=l&cat=p&typeid=i","cat":285168},{"id":1415,"n":"Sacs poubelle 130L Elembal à liens classiques - x10","p":4.65,"u":"0,47 €/P","img":"https://fd9-photos.leclercdrive.fr/image.ashx?id=2791743&use=l&cat=p&typeid=i","cat":285168},{"id":1416,"n":"Sacs poubelle 100L Elembal Poignées coulissantes - x10","p":1.62,"u":"0,16 €/P","img":"https://fd9-photos.leclercdrive.fr/image.ashx?id=1959148&use=l&cat=p&typeid=i","cat":285168},{"id":1417,"n":"Sacs poubelle 100L Elembal à liens classiques - x10","p":1.54,"u":"0,15 €/P","img":"https://fd9-photos.leclercdrive.fr/image.ashx?id=1959151&use=l&cat=p&typeid=i","cat":285168},{"id":1418,"n":"Sacs poubelle 50L Elembal à liens classiques - x15","p":2.19,"u":"0,15 €/P","img":"https://fd9-photos.leclercdrive.fr/image.ashx?id=2958693&use=l&cat=p&typeid=i","cat":285168},{"id":1419,"n":"Sacs poubelle Elembal 20L x20","p":1.2,"u":"0,06 €/P","img":"https://fd9-photos.leclercdrive.fr/image.ashx?id=2100551&use=l&cat=p&typeid=i","cat":285168},{"id":1420,"n":"Sacs poubelle Elembal 20L A poignées - x30","p":2.08,"u":"0,07 €/P","img":"https://fd9-photos.leclercdrive.fr/image.ashx?id=2791674&use=l&cat=p&typeid=i","cat":285168},{"id":1421,"n":"Sacs poubelle Elembal 30L A poignées - x20","p":2.49,"u":"0,12 €/P","img":"https://fd9-photos.leclercdrive.fr/image.ashx?id=2791677&use=l&cat=p&typeid=i","cat":285168},{"id":1423,"n":"Sacs poubelle 50L Elembal Poignées coulissantes - x15","p":2.31,"u":"0,15 €/P","img":"https://fd9-photos.leclercdrive.fr/image.ashx?id=2958696&use=l&cat=p&typeid=i","cat":285168},{"id":1427,"n":"Gel douche Manava Pétales d'Orient - 250ml","p":1.15,"u":"4,60 €/L","img":"https://fd9-photos.leclercdrive.fr/image.ashx?id=2494214&use=l&cat=p&typeid=i","cat":284594},{"id":1428,"n":"Lait de douche Manava Coeur de vanille - 250ml","p":0.94,"u":"3,76 €/L","img":"https://fd9-photos.leclercdrive.fr/image.ashx?id=2456141&use=l&cat=p&typeid=i","cat":284594},{"id":1429,"n":"Gel douche Manava Boisé - 250ml","p":1.15,"u":"4,60 €/L","img":"https://fd9-photos.leclercdrive.fr/image.ashx?id=2040284&use=l&cat=p&typeid=i","cat":284594},{"id":1433,"n":"Recharge savon mains Manava Crème perles d'oranger - 250ml","p":0.68,"u":"2,72 €/L","img":"https://fd9-photos.leclercdrive.fr/image.ashx?id=2935483&use=l&cat=p&typeid=i","cat":284597},{"id":1435,"n":"Recharge savon mains Manava Crème Amande - 250ml","p":0.57,"u":"2,28 €/L","img":"https://fd9-photos.leclercdrive.fr/image.ashx?id=2935474&use=l&cat=p&typeid=i","cat":284597},{"id":1436,"n":"Lait de douche Manava Amande douce - 250ml","p":0.94,"u":"3,76 €/L","img":"https://fd9-photos.leclercdrive.fr/image.ashx?id=2771346&use=l&cat=p&typeid=i","cat":284594},{"id":1437,"n":"Lait de douche Manava Lait de coco - 250ml","p":0.94,"u":"3,76 €/L","img":"https://fd9-photos.leclercdrive.fr/image.ashx?id=2443176&use=l&cat=p&typeid=i","cat":284594},{"id":1441,"n":"Cire Chaude au Sucre Pure Veet Vanille 98% naturelle 250ml","p":4.33,"u":"17,32 €/L","img":"https://fd9-photos.leclercdrive.fr/image.ashx?id=2960684&use=l&cat=p&typeid=i","cat":325351},{"id":1449,"n":"Déodorant Manava fraîcheur Vanille glacée spray 200ml","p":1.39,"u":"6,95 €/L","img":"https://fd9-photos.leclercdrive.fr/image.ashx?id=1948547&use=l&cat=p&typeid=i","cat":284595},{"id":1464,"n":"Rasoirs jetables Bic 1 Sensitive - x10","p":1.3,"u":"0,13 €/P","img":"https://fd9-photos.leclercdrive.fr/image.ashx?id=2218035&use=l&cat=p&typeid=i","cat":284616},{"id":1465,"n":"Rasoirs jetables Comfort 2 Bic x10","p":3.06,"u":"0,31 €/P","img":"https://fd9-photos.leclercdrive.fr/image.ashx?id=2984862&use=l&cat=p&typeid=i","cat":284616},{"id":1466,"n":"Rasoirs jetables Bic 3 lames - x8","p":3.07,"u":"0,38 €/P","img":"https://fd9-photos.leclercdrive.fr/image.ashx?id=2789014&use=l&cat=p&typeid=i","cat":284616},{"id":1473,"n":"Gel à raser Carré Homme Hydratant 200ml","p":1.69,"u":"8,45 €/L","img":"https://fd9-photos.leclercdrive.fr/image.ashx?id=2771582&use=l&cat=p&typeid=i","cat":284617},{"id":1482,"n":"Dentifrice enfant Dentamyl Fraise - 3-6 ans - 50ml","p":0.89,"u":"17,80 €/L","img":"https://fd9-photos.leclercdrive.fr/image.ashx?id=2075188&use=l&cat=p&typeid=i","cat":288898},{"id":1484,"n":"Brosse à dents junior Dentamyl 1 pièce","p":0.49,"img":"https://fd9-photos.leclercdrive.fr/image.ashx?id=2790901&use=l&cat=p&typeid=i","cat":288897},{"id":1486,"n":"Brosse à dents enfant Dentamyl 2-6 ans x1","p":0.51,"img":"https://fd9-photos.leclercdrive.fr/image.ashx?id=1980485&use=l&cat=p&typeid=i","cat":288897},{"id":1488,"n":"Mouchoirs blancs 4 plis Caresse Mouchoirs papier Lotion x12","p":2.28,"u":"0,19 €/P","img":"https://fd9-photos.leclercdrive.fr/image.ashx?id=2006582&use=l&cat=p&typeid=i","cat":284638},{"id":1627,"n":"Lingettes bébé Mots d'Enfants Ultra-douces - x72","p":1.75,"u":"0,02 €/P","img":"https://fd9-photos.leclercdrive.fr/image.ashx?id=2856447&use=l&cat=p&typeid=i","cat":284738},{"id":1629,"n":"Lingettes bébé Mots d'Enfants Sensitive - x63","p":1.32,"u":"0,02 €/P","img":"https://fd9-photos.leclercdrive.fr/image.ashx?id=2856462&use=l&cat=p&typeid=i","cat":284738},{"id":1640,"n":"Protection incontinence Chorys Rectangulaire - x24","p":4.62,"u":"0,19 €/P","img":"https://fd9-photos.leclercdrive.fr/image.ashx?id=2622998&use=l&cat=p&typeid=i","cat":284628},{"id":1655,"n":"Enveloppes adhésives Esquisse x100 11x22cm 80g","p":2.69,"img":"https://fd9-photos.leclercdrive.fr/image.ashx?id=2943184&use=l&cat=p&typeid=i","cat":284697},{"id":1656,"n":"Pochettes kraft Esquisse Adhésives 22.9x32.4cm x25","p":2.3,"img":"https://fd9-photos.leclercdrive.fr/image.ashx?id=1699690&use=l&cat=p&typeid=i","cat":284697},{"id":1657,"n":"Pochettes kraft Esquisse Adhésives 16.2x22.9cm x25","p":1.99,"img":"https://fd9-photos.leclercdrive.fr/image.ashx?id=1698655&use=l&cat=p&typeid=i","cat":284697},{"id":1658,"n":"Ruban adhésif Esquisse invisible + dévidoir - 25m","p":1.09,"u":"0,04 €/MT","img":"https://fd9-photos.leclercdrive.fr/image.ashx?id=2943199&use=l&cat=p&typeid=i","cat":334133},{"id":1660,"n":"Tube de colle Esquisse 2x10g","p":0.9,"u":"45,00 €/KG","img":"https://fd9-photos.leclercdrive.fr/image.ashx?id=1699684&use=l&cat=p&typeid=i","cat":334133},{"id":1662,"n":"Feuilles simples Esquisse x200 - Seyes - 21x29.7cm","p":1.79,"img":"https://fd9-photos.leclercdrive.fr/image.ashx?id=2131194&use=l&cat=p&typeid=i","cat":284697},{"id":1665,"n":"Feuilles blanches Esquisse A4 90g - 500 feuilles","p":5.9,"img":"https://fd9-photos.leclercdrive.fr/image.ashx?id=2943193&use=l&cat=p&typeid=i","cat":284697},{"id":1666,"n":"Feuilles blanches Esquisse A4 80g - 500 feuilles","p":4.69,"img":"https://fd9-photos.leclercdrive.fr/image.ashx?id=2943196&use=l&cat=p&typeid=i","cat":284697},{"id":1683,"n":"Piles alcalines Foxter AAA/LR3 1,5V - x4","p":0.98,"img":"https://fd9-photos.leclercdrive.fr/image.ashx?id=2162150&use=l&cat=p&typeid=i","cat":300572},{"id":1684,"n":"Piles Foxter C/LR14 1.5V - x2","p":1.69,"img":"https://fd9-photos.leclercdrive.fr/image.ashx?id=2162168&use=l&cat=p&typeid=i","cat":300572},{"id":1685,"n":"Piles alcalines Foxter D/LR20 - x2","p":1.96,"img":"https://fd9-photos.leclercdrive.fr/image.ashx?id=2162171&use=l&cat=p&typeid=i","cat":300572},{"id":1686,"n":"Pile Foxter 9V/6LR61 - x1","p":1.99,"img":"https://fd9-photos.leclercdrive.fr/image.ashx?id=2162159&use=l&cat=p&typeid=i","cat":300572},{"id":1687,"n":"Pile alcaline Foxter 3LR12 4,5V - x1","p":2.25,"img":"https://fd9-photos.leclercdrive.fr/image.ashx?id=2162177&use=l&cat=p&typeid=i","cat":300572},{"id":1729,"n":"Croquettes chiens Lydog poulet Petit chien - Poulet - 1kg","p":2.92,"u":"2,92 €/KG","img":"https://fd9-photos.leclercdrive.fr/image.ashx?id=1928380&use=l&cat=p&typeid=i","cat":294526},{"id":1735,"n":"Croquettes chiens Tous Mes Amis Spécial Forme - 10kg","p":12.25,"u":"1,23 €/KG","img":"https://fd9-photos.leclercdrive.fr/image.ashx?id=1972608&use=l&cat=p&typeid=i","cat":284672},{"id":1751,"n":"Croquettes chat Purina One Adulte - Saumon/Céréales - 450g","p":2.45,"u":"5,44 €/KG","img":"https://fd9-photos.leclercdrive.fr/image.ashx?id=2683220&use=l&cat=p&typeid=i","cat":284680},{"id":1753,"n":"Croquettes chat Purina One Adulte - Saumon/Céréales -1.5kg","p":6.61,"u":"4,41 €/KG","img":"https://fd9-photos.leclercdrive.fr/image.ashx?id=2902268&use=l&cat=p&typeid=i","cat":284680},{"id":1754,"n":"Croquettes chat Purina One Adulte - Poulet/Céréales - 3kg","p":11.83,"u":"3,94 €/KG","img":"https://fd9-photos.leclercdrive.fr/image.ashx?id=2432007&use=l&cat=p&typeid=i","cat":284680},{"id":1755,"n":"Bouchées chiens Lydog Adulte - Boeuf - 4kg","p":7.49,"u":"1,87 €/KG","img":"https://fd9-photos.leclercdrive.fr/image.ashx?id=2907162&use=l&cat=p&typeid=i","cat":284672},{"id":1756,"n":"Emincés en sauce Tous mes amis pour chats -  800g","p":1.45,"u":"1,81 €/KG","img":"https://fd9-photos.leclercdrive.fr/image.ashx?id=2606798&use=l&cat=p&typeid=i","cat":285601},{"id":1763,"n":"Croquettes chat Tous mes amis Boeuf Poulet Légumes - 2kg","p":2.79,"u":"1,40 €/KG","img":"https://fd9-photos.leclercdrive.fr/image.ashx?id=2739724&use=l&cat=p&typeid=i","cat":284680},{"id":1765,"n":"Croquettes chat Tous mes amis Saumon & Légumes - 2kg","p":2.79,"u":"1,40 €/KG","img":"https://fd9-photos.leclercdrive.fr/image.ashx?id=2301394&use=l&cat=p&typeid=i","cat":284680},{"id":1767,"n":"Barquette chats Tous mes amis au Boeuf - 100g","p":0.61,"u":"6,10 €/KG","img":"https://fd9-photos.leclercdrive.fr/image.ashx?id=2042418&use=l&cat=p&typeid=i","cat":285286},{"id":1769,"n":"Barquette chats Lycat au Foie et Volaille - 100g","p":0.59,"u":"5,90 €/KG","img":"https://fd9-photos.leclercdrive.fr/image.ashx?id=2042415&use=l&cat=p&typeid=i","cat":285286},{"id":1770,"n":"Barquette chats Tous mes amis au Saumon 100g","p":0.58,"u":"5,80 €/KG","img":"https://fd9-photos.leclercdrive.fr/image.ashx?id=2042412&use=l&cat=p&typeid=i","cat":285286},{"id":1771,"n":"Terrines chats Tous mes amis Délices Multi-viandes - 3x400g","p":2.97,"u":"2,48 €/KG","img":"https://fd9-photos.leclercdrive.fr/image.ashx?id=2860703&use=l&cat=p&typeid=i","cat":285601},{"id":1772,"n":"Sachet repas chat Tous mes amis Poissons en gelée - 12x100g","p":3.65,"u":"3,04 €/KG","img":"https://fd9-photos.leclercdrive.fr/image.ashx?id=2027592&use=l&cat=p&typeid=i","cat":285286},{"id":1775,"n":"Litière minérale Catsan Hygiène plus pour chat - 10L","p":5.19,"u":"0,52 €/L","img":"https://fd9-photos.leclercdrive.fr/image.ashx?id=2692677&use=l&cat=p&typeid=i","cat":284683},{"id":1776,"n":"Litière chats Eco+ 7L","p":1.15,"u":"0,16 €/L","img":"https://fd9-photos.leclercdrive.fr/image.ashx?id=2757509&use=l&cat=p&typeid=i","cat":284683},{"id":1786,"n":"Blocs WC Syphon Activ' effect Fraîcheur marine x3","p":1.22,"u":"0,41 €/P","img":"https://fd9-photos.leclercdrive.fr/image.ashx?id=2317294&use=l&cat=p&typeid=i","cat":284662},{"id":1795,"n":"Lingettes nettoyantes Clair Multi-surfaces citron x50","p":1.38,"u":"0,03 €/P","img":"https://fd9-photos.leclercdrive.fr/image.ashx?id=2379834&use=l&cat=p&typeid=i","cat":325358},{"id":1798,"n":"Eponges Multi-usages Mamison grattantes - x3","p":0.89,"u":"0,30 €/P","img":"https://fd9-photos.leclercdrive.fr/image.ashx?id=2202341&use=l&cat=p&typeid=i","cat":284667},{"id":1799,"n":"Haricots verts Notre Jardin Très fins - 3x110g","p":1.83,"u":"5,55 €/KG","img":"https://fd9-photos.leclercdrive.fr/image.ashx?id=1759517&use=l&cat=p&typeid=i","cat":312606},{"id":1800,"n":"Lingettes nettoyantes Clair Muguet x50","p":1.72,"u":"0,03 €/P","img":"https://fd9-photos.leclercdrive.fr/image.ashx?id=2466217&use=l&cat=p&typeid=i","cat":325358},{"id":1801,"n":"Boules inox Mamison x2","p":0.44,"img":"https://fd9-photos.leclercdrive.fr/image.ashx?id=555602&use=l&cat=p&typeid=i","cat":284667},{"id":1804,"n":"Asperges vertes miniatures  Notre Jardin - 100g","p":1.49,"u":"14,90 €/KG","img":"https://fd9-photos.leclercdrive.fr/image.ashx?id=2591515&use=l&cat=p&typeid=i","cat":312611},{"id":1806,"n":"Insecticide Insectivor guêpes Mouches moustiques - 400ml","p":2.22,"u":"5,55 €/L","img":"https://fd9-photos.leclercdrive.fr/image.ashx?id=1875479&use=l&cat=p&typeid=i","cat":298368},{"id":1810,"n":"Gel nettoyant wc Syphon 750ml","p":1.03,"u":"1,37 €/L","img":"https://fd9-photos.leclercdrive.fr/image.ashx?id=2558775&use=l&cat=p&typeid=i","cat":284662},{"id":1812,"n":"Gel nettoyant wc Syphon 750ml","p":0.66,"u":"0,88 €/L","img":"https://fd9-photos.leclercdrive.fr/image.ashx?id=2067935&use=l&cat=p&typeid=i","cat":284662},{"id":1821,"n":"Confiture Bonne Maman Figues violettes - 370g","p":1.91,"u":"5,16 €/KG","img":"https://fd9-photos.leclercdrive.fr/image.ashx?id=2547477&use=l&cat=p&typeid=i","cat":284480},{"id":1822,"n":"Confiture Bonne Maman Myrtilles - 370g","p":3.0,"u":"8,11 €/KG","img":"https://fd9-photos.leclercdrive.fr/image.ashx?id=2132361&use=l&cat=p&typeid=i","cat":284480},{"id":1825,"n":"Confiture Bonne Maman Cerises griottes - 370g","p":2.25,"u":"6,08 €/KG","img":"https://fd9-photos.leclercdrive.fr/image.ashx?id=2474981&use=l&cat=p&typeid=i","cat":284480},{"id":1826,"n":"Confiture Douceur du Verger Abricots - Allégée - 340g","p":1.05,"u":"3,09 €/KG","img":"https://fd9-photos.leclercdrive.fr/image.ashx?id=1974260&use=l&cat=p&typeid=i","cat":284480},{"id":1828,"n":"Confiture Bonne Maman Framboises - 370g","p":2.37,"u":"6,41 €/KG","img":"https://fd9-photos.leclercdrive.fr/image.ashx?id=2544807&use=l&cat=p&typeid=i","cat":284480},{"id":1833,"n":"Confiture Douceur du Verger Fraises - 340g","p":1.05,"u":"3,09 €/KG","img":"https://fd9-photos.leclercdrive.fr/image.ashx?id=2046001&use=l&cat=p&typeid=i","cat":284480},{"id":1835,"n":"Confiture Douceur du Verger Orange 340g","p":0.99,"u":"2,83 €/KG","img":"https://fd9-photos.leclercdrive.fr/image.ashx?id=2965434&use=l&cat=p&typeid=i","cat":284480},{"id":1845,"n":"Barres de céréales Frosties Kellogg's - 6x25g","p":1.89,"u":"12,60 €/KG","img":"https://fd9-photos.leclercdrive.fr/image.ashx?id=2300062&use=l&cat=p&typeid=i","cat":285869},{"id":1846,"n":"Compote Douceur du Verger Gourdes Pomme Fraise - 4x90g","p":1.39,"u":"3,86 €/KG","img":"https://fd9-photos.leclercdrive.fr/image.ashx?id=2837024&use=l&cat=p&typeid=i","cat":284508},{"id":1847,"n":"Barres céréales Fitness Nestlé Chocolat - 6x23.5g","p":1.96,"u":"13,90 €/KG","img":"https://fd9-photos.leclercdrive.fr/image.ashx?id=2947009&use=l&cat=p&typeid=i","cat":285869},{"id":1848,"n":"Chocolat au lait Tablette d'Or Lait Noisettes - 3x100g","p":3.64,"u":"12,13 €/KG","img":"https://fd9-photos.leclercdrive.fr/image.ashx?id=3014347&use=l&cat=p&typeid=i","cat":284497},{"id":1850,"n":"Chocolat au lait Tablette d'Or Céréales croustillantes 2x100g","p":2.01,"u":"10,05 €/KG","img":"https://fd9-photos.leclercdrive.fr/image.ashx?id=1231922&use=l&cat=p&typeid=i","cat":284497},{"id":1851,"n":"Chocolat au lait Tablette d'Or 3x100g","p":3.13,"u":"10,43 €/KG","img":"https://fd9-photos.leclercdrive.fr/image.ashx?id=2227998&use=l&cat=p&typeid=i","cat":284497},{"id":1861,"n":"Levure chimique Tablier Blanc x6 sachets","p":0.26,"u":"3,94 €/KG","img":"https://fd9-photos.leclercdrive.fr/image.ashx?id=2487437&use=l&cat=p&typeid=i","cat":294686},{"id":1863,"n":"Soja cuisine fluide Bio Bjorg - 25cl","p":0.98,"u":"3,92 €/L","img":"https://fd9-photos.leclercdrive.fr/image.ashx?id=2970921&use=l&cat=p&typeid=i","cat":316069},{"id":1864,"n":"Chocolat Tablette d'Or Noir amandes entières 200g","p":1.84,"u":"9,20 €/KG","img":"https://fd9-photos.leclercdrive.fr/image.ashx?id=1979890&use=l&cat=p&typeid=i","cat":284956},{"id":1865,"n":"Chocolat Tablette d'Or noir Ecorces d'orange 200g","p":2.45,"u":"12,25 €/KG","img":"https://fd9-photos.leclercdrive.fr/image.ashx?id=2049217&use=l&cat=p&typeid=i","cat":284956},{"id":1867,"n":"Chocolat au lait Tablette d'Or Noisettes entières - 200g","p":2.31,"u":"11,55 €/KG","img":"https://fd9-photos.leclercdrive.fr/image.ashx?id=1993047&use=l&cat=p&typeid=i","cat":284497},{"id":1868,"n":"Chocolat blanc Tablette d'Or Noisettes entières - 200g","p":2.45,"u":"12,25 €/KG","img":"https://fd9-photos.leclercdrive.fr/image.ashx?id=2753469&use=l&cat=p&typeid=i","cat":284957},{"id":1870,"n":"Tablette de chocolat Equador Noir 85% cacao - 100g","p":1.53,"u":"15,30 €/KG","img":"https://fd9-photos.leclercdrive.fr/image.ashx?id=2368512&use=l&cat=p&typeid=i","cat":284956},{"id":1871,"n":"Céréales mini-pack Kellogg's Multi-variétés - 215g","p":2.79,"u":"12,98 €/KG","img":"https://fd9-photos.leclercdrive.fr/image.ashx?id=3014467&use=l&cat=p&typeid=i","cat":309513},{"id":1873,"n":"Petits pains grillés Epi d'Or Complet - 225g","p":0.89,"u":"3,96 €/KG","img":"https://fd9-photos.leclercdrive.fr/image.ashx?id=1961147&use=l&cat=p&typeid=i","cat":284479},{"id":1878,"n":"Compote Douceur du Verger Coupelle pomme pêche - 4x100g","p":1.19,"u":"2,98 €/KG","img":"https://fd9-photos.leclercdrive.fr/image.ashx?id=2663464&use=l&cat=p&typeid=i","cat":284508},{"id":1883,"n":"Compote Douceur du Verger Gourdes Pomme Banane - 4x90g","p":1.59,"u":"4,42 €/KG","img":"https://fd9-photos.leclercdrive.fr/image.ashx?id=2837027&use=l&cat=p&typeid=i","cat":284508},{"id":1884,"n":"Compote Douceur du Verger Gourdes Pomme - 4x90g","p":0.99,"u":"2,75 €/KG","img":"https://fd9-photos.leclercdrive.fr/image.ashx?id=2837018&use=l&cat=p&typeid=i","cat":284508},{"id":1885,"n":"Haricots verts Notre Jardin Extra fins - 440g","p":2.58,"u":"5,86 €/KG","img":"https://fd9-photos.leclercdrive.fr/image.ashx?id=3005652&use=l&cat=p&typeid=i","cat":312606},{"id":1886,"n":"Petits pois Notre Jardin A l'étuvée - Extra fins - 560g","p":1.29,"u":"2,30 €/KG","img":"https://fd9-photos.leclercdrive.fr/image.ashx?id=2526267&use=l&cat=p&typeid=i","cat":312607},{"id":1887,"n":"Champignons Paris Notre Jardin Pieds et morceaux - 3x115g","p":1.99,"u":"5,77 €/KG","img":"https://fd9-photos.leclercdrive.fr/image.ashx?id=2724693&use=l&cat=p&typeid=i","cat":312610},{"id":1888,"n":"Flageolets verts Notre Jardin Extra fins - 530g","p":1.29,"u":"2,43 €/KG","img":"https://fd9-photos.leclercdrive.fr/image.ashx?id=2468819&use=l&cat=p&typeid=i","cat":312606},{"id":1889,"n":"Macédoine légumes Notre Jardin 3x130g","p":1.75,"u":"4,49 €/KG","img":"https://fd9-photos.leclercdrive.fr/image.ashx?id=2537349&use=l&cat=p&typeid=i","cat":312612},{"id":1890,"n":"Choux Bruxelles Notre Jardin 265g","p":1.29,"u":"4,87 €/KG","img":"https://fd9-photos.leclercdrive.fr/image.ashx?id=2468816&use=l&cat=p&typeid=i","cat":312612},{"id":1893,"n":"Sardines Pêche Océan Huile d'olive - 135g","p":1.25,"u":"9,26 €/KG","img":"https://fd9-photos.leclercdrive.fr/image.ashx?id=2550375&use=l&cat=p&typeid=i","cat":305146},{"id":1895,"n":"Foie de morue Connétable MSC - Fumé - 121g","p":1.96,"u":"16,20 €/KG","img":"https://fd9-photos.leclercdrive.fr/image.ashx?id=2804454&use=l&cat=p&typeid=i","cat":305147},{"id":1897,"n":"Pâté NRT Campagne porc breton - 200g","p":1.91,"u":"9,55 €/KG","img":"https://fd9-photos.leclercdrive.fr/image.ashx?id=2560494&use=l&cat=p&typeid=i","cat":305149},{"id":1898,"n":"Cassoulet Côté Table 840g","p":2.19,"u":"2,61 €/KG","img":"https://fd9-photos.leclercdrive.fr/image.ashx?id=2977096&use=l&cat=p&typeid=i","cat":284440},{"id":1901,"n":"Taboulé Côté Table Etui 730g","p":1.87,"u":"2,56 €/KG","img":"https://fd9-photos.leclercdrive.fr/image.ashx?id=2977093&use=l&cat=p&typeid=i","cat":325094},{"id":1902,"n":"Chips à l'ancienne Pom'Lisse Nature - 150g","p":1.04,"u":"6,93 €/KG","img":"https://fd9-photos.leclercdrive.fr/image.ashx?id=2724829&use=l&cat=p&typeid=i","cat":284447},{"id":1903,"n":"Saucisses cocktail Tokapi  240g","p":1.95,"u":"8,13 €/KG","img":"https://fd9-photos.leclercdrive.fr/image.ashx?id=2943614&use=l&cat=p&typeid=i","cat":284450},{"id":1906,"n":"Huile de tournesol Lesieur  1L","p":2.63,"u":"2,63 €/L","img":"https://fd9-photos.leclercdrive.fr/image.ashx?id=2916839&use=l&cat=p&typeid=i","cat":284453},{"id":1907,"n":"Vinaigre de Xérès AOP Maille 50cl","p":2.78,"u":"5,56 €/L","img":"https://fd9-photos.leclercdrive.fr/image.ashx?id=2769624&use=l&cat=p&typeid=i","cat":298543},{"id":1909,"n":"Olives vertes Rustica Entières - 200g","p":1.24,"u":"6,20 €/KG","img":"https://fd9-photos.leclercdrive.fr/image.ashx?id=2499073&use=l&cat=p&typeid=i","cat":284458},{"id":1913,"n":"Pâtes Barilla Coquillettes - 500g","p":0.97,"u":"1,94 €/KG","img":"https://fd9-photos.leclercdrive.fr/image.ashx?id=2392218&use=l&cat=p&typeid=i","cat":284427},{"id":1920,"n":"Boisson végétale Bio Bjorg Soja Douceur - 1L","p":1.74,"u":"1,74 €/L","img":"https://fd9-photos.leclercdrive.fr/image.ashx?id=2967052&use=l&cat=p&typeid=i","cat":316067},{"id":1925,"n":"Petits beurre P'tit Déli x24 - 200g","p":0.95,"u":"4,75 €/KG","img":"https://fd9-photos.leclercdrive.fr/image.ashx?id=1898886&use=l&cat=p&typeid=i","cat":284487},{"id":1928,"n":"Brioche vendéenne IGP NRT Tressée - 650g","p":4.06,"u":"6,25 €/KG","img":"https://fd9-photos.leclercdrive.fr/image.ashx?id=2679789&use=l&cat=p&typeid=i","cat":284478},{"id":1935,"n":"Café Soluble Nescafé Sélection - 200g","p":6.04,"u":"30,20 €/KG","img":"https://fd9-photos.leclercdrive.fr/image.ashx?id=2968847&use=l&cat=p&typeid=i","cat":284843},{"id":1939,"n":"Infusion Tiséa verveine menthe x25","p":0.92,"u":"23,00 €/KG","img":"https://fd9-photos.leclercdrive.fr/image.ashx?id=2441102&use=l&cat=p&typeid=i","cat":293234},{"id":1943,"n":"Confiture Bonne Maman Fraises - 750g","p":3.51,"u":"4,68 €/KG","img":"https://fd9-photos.leclercdrive.fr/image.ashx?id=2906073&use=l&cat=p&typeid=i","cat":284480},{"id":1944,"n":"Miel Nid d'Abeille A tartiner - 250 g","p":1.91,"u":"7,64 €/KG","img":"https://fd9-photos.leclercdrive.fr/image.ashx?id=2549376&use=l&cat=p&typeid=i","cat":287643},{"id":1955,"n":"Farine de blé T45 Tablier Blanc 1kg","p":0.69,"u":"0,69 €/KG","img":"https://fd9-photos.leclercdrive.fr/image.ashx?id=1959130&use=l&cat=p&typeid=i","cat":284503},{"id":1956,"n":"Compote Douceur du Verger Coupelle pomme banane - 4x100g","p":1.3,"u":"3,25 €/KG","img":"https://fd9-photos.leclercdrive.fr/image.ashx?id=2663461&use=l&cat=p&typeid=i","cat":284508},{"id":1961,"n":"Tablette de chocolat Equador Noir 72% cacao 100g","p":1.39,"u":"13,90 €/KG","img":"https://fd9-photos.leclercdrive.fr/image.ashx?id=2368494&use=l&cat=p&typeid=i","cat":284956},{"id":1962,"n":"Tablette de Chocolat Blanc Galak - 2x100g","p":2.93,"u":"14,65 €/KG","img":"https://fd9-photos.leclercdrive.fr/image.ashx?id=2769618&use=l&cat=p&typeid=i","cat":284957},{"id":1972,"n":"Eau minérale gazeuse Perrier  Bouteilles en verre 8x20cl","p":3.25,"u":"2,03 €/L","img":"https://fd9-photos.leclercdrive.fr/image.ashx?id=2587551&use=l&cat=p&typeid=i","cat":284536},{"id":1975,"n":"Sirop Frucci Menthe - 75cl","p":1.85,"u":"2,47 €/L","img":"https://fd9-photos.leclercdrive.fr/image.ashx?id=722216&use=l&cat=p&typeid=i","cat":295020},{"id":1980,"n":"Pur Jus d'ananas Jafaden Brique élopack 1L","p":2.09,"u":"2,09 €/L","img":"https://fd9-photos.leclercdrive.fr/image.ashx?id=2955683&use=l&cat=p&typeid=i","cat":284916},{"id":1984,"n":"Thé glacé Fresh Tea Pêche - 2L","p":1.64,"u":"0,82 €/L","img":"https://fd9-photos.leclercdrive.fr/image.ashx?id=2622245&use=l&cat=p&typeid=i","cat":295019},{"id":1989,"n":"Whisky Sir Edward's 40%vol - 70cl","p":12.41,"u":"17,73 €/L","img":"https://fd9-photos.leclercdrive.fr/image.ashx?id=2503371&use=l&cat=p&typeid=i","cat":284547},{"id":1990,"n":"Scotch Whisky Label 5 40%vol - 70cl","p":12.98,"u":"18,54 €/L","img":"https://fd9-photos.leclercdrive.fr/image.ashx?id=2639468&use=l&cat=p&typeid=i","cat":284547},{"id":1995,"n":"Whisky Ballantine's Finest Blended Scotch 40% vol - 70cl","p":15.4,"pp":14.4,"u":"20,57 €/L","img":"https://fd9-photos.leclercdrive.fr/image.ashx?id=2981298&use=l&cat=p&typeid=i","cat":284547},{"id":1997,"n":"Whisky Clan Campbell Blended Scotch 40% vol - 70cl","p":14.9,"u":"21,29 €/L","img":"https://fd9-photos.leclercdrive.fr/image.ashx?id=2868365&use=l&cat=p&typeid=i","cat":284547},{"id":1998,"n":"Whiskey Irlandais Jameson  40% vol - 70cl","p":20.6,"pp":17.6,"u":"25,14 €/L","img":"https://fd9-photos.leclercdrive.fr/image.ashx?id=2866025&use=l&cat=p&typeid=i","cat":284547},{"id":2000,"n":"Pastis Duval 45%vol - 1L","p":17.38,"u":"17,38 €/L","img":"https://fd9-photos.leclercdrive.fr/image.ashx?id=2659656&use=l&cat=p&typeid=i","cat":284548},{"id":2002,"n":"Pastis de Marseille Vivalis 45%vol - 1L","p":17.02,"u":"17,02 €/L","img":"https://fd9-photos.leclercdrive.fr/image.ashx?id=2699639&use=l&cat=p&typeid=i","cat":284548},{"id":2003,"n":"Vodka premium Eristoff Original 37,5° - 70cl","p":12.78,"u":"18,26 €/L","img":"https://fd9-photos.leclercdrive.fr/image.ashx?id=2850734&use=l&cat=p&typeid=i","cat":284550},{"id":2006,"n":"Vodka Novotna  Pure grain 37.5%vol - 70cl","p":10.59,"u":"15,13 €/L","img":"https://fd9-photos.leclercdrive.fr/image.ashx?id=1654441&use=l&cat=p&typeid=i","cat":284550},{"id":2007,"n":"Rhum blanc Bacardi Carta Blanca 37,5° - 70cl","p":15.93,"u":"22,76 €/L","img":"https://fd9-photos.leclercdrive.fr/image.ashx?id=2833933&use=l&cat=p&typeid=i","cat":284550},{"id":2010,"n":"Rhum blanc Old Nick  40%vol - 70cl","p":10.46,"u":"14,94 €/L","img":"https://fd9-photos.leclercdrive.fr/image.ashx?id=2483747&use=l&cat=p&typeid=i","cat":284550},{"id":2012,"n":"Rhum ambré Negrita 40%vol - 1L","p":13.82,"u":"13,82 €/L","img":"https://fd9-photos.leclercdrive.fr/image.ashx?id=2519633&use=l&cat=p&typeid=i","cat":284550},{"id":2019,"n":"Sucre de canne Lagoa 70cl","p":1.65,"u":"2,36 €/L","img":"https://fd9-photos.leclercdrive.fr/image.ashx?id=2966472&use=l&cat=p&typeid=i","cat":284551},{"id":2021,"n":"Apéritif Suze L'Originale 15% vol - 1L","p":9.79,"pp":8.79,"u":"8,79 €/L","img":"https://fd9-photos.leclercdrive.fr/image.ashx?id=2914462&use=l&cat=p&typeid=i","cat":284913},{"id":2025,"n":"Muscat de Rivesaltes G. d'Arria 15.5%vol - 75cl","p":4.99,"u":"6,65 €/L","img":"https://fd9-photos.leclercdrive.fr/image.ashx?id=2974741&use=l&cat=p&typeid=i","cat":284913},{"id":2028,"n":"AOP Bordeaux rouge Baron de Lestac - 75cl","p":3.93,"u":"5,24 €/L","img":"https://fd9-photos.leclercdrive.fr/image.ashx?id=2471148&use=l&cat=p&typeid=i","cat":289556},{"id":2029,"n":"AOP Bordeaux rouge Malesan - 75 cl","p":4.49,"u":"5,99 €/L","img":"https://fd9-photos.leclercdrive.fr/image.ashx?id=2917432&use=l&cat=p&typeid=i","cat":289556},{"id":2044,"n":"IGP Pays d'Oc Merlot vin rouge Vieux Carion 13% vol -75 cl","p":2.25,"u":"3,00 €/L","img":"https://fd9-photos.leclercdrive.fr/image.ashx?id=2169261&use=l&cat=p&typeid=i","cat":289556},{"id":2049,"n":"IGP Pays d'Oc Gris vin rosé Rives & Terrasses - 75cl -12,5%","p":2.89,"u":"3,85 €/L","img":"https://fd9-photos.leclercdrive.fr/image.ashx?id=2671396&use=l&cat=p&typeid=i","cat":289558},{"id":2051,"n":"IGP Pays d'Oc Syrah vin rosé Vieux Carion 12.5% vol -75 cl","p":2.25,"u":"3,00 €/L","img":"https://fd9-photos.leclercdrive.fr/image.ashx?id=2892340&use=l&cat=p&typeid=i","cat":289558},{"id":2058,"n":"IGP Pays d'Oc Sauvignon Blanc Vieux Carion 12% vol -75 cl","p":2.25,"u":"3,00 €/L","img":"https://fd9-photos.leclercdrive.fr/image.ashx?id=2879937&use=l&cat=p&typeid=i","cat":289557},{"id":2072,"n":"AOP Champagne Mumm Cordon Rouge Brut 12% vol - 75cl","p":28.9,"pp":27.9,"u":"37,20 €/L","img":"https://fd9-photos.leclercdrive.fr/image.ashx?id=3011005&use=l&cat=p&typeid=i","cat":284542},{"id":2073,"n":"AOC Champagne brut rosé Pol Carson - 75cl","p":19.95,"u":"26,60 €/L","img":"https://fd9-photos.leclercdrive.fr/image.ashx?id=2909876&use=l&cat=p&typeid=i","cat":284542},{"id":2074,"n":"AOP Champagne demi-sec blanc Pol Carson - 75cl","p":17.99,"u":"23,99 €/L","img":"https://fd9-photos.leclercdrive.fr/image.ashx?id=2909846&use=l&cat=p&typeid=i","cat":284542},{"id":2075,"n":"AOP Champagne brut Pol Carson - 75cl","p":17.99,"u":"23,99 €/L","img":"https://fd9-photos.leclercdrive.fr/image.ashx?id=2909843&use=l&cat=p&typeid=i","cat":284542},{"id":2079,"n":"Cidre bouché Les Goelleries Breton doux 2%vol. - 75cl","p":2.12,"u":"2,83 €/L","img":"https://fd9-photos.leclercdrive.fr/image.ashx?id=2842187&use=l&cat=p&typeid=i","cat":334880},{"id":2082,"n":"AOP Crémant d'Alsace brut Rebmann - 75 cl","p":5.95,"u":"7,93 €/L","img":"https://fd9-photos.leclercdrive.fr/image.ashx?id=2397135&use=l&cat=p&typeid=i","cat":284545},{"id":2087,"n":"Jus de pomme pétillant Champomy L'Original Pomme - 75cl","p":2.7,"u":"3,60 €/L","img":"https://fd9-photos.leclercdrive.fr/image.ashx?id=2688683&use=l&cat=p&typeid=i","cat":289460},{"id":2090,"n":"Emmental fromage bloc Les Croisés - 500g","p":4.19,"u":"8,38 €/KG","img":"https://fd9-photos.leclercdrive.fr/image.ashx?id=2897769&use=l&cat=p&typeid=i","cat":314034},{"id":2092,"n":"Bûche de chèvre Saint-Maure LEs Croisés 25% MG - 200g","p":2.06,"u":"10,30 €/KG","img":"https://fd9-photos.leclercdrive.fr/image.ashx?id=1981022&use=l&cat=p&typeid=i","cat":314031},{"id":2095,"n":"Emmental Fromage râpé Les Croisés - 3x70g","p":1.89,"u":"9,00 €/KG","img":"https://fd9-photos.leclercdrive.fr/image.ashx?id=2919595&use=l&cat=p&typeid=i","cat":314035},{"id":2104,"n":"Mousse à la liégeoise Délisse Chocolat - 8x80g","p":2.35,"u":"3,67 €/KG","img":"https://fd9-photos.leclercdrive.fr/image.ashx?id=3009490&use=l&cat=p&typeid=i","cat":284417},{"id":2112,"n":"Sauce Béchamel Bridélice 3x20cl","p":2.93,"u":"4,88 €/L","img":"https://fd9-photos.leclercdrive.fr/image.ashx?id=2888458&use=l&cat=p&typeid=i","cat":284382},{"id":2121,"n":"Carottes râpées Menu Fraîcheur  Assaisonnées - 300g","p":0.69,"u":"2,30 €/KG","img":"https://fd9-photos.leclercdrive.fr/image.ashx?id=2552403&use=l&cat=p&typeid=i","cat":333657},{"id":2125,"n":"Tagliatelle fraîche Turini 350g","p":1.19,"u":"3,40 €/KG","img":"https://fd9-photos.leclercdrive.fr/image.ashx?id=2223893&use=l&cat=p&typeid=i","cat":333682},{"id":2126,"n":"Pâte brisée Tablier Blanc Prête à dérouler - 230g","p":0.65,"u":"2,83 €/KG","img":"https://fd9-photos.leclercdrive.fr/image.ashx?id=2922385&use=l&cat=p&typeid=i","cat":333681},{"id":2128,"n":"Bâtonnets Surimi Pêche Océan MSC - x12 - 200g","p":1.38,"u":"6,90 €/KG","img":"https://fd9-photos.leclercdrive.fr/image.ashx?id=2981837&use=l&cat=p&typeid=i","cat":285189},{"id":2129,"n":"Tarama Ronde des mers  Aux oeufs de cabillaud - 100g","p":0.99,"u":"9,90 €/KG","img":"https://fd9-photos.leclercdrive.fr/image.ashx?id=1942386&use=l&cat=p&typeid=i","cat":315999},{"id":2130,"n":"Filets d'anchois Pêche Océan Huile d'olive - 50g","p":1.36,"u":"27,20 €/KG","img":"https://fd9-photos.leclercdrive.fr/image.ashx?id=1671613&use=l&cat=p&typeid=i","cat":285190},{"id":2139,"n":"Gants jetables Mamison latex T7 x10","p":1.33,"img":"https://fd9-photos.leclercdrive.fr/image.ashx?id=2742688&use=l&cat=p&typeid=i","cat":284668},{"id":2141,"n":"Crème nettoyante Clair 3en1 - 750ml","p":1.15,"u":"1,53 €/L","img":"https://fd9-photos.leclercdrive.fr/image.ashx?id=2868310&use=l&cat=p&typeid=i","cat":325357},{"id":2164,"n":"Enveloppes Esquisse adhésives C6 100x80g","p":2.39,"img":"https://fd9-photos.leclercdrive.fr/image.ashx?id=1928740&use=l&cat=p&typeid=i","cat":284697},{"id":2166,"n":"Piles Foxter AA/LR6 1,5V - x4","p":0.99,"u":"0,25 €/P","img":"https://fd9-photos.leclercdrive.fr/image.ashx?id=2162156&use=l&cat=p&typeid=i","cat":300572},{"id":2179,"n":"Barres céréales Special K  Kellogg's Chocolat - 6x21,5g","p":2.34,"u":"18,14 €/KG","img":"https://fd9-photos.leclercdrive.fr/image.ashx?id=3011113&use=l&cat=p&typeid=i","cat":285869},{"id":2185,"n":"boisson végétale soja  sans sucre bio bjorg nature 1l","p":1.58,"u":"1,58 €/L","img":"https://fd9-photos.leclercdrive.fr/image.ashx?id=2939385&use=l&cat=p&typeid=i","cat":316067},{"id":2187,"n":"Mascarpone Les Croisés - 250g","p":1.78,"u":"7,12 €/KG","img":"https://fd9-photos.leclercdrive.fr/image.ashx?id=2123620&use=l&cat=p&typeid=i","cat":314026},{"id":2192,"n":"Papier aluminium Elembal 50m","p":4.4,"img":"https://fd9-photos.leclercdrive.fr/image.ashx?id=2940899&use=l&cat=p&typeid=i","cat":334134},{"id":2193,"n":"Film étirable Elembal 2en1 20m","p":1.25,"img":"https://fd9-photos.leclercdrive.fr/image.ashx?id=2059962&use=l&cat=p&typeid=i","cat":334134},{"id":2194,"n":"Sacs congélation Elembal Moyen modèle x50","p":1.08,"img":"https://fd9-photos.leclercdrive.fr/image.ashx?id=2257205&use=l&cat=p&typeid=i","cat":334134},{"id":2195,"n":"Sacs poubelle 30L Elembal Poignées coulissantes - x20","p":2.11,"u":"0,11 €/P","img":"https://fd9-photos.leclercdrive.fr/image.ashx?id=1959157&use=l&cat=p&typeid=i","cat":285168},{"id":2198,"n":"Cassoulet La Belle Chaurienne Porc 4/4 840g","p":5.23,"u":"6,23 €/KG","img":"https://fd9-photos.leclercdrive.fr/image.ashx?id=2837355&use=l&cat=p&typeid=i","cat":284440},{"id":2199,"n":"Cassoulet La Belle Chaurienne Canard 4/4 840g","p":5.04,"u":"6,00 €/KG","img":"https://fd9-photos.leclercdrive.fr/image.ashx?id=2837340&use=l&cat=p&typeid=i","cat":284440},{"id":2200,"n":"Muffins nature Epi d'Or x4 - 250g","p":1.51,"u":"6,04 €/KG","img":"https://fd9-photos.leclercdrive.fr/image.ashx?id=1944096&use=l&cat=p&typeid=i","cat":284985},{"id":2201,"n":"Pastis 51 Anisé 45% vol - 1L","p":19.23,"u":"19,23 €/L","img":"https://fd9-photos.leclercdrive.fr/image.ashx?id=2998916&use=l&cat=p&typeid=i","cat":284548},{"id":2217,"n":"Soin dents Polident Anti-bactérien comprimés x108","p":4.26,"u":"0,04 €/P","img":"https://fd9-photos.leclercdrive.fr/image.ashx?id=2557242&use=l&cat=p&typeid=i","cat":285158},{"id":2224,"n":"Boisson lactée Candy'UP Chocolat - 6x20cl","p":2.69,"u":"2,24 €/L","img":"https://fd9-photos.leclercdrive.fr/image.ashx?id=2485635&use=l&cat=p&typeid=i","cat":295246},{"id":2244,"n":"Démaquillant Diadermine Yeux douceur 125 ml","p":2.09,"u":"17,42 €/L","img":"https://fd9-photos.leclercdrive.fr/image.ashx?id=2334935&use=l&cat=p&typeid=i","cat":284603},{"id":2257,"n":"Crème Hydratante Soft Nivea Visage Corps Mains - 75ml","p":1.57,"u":"22,43 €/L","img":"https://fd9-photos.leclercdrive.fr/image.ashx?id=3005215&use=l&cat=p&typeid=i","cat":325350},{"id":2259,"n":"Crème Hydratante Soft Nivea Visage Corps Mains - 200ml","p":3.11,"u":"15,55 €/L","img":"https://fd9-photos.leclercdrive.fr/image.ashx?id=3014608&use=l&cat=p&typeid=i","cat":325350},{"id":2276,"n":"Antiseptique Mercurochrome Incolore spray - 100ml","p":2.76,"u":"27,60 €/L","img":"https://fd9-photos.leclercdrive.fr/image.ashx?id=2662268&use=l&cat=p&typeid=i","cat":284630},{"id":2305,"n":"Lait Démaquillant Mixa  Anti-dessèchement - 200ml","p":2.82,"u":"14,10 €/L","img":"https://fd9-photos.leclercdrive.fr/image.ashx?id=2285390&use=l&cat=p&typeid=i","cat":284603},{"id":2317,"n":"Mousse Coiffante Franck Provost Cheveux Bouclés - 200ml","p":4.29,"u":"21,45 €/L","img":"https://fd9-photos.leclercdrive.fr/image.ashx?id=2575606&use=l&cat=p&typeid=i","cat":284609},{"id":2324,"n":"Eau Micellaire vitaminée Mixa Peaux Sensibles - 200ml","p":2.85,"u":"14,25 €/L","img":"https://fd9-photos.leclercdrive.fr/image.ashx?id=2445334&use=l&cat=p&typeid=i","cat":284603},{"id":2336,"n":"Baume soin Après-Rasage Mennen Peaux Sensibles - 100ml","p":3.83,"u":"38,30 €/L","img":"https://fd9-photos.leclercdrive.fr/image.ashx?id=2517905&use=l&cat=p&typeid=i","cat":288147},{"id":2338,"n":"Lotion Après-Rasage Mennen Apaisante - 125ml","p":3.65,"u":"29,20 €/L","img":"https://fd9-photos.leclercdrive.fr/image.ashx?id=2469620&use=l&cat=p&typeid=i","cat":288147},{"id":2438,"n":"Eponges Spontex grattantes Stop-graisse x2","p":1.18,"u":"0,59 €/P","img":"https://fd9-photos.leclercdrive.fr/image.ashx?id=2973078&use=l&cat=p&typeid=i","cat":284667},{"id":2484,"n":"Dentifrice Signal Haleine Pure 75ml","p":1.28,"u":"17,07 €/L","img":"https://fd9-photos.leclercdrive.fr/image.ashx?id=1984459&use=l&cat=p&typeid=i","cat":284612},{"id":2503,"n":"Biscuit vanille citron Gerlinéa  encas minceur - 156g","p":1.75,"u":"11,67 €/KG","img":"https://fd9-photos.leclercdrive.fr/image.ashx?id=2654779&use=l&cat=p&typeid=i","cat":318651},{"id":2504,"n":"Levure de bière Gerblé à saupoudrer - 150g","p":2.33,"u":"15,53 €/KG","img":"https://fd9-photos.leclercdrive.fr/image.ashx?id=2575036&use=l&cat=p&typeid=i","cat":288382},{"id":2505,"n":"Crème au chocolat GERLINEA   Repas minceur - 3x210g","p":4.45,"u":"7,06 €/KG","img":"https://fd9-photos.leclercdrive.fr/image.ashx?id=2653450&use=l&cat=p&typeid=i","cat":318652},{"id":2506,"n":"Coupelle crème Gerlinea Vanille caramel -  3x210g","p":4.29,"u":"6,81 €/KG","img":"https://fd9-photos.leclercdrive.fr/image.ashx?id=2653453&use=l&cat=p&typeid=i","cat":318652},{"id":2510,"n":"Biscuits soja figue GERBLE   - 4x4, 270g","p":1.89,"u":"7,00 €/KG","img":"https://fd9-photos.leclercdrive.fr/image.ashx?id=2812720&use=l&cat=p&typeid=i","cat":318651},{"id":2511,"n":"Biscuits diététiques Gerblé Soja Orange - 280g","p":1.41,"u":"5,04 €/KG","img":"https://fd9-photos.leclercdrive.fr/image.ashx?id=2623166&use=l&cat=p&typeid=i","cat":318651},{"id":2521,"n":"Abricots secs Couleurs Vives Moelleux - 250g","p":2.55,"u":"10,20 €/KG","img":"https://fd9-photos.leclercdrive.fr/image.ashx?id=2149670&use=l&cat=p&typeid=i","cat":284357},{"id":2523,"n":"Amandes effilées Couleurs Vives 125g","p":1.99,"u":"15,92 €/KG","img":"https://fd9-photos.leclercdrive.fr/image.ashx?id=1540622&use=l&cat=p&typeid=i","cat":284504},{"id":2524,"n":"Amandes Couleurs Vives En poudre - 125g","p":1.97,"u":"15,76 €/KG","img":"https://fd9-photos.leclercdrive.fr/image.ashx?id=1540619&use=l&cat=p&typeid=i","cat":284504},{"id":2525,"n":"Cerneaux noix Couleurs Vives 125g","p":1.78,"u":"14,83 €/KG","img":"https://fd9-photos.leclercdrive.fr/image.ashx?id=2149667&use=l&cat=p&typeid=i","cat":284357},{"id":2530,"n":"Salade Notre Jardin Mâche - 125g","p":0.95,"u":"7,60 €/KG","img":"https://fd9-photos.leclercdrive.fr/image.ashx?id=2096649&use=l&cat=p&typeid=i","cat":284353},{"id":2531,"n":"Salade Notre Jardin Coeurs de laitue - 200g","p":0.99,"u":"4,95 €/KG","img":"https://fd9-photos.leclercdrive.fr/image.ashx?id=2093763&use=l&cat=p&typeid=i","cat":284353},{"id":2532,"n":"Laitue Iceberg Notre Jardin 300g","p":0.89,"u":"2,97 €/KG","img":"https://fd9-photos.leclercdrive.fr/image.ashx?id=2096652&use=l&cat=p&typeid=i","cat":284353},{"id":2568,"n":"Laque Cheveux L'Oréal Paris Fixation forte - 150ml","p":3.89,"u":"25,93 €/L","img":"https://fd9-photos.leclercdrive.fr/image.ashx?id=2576157&use=l&cat=p&typeid=i","cat":284609},{"id":2570,"n":"Spray Cheveux L'Oréal Paris Fixation Normale - 150ml","p":4.21,"u":"28,07 €/L","img":"https://fd9-photos.leclercdrive.fr/image.ashx?id=2576160&use=l&cat=p&typeid=i","cat":284609},{"id":2571,"n":"Gel Coiffant L'Oréal Paris Ultra Fixant 24H - 150ml","p":3.48,"u":"23,20 €/L","img":"https://fd9-photos.leclercdrive.fr/image.ashx?id=2576163&use=l&cat=p&typeid=i","cat":284609},{"id":2576,"n":"Soin anti-âge L'Oréal Paris Age Perfect - 50ml","p":7.95,"u":"159,00 €/L","img":"https://fd9-photos.leclercdrive.fr/image.ashx?id=2867356&use=l&cat=p&typeid=i","cat":325345},{"id":2588,"n":"Eau minérale Thonon 6x1.5L","p":2.66,"u":"0,30 €/L","img":"https://fd9-photos.leclercdrive.fr/image.ashx?id=2915557&use=l&cat=p&typeid=i","cat":284535},{"id":2612,"n":"Lait demi-écrémé UHT Délisse  Brique - 6x1L","p":5.94,"u":"0,99 €/L","img":"https://fd9-photos.leclercdrive.fr/image.ashx?id=2970545&use=l&cat=p&typeid=i","cat":284377},{"id":2613,"n":"Lait demi-écrémé UHT Délisse Bouteille - 6x1L","p":6.3,"u":"1,05 €/L","img":"https://fd9-photos.leclercdrive.fr/image.ashx?id=2970530&use=l&cat=p&typeid=i","cat":284377},{"id":2614,"n":"Lait demi-écrémé Délisse UHT Bouteille -  6x50cl","p":4.74,"u":"1,58 €/L","img":"https://fd9-photos.leclercdrive.fr/image.ashx?id=2970557&use=l&cat=p&typeid=i","cat":284377},{"id":2617,"n":"Lait Bio demi-écrémé Lactel UHT Bouteille - 6x50cl","p":6.36,"u":"2,12 €/L","img":"https://fd9-photos.leclercdrive.fr/image.ashx?id=2892766&use=l&cat=p&typeid=i","cat":284377},{"id":2618,"n":"Lait chèvre demi-écrémé Lactel UHT Bouteille - 6x1L","p":14.94,"u":"2,49 €/L","img":"https://fd9-photos.leclercdrive.fr/image.ashx?id=2873961&use=l&cat=p&typeid=i","cat":295251},{"id":2619,"n":"Lait bio Bio Village Bouteille  Demi-écrémé UHT -  6x1L","p":6.48,"u":"1,08 €/L","img":"https://fd9-photos.leclercdrive.fr/image.ashx?id=2971509&use=l&cat=p&typeid=i","cat":284377},{"id":2638,"n":"Eau minérale Courmayeur 6x1.5L","p":2.52,"u":"0,28 €/L","img":"https://fd9-photos.leclercdrive.fr/image.ashx?id=2964105&use=l&cat=p&typeid=i","cat":284535},{"id":2649,"n":"Eau de source de Montagne 6x1.5L","p":1.68,"u":"0,19 €/L","img":"https://fd9-photos.leclercdrive.fr/image.ashx?id=2315787&use=l&cat=p&typeid=i","cat":284535},{"id":2650,"n":"Whisky William Lawson's Finest Blend 40° - 100cl","p":17.88,"u":"17,88 €/L","img":"https://fd9-photos.leclercdrive.fr/image.ashx?id=2966134&use=l&cat=p&typeid=i","cat":284547},{"id":2684,"n":"Fromage Camembert NRT AOP  de Normandie - 250g","p":3.39,"u":"13,56 €/KG","img":"https://fd9-photos.leclercdrive.fr/image.ashx?id=2188712&use=l&cat=p&typeid=i","cat":314033},{"id":2722,"n":"Yaourts aromatisés Délisse Vanille - 8x125g","p":2.58,"u":"2,58 €/KG","img":"https://fd9-photos.leclercdrive.fr/image.ashx?id=1541381&use=l&cat=p&typeid=i","cat":286006},{"id":2724,"n":"Crème caramel Délisse 4x100g","p":1.49,"u":"3,73 €/KG","img":"https://fd9-photos.leclercdrive.fr/image.ashx?id=2460482&use=l&cat=p&typeid=i","cat":284419},{"id":2729,"n":"Pistaches grillées à sec Tokapi 300g","p":3.9,"u":"13,00 €/KG","img":"https://fd9-photos.leclercdrive.fr/image.ashx?id=2795541&use=l&cat=p&typeid=i","cat":284448},{"id":2734,"n":"Eau de source Eco+ 6x 1.5L","p":1.14,"u":"0,13 €/L","img":"https://fd9-photos.leclercdrive.fr/image.ashx?id=1664482&use=l&cat=p&typeid=i","cat":284535},{"id":2737,"n":"Eau minérale Des Alpes  6x1.5L","p":2.1,"u":"0,23 €/L","img":"https://fd9-photos.leclercdrive.fr/image.ashx?id=2423496&use=l&cat=p&typeid=i","cat":284535},{"id":2742,"n":"Eau gazeuse San Pellegrino Minérale naturelle - 6x1L","p":3.77,"u":"0,63 €/L","img":"https://fd9-photos.leclercdrive.fr/image.ashx?id=2740316&use=l&cat=p&typeid=i","cat":284536},{"id":2750,"n":"Lait écrémé Délisse UHT - Bouteille : 6x1L","p":5.94,"u":"0,99 €/L","img":"https://fd9-photos.leclercdrive.fr/image.ashx?id=2174681&use=l&cat=p&typeid=i","cat":284949},{"id":2755,"n":"Lait demi-écrémé Lactel Vitamine D Bouteille - 6x1l","p":7.48,"u":"1,25 €/L","img":"https://fd9-photos.leclercdrive.fr/image.ashx?id=2889424&use=l&cat=p&typeid=i","cat":284377},{"id":2758,"n":"Lait Matin Léger de Lactel Sans lactose 1.2% mg - 6x50cl","p":7.0,"u":"2,33 €/L","img":"https://fd9-photos.leclercdrive.fr/image.ashx?id=2883564&use=l&cat=p&typeid=i","cat":317169},{"id":2759,"n":"Lait Matin Léger de Lactel Sans lactose 1.2% mg - 6x1L","p":10.44,"u":"1,74 €/L","img":"https://fd9-photos.leclercdrive.fr/image.ashx?id=2883125&use=l&cat=p&typeid=i","cat":317169},{"id":2776,"n":"Crème Mains Réparatrice Mixa Mains abîmées - 100ml","p":2.18,"u":"21,80 €/L","img":"https://fd9-photos.leclercdrive.fr/image.ashx?id=2276024&use=l&cat=p&typeid=i","cat":325354},{"id":2777,"n":"Crème mains protectrice Mixa Anti-dessèchement - 100ml","p":2.21,"u":"22,10 €/L","img":"https://fd9-photos.leclercdrive.fr/image.ashx?id=2299873&use=l&cat=p&typeid=i","cat":325354},{"id":2799,"n":"Fromage frais Délisse Fruits panachés - 24x50g","p":2.88,"u":"2,40 €/KG","img":"https://fd9-photos.leclercdrive.fr/image.ashx?id=1871089&use=l&cat=p&typeid=i","cat":284414},{"id":2803,"n":"Baguette de pain 250g","p":0.28,"u":"1,12 €/KG","img":"https://fd9-photos.leclercdrive.fr/image.ashx?id=2062873&use=l&cat=p&typeid=i","cat":284359},{"id":2813,"n":"Pizza Chèvre Turini Cuite au feu de bois - 420g","p":2.21,"u":"5,26 €/KG","img":"https://fd9-photos.leclercdrive.fr/image.ashx?id=2226106&use=l&cat=p&typeid=i","cat":284256},{"id":2814,"n":"Pizza 4 fromages Turini Cuite au feu de bois - 420g","p":2.23,"u":"5,31 €/KG","img":"https://fd9-photos.leclercdrive.fr/image.ashx?id=2401192&use=l&cat=p&typeid=i","cat":284256},{"id":2845,"n":"Glace Cône Nestlé Extrême Rhum raisins x6 - 426g","p":3.58,"u":"8,40 €/KG","img":"https://fd9-photos.leclercdrive.fr/image.ashx?id=2729848&use=l&cat=p&typeid=i","cat":284264},{"id":2864,"n":"Steak de boeuf** à griller x2 - 320g","p":7.35,"u":"22,97 €/KG","img":"https://fd9-photos.leclercdrive.fr/image.ashx?id=659566&use=l&cat=p&typeid=i","cat":284328},{"id":2872,"n":"Poireau Botte 1kg","p":1.86,"u":"1,86 €/KG","img":"https://fd9-photos.leclercdrive.fr/image.ashx?id=1633169&use=l&cat=p&typeid=i","cat":284352},{"id":2902,"n":"Botte de radis rose  1p","p":1.2,"img":"https://fd9-photos.leclercdrive.fr/image.ashx?id=558013&use=l&cat=p&typeid=i","cat":284352},{"id":2916,"n":"Cheeseburger Charal Viande bovine française - 145g","p":2.95,"u":"20,34 €/KG","img":"https://fd9-photos.leclercdrive.fr/image.ashx?id=2516092&use=l&cat=p&typeid=i","cat":333671},{"id":2929,"n":"Biscuits raisins GERBLE   - 4x4, 270g","p":1.82,"u":"6,74 €/KG","img":"https://fd9-photos.leclercdrive.fr/image.ashx?id=2662298&use=l&cat=p&typeid=i","cat":318651},{"id":2930,"n":"Biscuits pomme noisette GERBLE   4x4 - 230g","p":1.5,"u":"6,52 €/KG","img":"https://fd9-photos.leclercdrive.fr/image.ashx?id=2967753&use=l&cat=p&typeid=i","cat":318651},{"id":2931,"n":"Biscuit chocolat noir Gerblé  - 150g","p":1.92,"u":"12,80 €/KG","img":"https://fd9-photos.leclercdrive.fr/image.ashx?id=2664001&use=l&cat=p&typeid=i","cat":318651},{"id":2932,"n":"Biscuit miel sésame GERBLE  - 6x3,  162g","p":2.35,"u":"14,51 €/KG","img":"https://fd9-photos.leclercdrive.fr/image.ashx?id=2662277&use=l&cat=p&typeid=i","cat":318651},{"id":2933,"n":"Germe de blé Gerblé 250g","p":1.79,"u":"7,16 €/KG","img":"https://fd9-photos.leclercdrive.fr/image.ashx?id=2575060&use=l&cat=p&typeid=i","cat":288382},{"id":2934,"n":"Barres Amande GERBLE   - 6 sachets 150g","p":2.39,"u":"15,93 €/KG","img":"https://fd9-photos.leclercdrive.fr/image.ashx?id=2664088&use=l&cat=p&typeid=i","cat":318652},{"id":2935,"n":"Biscuits écorce confite GERBLE   - 4x5,  360g","p":1.55,"u":"4,31 €/KG","img":"https://fd9-photos.leclercdrive.fr/image.ashx?id=2662907&use=l&cat=p&typeid=i","cat":318651},{"id":2937,"n":"Biscuits goûter chocolat GERBLE  - 3x4,  250g","p":1.54,"u":"6,16 €/KG","img":"https://fd9-photos.leclercdrive.fr/image.ashx?id=2625181&use=l&cat=p&typeid=i","cat":318651},{"id":2938,"n":"Biscuits germe de blé GERBLE   - 5x5, 210g","p":1.22,"u":"5,81 €/KG","img":"https://fd9-photos.leclercdrive.fr/image.ashx?id=2573540&use=l&cat=p&typeid=i","cat":318651},{"id":2950,"n":"Biscuits lait chocolat GERBLE   - 5x4, 230g","p":1.54,"u":"6,70 €/KG","img":"https://fd9-photos.leclercdrive.fr/image.ashx?id=2575030&use=l&cat=p&typeid=i","cat":318651},{"id":2951,"n":"Biscuit chocolat GERLINEA  Encas minceur - 4x4, 200g","p":2.0,"u":"10,00 €/KG","img":"https://fd9-photos.leclercdrive.fr/image.ashx?id=2654770&use=l&cat=p&typeid=i","cat":318652},{"id":2968,"n":"Tablette chocolat Milka Chocolat lait/caramel - 2x100g","p":3.16,"u":"15,80 €/KG","img":"https://fd9-photos.leclercdrive.fr/image.ashx?id=3009146&use=l&cat=p&typeid=i","cat":284497},{"id":2969,"n":"Sticks et bretzels Tokapi 300g","p":1.2,"u":"4,00 €/KG","img":"https://fd9-photos.leclercdrive.fr/image.ashx?id=2431104&use=l&cat=p&typeid=i","cat":297000},{"id":2971,"n":"Chips ondulées Pom'Lisse  Nature - 150g","p":0.93,"u":"6,20 €/KG","img":"https://fd9-photos.leclercdrive.fr/image.ashx?id=2657196&use=l&cat=p&typeid=i","cat":284447},{"id":2973,"n":"Chips Pom'Lisse Barbecue - 135g","p":0.89,"u":"6,59 €/KG","img":"https://fd9-photos.leclercdrive.fr/image.ashx?id=2774046&use=l&cat=p&typeid=i","cat":284447},{"id":2975,"n":"Huile arachide Lesieur 1L","p":4.22,"u":"4,22 €/L","img":"https://fd9-photos.leclercdrive.fr/image.ashx?id=2916845&use=l&cat=p&typeid=i","cat":284453},{"id":2988,"n":"Dessert fruits mixés Sojasun Framboise / Passion - 4x100g","p":1.57,"u":"3,93 €/KG","img":"https://fd9-photos.leclercdrive.fr/image.ashx?id=2355671&use=l&cat=p&typeid=i","cat":316071},{"id":2989,"n":"Yaourt Sojasun Morceaux de figues - 4x100g","p":1.7,"u":"4,25 €/KG","img":"https://fd9-photos.leclercdrive.fr/image.ashx?id=2389704&use=l&cat=p&typeid=i","cat":316071},{"id":3000,"n":"Oeufs frais plein air Bio Bio Village - x6","p":2.09,"u":"0,35 €/P","img":"https://fd9-photos.leclercdrive.fr/image.ashx?id=1523339&use=l&cat=p&typeid=i","cat":284378},{"id":3001,"n":"Boisson soja Sojasun nature 1l","p":1.45,"u":"1,45 €/L","img":"https://fd9-photos.leclercdrive.fr/image.ashx?id=2472867&use=l&cat=p&typeid=i","cat":316067},{"id":3010,"n":"Sauce Mexicaine Tables du Monde Hot - 315g","p":1.49,"u":"4,73 €/KG","img":"https://fd9-photos.leclercdrive.fr/image.ashx?id=2476960&use=l&cat=p&typeid=i","cat":288993},{"id":3011,"n":"Sauce Mexicaine Tables du Monde Medium - 315g","p":1.49,"u":"4,73 €/KG","img":"https://fd9-photos.leclercdrive.fr/image.ashx?id=2476963&use=l&cat=p&typeid=i","cat":288993},{"id":3012,"n":"Sauce Fajitas Tables du Monde 430g","p":1.97,"u":"4,58 €/KG","img":"https://fd9-photos.leclercdrive.fr/image.ashx?id=2470228&use=l&cat=p&typeid=i","cat":288993},{"id":3013,"n":"Pain de mie 7 céréales Epi d'Or Grandes tranches - 550g","p":1.19,"u":"2,16 €/KG","img":"https://fd9-photos.leclercdrive.fr/image.ashx?id=2365469&use=l&cat=p&typeid=i","cat":284477},{"id":3029,"n":"Gâche vendéenne IGP NRT 400g","p":2.65,"u":"6,63 €/KG","img":"https://fd9-photos.leclercdrive.fr/image.ashx?id=2670404&use=l&cat=p&typeid=i","cat":284478},{"id":3033,"n":"Pâtes fraîches Turini Fettuccini - 350g","p":1.49,"u":"4,26 €/KG","img":"https://fd9-photos.leclercdrive.fr/image.ashx?id=2220293&use=l&cat=p&typeid=i","cat":333682},{"id":3034,"n":"Fromage Parmesan Parmareggio 60g","p":1.46,"u":"24,33 €/KG","img":"https://fd9-photos.leclercdrive.fr/image.ashx?id=2975458&use=l&cat=p&typeid=i","cat":314035},{"id":3040,"n":"Beurre moulé bio Bio Village Doux - 82% MG - 250g","p":2.99,"u":"11,96 €/KG","img":"https://fd9-photos.leclercdrive.fr/image.ashx?id=2437052&use=l&cat=p&typeid=i","cat":284379},{"id":3041,"n":"Beurre moulé bio Bio Village Demi-sel - 80% MG - 250g","p":2.99,"u":"11,96 €/KG","img":"https://fd9-photos.leclercdrive.fr/image.ashx?id=2437055&use=l&cat=p&typeid=i","cat":284379},{"id":3052,"n":"Dentifrice Menthe Fluoryl Gencives Sensibles - 75ml","p":2.03,"u":"27,07 €/L","img":"https://fd9-photos.leclercdrive.fr/image.ashx?id=2473312&use=l&cat=p&typeid=i","cat":284612},{"id":3055,"n":"Gel à raser féminin Siliss Velours abricot - 200ml","p":1.69,"u":"8,45 €/L","img":"https://fd9-photos.leclercdrive.fr/image.ashx?id=2699408&use=l&cat=p&typeid=i","cat":325352},{"id":3064,"n":"Cotons Démaquillants Demak'Up Expert - Disques - x70","p":1.1,"u":"0,02 €/P","img":"https://fd9-photos.leclercdrive.fr/image.ashx?id=2970909&use=l&cat=p&typeid=i","cat":284636},{"id":3070,"n":"Serviette hygiénique Doulys Ultra - Normal+  - x14","p":1.29,"u":"0,09 €/P","img":"https://fd9-photos.leclercdrive.fr/image.ashx?id=2709725&use=l&cat=p&typeid=i","cat":284624},{"id":3072,"n":"Serviette hygiénique Doulys Maxi confort - Super - x16","p":1.45,"u":"0,09 €/P","img":"https://fd9-photos.leclercdrive.fr/image.ashx?id=2637844&use=l&cat=p&typeid=i","cat":284624},{"id":3089,"n":"Sauce Béchamel Elle&Vire au Lait Entier - 33cl","p":2.03,"u":"6,15 €/L","img":"https://fd9-photos.leclercdrive.fr/image.ashx?id=2835992&use=l&cat=p&typeid=i","cat":284382},{"id":3093,"n":"Cake fruits P'tit déli Tranché 300g","p":1.66,"u":"5,53 €/KG","img":"https://fd9-photos.leclercdrive.fr/image.ashx?id=2401240&use=l&cat=p&typeid=i","cat":284493},{"id":3099,"n":"Mini cakes P'tit Déli  aux fruits x10","p":2.98,"u":"9,93 €/KG","img":"https://fd9-photos.leclercdrive.fr/image.ashx?id=2047019&use=l&cat=p&typeid=i","cat":284493},{"id":3100,"n":"Biscuits génoises Pim's LU Framboise - 150g","p":1.48,"u":"9,87 €/KG","img":"https://fd9-photos.leclercdrive.fr/image.ashx?id=2941877&use=l&cat=p&typeid=i","cat":284489},{"id":3101,"n":"Biscuits fourrés Chamonix LU Orange - 250g","p":1.54,"u":"6,16 €/KG","img":"https://fd9-photos.leclercdrive.fr/image.ashx?id=2982982&use=l&cat=p&typeid=i","cat":284489},{"id":3104,"n":"Sablés P'tit Déli Fourrés Figue x16 - 165g","p":1.09,"u":"6,61 €/KG","img":"https://fd9-photos.leclercdrive.fr/image.ashx?id=2140902&use=l&cat=p&typeid=i","cat":284489},{"id":3106,"n":"Biscuits Cookies P'tit Déli Noix coco Chocolat - 200g","p":1.39,"u":"6,95 €/KG","img":"https://fd9-photos.leclercdrive.fr/image.ashx?id=2171539&use=l&cat=p&typeid=i","cat":325066},{"id":3107,"n":"Biscuits petit beurre LU Pocket - 300g","p":1.97,"u":"6,57 €/KG","img":"https://fd9-photos.leclercdrive.fr/image.ashx?id=3001940&use=l&cat=p&typeid=i","cat":284487},{"id":3108,"n":"Biscuits petit déjeuner Prince Céréales - 300g","p":1.95,"u":"6,50 €/KG","img":"https://fd9-photos.leclercdrive.fr/image.ashx?id=2346648&use=l&cat=p&typeid=i","cat":284491},{"id":3142,"n":"Café et Chicorée Soluble Ricoré  Original - 100g","p":2.77,"u":"27,70 €/KG","img":"https://fd9-photos.leclercdrive.fr/image.ashx?id=2951542&use=l&cat=p&typeid=i","cat":284843},{"id":3144,"n":"Chocolat Tablette d'Or noir Extra 47% cacao 3x100g","p":2.77,"u":"9,23 €/KG","img":"https://fd9-photos.leclercdrive.fr/image.ashx?id=2132292&use=l&cat=p&typeid=i","cat":284956},{"id":3147,"n":"Madeleines P'tit déli coquilles 500g","p":1.7,"u":"3,40 €/KG","img":"https://fd9-photos.leclercdrive.fr/image.ashx?id=1938540&use=l&cat=p&typeid=i","cat":284492},{"id":3151,"n":"Café moulu Plantation  Tradition - 250g","p":2.52,"u":"10,08 €/KG","img":"https://fd9-photos.leclercdrive.fr/image.ashx?id=2580886&use=l&cat=p&typeid=i","cat":284750},{"id":3153,"n":"Café moulu Plantation  Tradition décaféiné - 250g","p":2.95,"u":"11,80 €/KG","img":"https://fd9-photos.leclercdrive.fr/image.ashx?id=2607407&use=l&cat=p&typeid=i","cat":284750},{"id":3158,"n":"Café moulu Plantation  doux - 2x250g","p":6.88,"u":"13,76 €/KG","img":"https://fd9-photos.leclercdrive.fr/image.ashx?id=1926933&use=l&cat=p&typeid=i","cat":284750},{"id":3166,"n":"Dessert fruitier pomme Douceur du Verger 16x100g","p":2.8,"u":"1,75 €/KG","img":"https://fd9-photos.leclercdrive.fr/image.ashx?id=798031&use=l&cat=p&typeid=i","cat":284416},{"id":3169,"n":"Tortellini iTurini Ricotta épinard - 300g","p":1.48,"u":"4,93 €/KG","img":"https://fd9-photos.leclercdrive.fr/image.ashx?id=2869266&use=l&cat=p&typeid=i","cat":333682},{"id":3171,"n":"Tortellini Turini Jambon cru - 250g","p":1.96,"u":"7,84 €/KG","img":"https://fd9-photos.leclercdrive.fr/image.ashx?id=2149366&use=l&cat=p&typeid=i","cat":333682},{"id":3186,"n":"Liquide vaisselle Visior citron 1,5L","p":2.15,"u":"1,43 €/L","img":"https://fd9-photos.leclercdrive.fr/image.ashx?id=1966352&use=l&cat=p&typeid=i","cat":284655},{"id":3192,"n":"Détachant sans javel Textil 2L","p":3.19,"u":"1,60 €/L","img":"https://fd9-photos.leclercdrive.fr/image.ashx?id=2988036&use=l&cat=p&typeid=i","cat":284651},{"id":3193,"n":"Aérosol désodorisant Oust Fraîcheur propre 300ml","p":1.75,"u":"5,83 €/L","img":"https://fd9-photos.leclercdrive.fr/image.ashx?id=1715230&use=l&cat=p&typeid=i","cat":311626},{"id":3195,"n":"Coton Primoplast prédécoupé 100g","p":0.98,"u":"9,80 €/KG","img":"https://fd9-photos.leclercdrive.fr/image.ashx?id=2856453&use=l&cat=p&typeid=i","cat":284630},{"id":3200,"n":"Petits pains grillés Epi d'Or  Froment - 225g","p":0.79,"u":"3,51 €/KG","img":"https://fd9-photos.leclercdrive.fr/image.ashx?id=1961144&use=l&cat=p&typeid=i","cat":284479},{"id":3208,"n":"Confiture Allégée aux Fraises Andros - 350g","p":1.66,"u":"4,74 €/KG","img":"https://fd9-photos.leclercdrive.fr/image.ashx?id=2911229&use=l&cat=p&typeid=i","cat":284480},{"id":3212,"n":"Farine pour pain Francine Multi-céréales - 1,5kg","p":2.51,"u":"1,67 €/KG","img":"https://fd9-photos.leclercdrive.fr/image.ashx?id=2220611&use=l&cat=p&typeid=i","cat":284503},{"id":3215,"n":"Riz long Comptoir du Grain Etuvé - 1kg","p":1.72,"u":"1,72 €/KG","img":"https://fd9-photos.leclercdrive.fr/image.ashx?id=2076640&use=l&cat=p&typeid=i","cat":284428},{"id":3217,"n":"Riz Basmati Comptoir du Grain Sélection Riz long - 500g","p":1.35,"u":"2,70 €/KG","img":"https://fd9-photos.leclercdrive.fr/image.ashx?id=2076643&use=l&cat=p&typeid=i","cat":284428},{"id":3220,"n":"Céréales Tipiak - Blé Maïs Soja Prêt en 4 min - 400g","p":1.34,"u":"3,35 €/KG","img":"https://fd9-photos.leclercdrive.fr/image.ashx?id=2989144&use=l&cat=p&typeid=i","cat":284429},{"id":3221,"n":"Purée pomme de terre Pom'lisse Nature - 8x125g - 1kg","p":3.19,"u":"3,19 €/KG","img":"https://fd9-photos.leclercdrive.fr/image.ashx?id=2929864&use=l&cat=p&typeid=i","cat":284431},{"id":3223,"n":"Pâtes capellini Panzani 500g","p":1.05,"u":"2,10 €/KG","img":"https://fd9-photos.leclercdrive.fr/image.ashx?id=2876038&use=l&cat=p&typeid=i","cat":284427},{"id":3224,"n":"Pâtes Barilla Spaghetti n°5 - 1kg","p":1.81,"u":"1,81 €/KG","img":"https://fd9-photos.leclercdrive.fr/image.ashx?id=2481182&use=l&cat=p&typeid=i","cat":284427},{"id":3225,"n":"Pâtes Lasagnes Panzani - 500G","p":1.74,"u":"3,48 €/KG","img":"https://fd9-photos.leclercdrive.fr/image.ashx?id=2896105&use=l&cat=p&typeid=i","cat":284427},{"id":3226,"n":"Pâtes cannelloni Panzani  A farcir - 250g","p":1.14,"u":"4,56 €/KG","img":"https://fd9-photos.leclercdrive.fr/image.ashx?id=2896108&use=l&cat=p&typeid=i","cat":284427},{"id":3233,"n":"Haricots verts Notre Jardin Extra fins - 220g","p":1.89,"u":"8,59 €/KG","img":"https://fd9-photos.leclercdrive.fr/image.ashx?id=2050621&use=l&cat=p&typeid=i","cat":312606},{"id":3239,"n":"Biscuit Petit beurre P'tit Déli Tablette chocolat noir - 150g","p":1.37,"u":"9,13 €/KG","img":"https://fd9-photos.leclercdrive.fr/image.ashx?id=886992&use=l&cat=p&typeid=i","cat":284488},{"id":3240,"n":"Biscuit Petit beurre P'tit Déli Tablette lait noisette - 150g","p":1.61,"u":"10,73 €/KG","img":"https://fd9-photos.leclercdrive.fr/image.ashx?id=2523673&use=l&cat=p&typeid=i","cat":284488},{"id":3253,"n":"Escargots Maître Coquille De Bourgogne x48 - 355g","p":12.99,"u":"36,59 €/KG","img":"https://fd9-photos.leclercdrive.fr/image.ashx?id=2978513&use=l&cat=p&typeid=i","cat":319775},{"id":3257,"n":"Bûche glacée Eskiss 3 chocolats - 536g","p":3.49,"u":"6,51 €/KG","img":"https://fd9-photos.leclercdrive.fr/image.ashx?id=2209711&use=l&cat=p&typeid=i","cat":284266},{"id":3258,"n":"Champignons Paris Notre Jardin Pieds et morceaux - 460g","p":2.29,"u":"4,98 €/KG","img":"https://fd9-photos.leclercdrive.fr/image.ashx?id=2553893&use=l&cat=p&typeid=i","cat":312610},{"id":3260,"n":"Noix de Saint Jacques NRT de la baie de St-Brieuc - 300g","p":14.99,"u":"49,97 €/KG","img":"https://fd9-photos.leclercdrive.fr/image.ashx?id=2699804&use=l&cat=p&typeid=i","cat":319787},{"id":3262,"n":"Carottes Notre Jardin Extra-fines - 530g","p":1.69,"u":"3,19 €/KG","img":"https://fd9-photos.leclercdrive.fr/image.ashx?id=1993550&use=l&cat=p&typeid=i","cat":312607},{"id":3263,"n":"Champignons Paris Notre Jardin Entiers - 460g","p":2.69,"u":"5,85 €/KG","img":"https://fd9-photos.leclercdrive.fr/image.ashx?id=2553887&use=l&cat=p&typeid=i","cat":312610},{"id":3269,"n":"Coeurs de palmiers Notre Jardin Extra tendres - 220g","p":2.27,"u":"10,32 €/KG","img":"https://fd9-photos.leclercdrive.fr/image.ashx?id=2072701&use=l&cat=p&typeid=i","cat":312611},{"id":3270,"n":"Coeurs de palmiers Notre Jardin Extra tendres - 250g","p":4.74,"u":"18,96 €/KG","img":"https://fd9-photos.leclercdrive.fr/image.ashx?id=2599137&use=l&cat=p&typeid=i","cat":312611},{"id":3271,"n":"Maïs Notre Jardin Tendre - 3x140g","p":1.89,"u":"4,50 €/KG","img":"https://fd9-photos.leclercdrive.fr/image.ashx?id=2074653&use=l&cat=p&typeid=i","cat":312611},{"id":3272,"n":"Asperges blanches grosses Notre Jardin - 320g","p":3.49,"u":"10,91 €/KG","img":"https://fd9-photos.leclercdrive.fr/image.ashx?id=2049016&use=l&cat=p&typeid=i","cat":312611},{"id":3277,"n":"Chips à l'ancienne Pom'lisse Nature - 6x30g","p":1.58,"u":"8,78 €/KG","img":"https://fd9-photos.leclercdrive.fr/image.ashx?id=2657193&use=l&cat=p&typeid=i","cat":284447},{"id":3282,"n":"Moutarde Amora Mi-forte - 230g Divers coloris","p":1.88,"u":"8,17 €/KG","img":"https://fd9-photos.leclercdrive.fr/image.ashx?id=2504473&use=l&cat=p&typeid=i","cat":288850},{"id":3285,"n":"Vinaigre balsamique Rustica 50cl","p":1.57,"u":"3,14 €/L","img":"https://fd9-photos.leclercdrive.fr/image.ashx?id=2765701&use=l&cat=p&typeid=i","cat":298543},{"id":3288,"n":"Chocolats fourrés Mon Chéri  x35 - 368g","p":11.77,"u":"31,98 €/KG","img":"https://fd9-photos.leclercdrive.fr/image.ashx?id=2945002&use=l&cat=p&typeid=i","cat":327601},{"id":3305,"n":"Sauce Provençale Turini 420g","p":0.97,"u":"2,31 €/KG","img":"https://fd9-photos.leclercdrive.fr/image.ashx?id=2047010&use=l&cat=p&typeid=i","cat":287599},{"id":3307,"n":"Cidre bouché Les Goelleries Normand brut 5.5%vol. - 75cl","p":1.79,"u":"2,39 €/L","img":"https://fd9-photos.leclercdrive.fr/image.ashx?id=2842193&use=l&cat=p&typeid=i","cat":334880},{"id":3309,"n":"Pur jus de pomme Jafaden 1L","p":1.34,"u":"1,34 €/L","img":"https://fd9-photos.leclercdrive.fr/image.ashx?id=2726697&use=l&cat=p&typeid=i","cat":284522},{"id":3310,"n":"Pur jus de pomme Bio Village Bio - 1L","p":1.49,"u":"1,49 €/L","img":"https://fd9-photos.leclercdrive.fr/image.ashx?id=2901527&use=l&cat=p&typeid=i","cat":284522},{"id":3311,"n":"Thé glacé Fresh Tea Pêche - 1,5L","p":1.25,"u":"0,83 €/L","img":"https://fd9-photos.leclercdrive.fr/image.ashx?id=2622242&use=l&cat=p&typeid=i","cat":295019},{"id":3316,"n":"Sirop Frucci Grenadine - 1L","p":2.76,"u":"2,76 €/L","img":"https://fd9-photos.leclercdrive.fr/image.ashx?id=2954073&use=l&cat=p&typeid=i","cat":295020},{"id":3320,"n":"Bonbons Werther's Original Mini 42g","p":1.69,"u":"40,24 €/KG","img":"https://fd9-photos.leclercdrive.fr/image.ashx?id=2660167&use=l&cat=p&typeid=i","cat":304252},{"id":3323,"n":"Dentifrice Sanogyl Soin gencives 75ml","p":2.59,"u":"34,53 €/L","img":"https://fd9-photos.leclercdrive.fr/image.ashx?id=2734018&use=l&cat=p&typeid=i","cat":284612},{"id":3338,"n":"Protège-slips Doulys Mince - Plié - x30","p":1.25,"u":"0,04 €/P","img":"https://fd9-photos.leclercdrive.fr/image.ashx?id=2198294&use=l&cat=p&typeid=i","cat":284625},{"id":3343,"n":"Vodka Poliakov 37.5%vol - 70cl","p":11.17,"u":"15,96 €/L","img":"https://fd9-photos.leclercdrive.fr/image.ashx?id=2810759&use=l&cat=p&typeid=i","cat":284550},{"id":3344,"n":"Nectar Jafaden Banane - 1L","p":2.09,"u":"2,09 €/L","img":"https://fd9-photos.leclercdrive.fr/image.ashx?id=2955701&use=l&cat=p&typeid=i","cat":284915},{"id":3355,"n":"World Mix Haribo Sachet bonbons - 500g","p":2.77,"u":"5,54 €/KG","img":"https://fd9-photos.leclercdrive.fr/image.ashx?id=2805207&use=l&cat=p&typeid=i","cat":304250},{"id":3356,"n":"Banan's Haribo Sachet bonbons - 300g","p":1.42,"u":"4,73 €/KG","img":"https://fd9-photos.leclercdrive.fr/image.ashx?id=1739936&use=l&cat=p&typeid=i","cat":304250},{"id":3359,"n":"Compote Andros Pomme 750g","p":1.48,"u":"1,97 €/KG","img":"https://fd9-photos.leclercdrive.fr/image.ashx?id=2327716&use=l&cat=p&typeid=i","cat":284508},{"id":3361,"n":"Pâtée chats Gourmet gold Mousselines 4x85g","p":1.95,"u":"5,74 €/KG","img":"https://fd9-photos.leclercdrive.fr/image.ashx?id=2711103&use=l&cat=p&typeid=i","cat":285286},{"id":3364,"n":"Huile de douche Manava Bien être oriental 250ml","p":1.16,"u":"4,64 €/L","img":"https://fd9-photos.leclercdrive.fr/image.ashx?id=2029361&use=l&cat=p&typeid=i","cat":284594},{"id":3365,"n":"Gel douche et shampooing Carré Homme Dynamisante - 250ml","p":1.15,"u":"4,60 €/L","img":"https://fd9-photos.leclercdrive.fr/image.ashx?id=1543589&use=l&cat=p&typeid=i","cat":284619},{"id":3372,"n":"Terrines Tous Mes Amis Pour chats  3 saveurs - 3x400g","p":3.29,"u":"2,74 €/KG","img":"https://fd9-photos.leclercdrive.fr/image.ashx?id=2050648&use=l&cat=p&typeid=i","cat":285601},{"id":3373,"n":"Tortillas Tables du Monde Galettes de blé x8 320g","p":1.71,"u":"5,34 €/KG","img":"https://fd9-photos.leclercdrive.fr/image.ashx?id=2679729&use=l&cat=p&typeid=i","cat":288993},{"id":3375,"n":"Lingettes bébé Mots d'Enfants Toilettes fruits rouges - x60","p":1.7,"u":"0,03 €/P","img":"https://fd9-photos.leclercdrive.fr/image.ashx?id=2856465&use=l&cat=p&typeid=i","cat":284738},{"id":3376,"n":"Café moulu Bio Village Bio  Pérou - 250g","p":4.21,"u":"16,84 €/KG","img":"https://fd9-photos.leclercdrive.fr/image.ashx?id=2552436&use=l&cat=p&typeid=i","cat":284750},{"id":3393,"n":"Dentifrice Protection Signal Caries 100ml","p":1.15,"u":"11,50 €/L","img":"https://fd9-photos.leclercdrive.fr/image.ashx?id=2961810&use=l&cat=p&typeid=i","cat":284612},{"id":3395,"n":"Dentifrice Dentamyl Aux plantes 75ml","p":0.94,"u":"12,53 €/L","img":"https://fd9-photos.leclercdrive.fr/image.ashx?id=2489104&use=l&cat=p&typeid=i","cat":284612},{"id":3396,"n":"Dentifrice Dentamyl Haleine fraîche 75ml","p":0.76,"u":"10,13 €/L","img":"https://fd9-photos.leclercdrive.fr/image.ashx?id=2489101&use=l&cat=p&typeid=i","cat":284612},{"id":3401,"n":"Serviette hygiénique Doulys Maxi - Spécial nuit - x12","p":0.95,"u":"0,08 €/P","img":"https://fd9-photos.leclercdrive.fr/image.ashx?id=2637859&use=l&cat=p&typeid=i","cat":284624},{"id":3413,"n":"Asperges blanches Notre Jardin Pointes - 110g","p":2.35,"u":"21,36 €/KG","img":"https://fd9-photos.leclercdrive.fr/image.ashx?id=2049022&use=l&cat=p&typeid=i","cat":312611},{"id":3414,"n":"Asperges vertes Moyennes Notre Jardin - 185g PNE","p":2.08,"u":"11,24 €/KG","img":"https://fd9-photos.leclercdrive.fr/image.ashx?id=2049025&use=l&cat=p&typeid=i","cat":312611},{"id":3416,"n":"Ratatouille Notre Jardin A la provençale - 750g","p":1.29,"u":"1,72 €/KG","img":"https://fd9-photos.leclercdrive.fr/image.ashx?id=2526291&use=l&cat=p&typeid=i","cat":312612},{"id":3424,"n":"Plat moussaka Côté table 850g","p":4.63,"u":"5,45 €/KG","img":"https://fd9-photos.leclercdrive.fr/image.ashx?id=2045175&use=l&cat=p&typeid=i","cat":284254},{"id":3428,"n":"Feuilletés paniers Côté Table St Jacques Fruits de mer 4x100g","p":4.45,"u":"11,13 €/KG","img":"https://fd9-photos.leclercdrive.fr/image.ashx?id=2549379&use=l&cat=p&typeid=i","cat":319776},{"id":3429,"n":"Lasagnes bolognaises Côté table 1kg","p":3.49,"u":"3,49 €/KG","img":"https://fd9-photos.leclercdrive.fr/image.ashx?id=2545628&use=l&cat=p&typeid=i","cat":284254},{"id":3441,"n":"AOP Freixenet Cava Cordon Negro Brut - 75cl","p":5.7,"u":"7,60 €/L","img":"https://fd9-photos.leclercdrive.fr/image.ashx?id=3011929&use=l&cat=p&typeid=i","cat":289461},{"id":3455,"n":"Saumon et torsades Côté Table  Sauce à l'oseille - 300g","p":2.59,"u":"8,63 €/KG","img":"https://fd9-photos.leclercdrive.fr/image.ashx?id=1960020&use=l&cat=p&typeid=i","cat":284953},{"id":3459,"n":"Petit Pois et Carottes Cassegrain 465g","p":2.6,"u":"5,59 €/KG","img":"https://fd9-photos.leclercdrive.fr/image.ashx?id=2912971&use=l&cat=p&typeid=i","cat":312607},{"id":3461,"n":"Maïs Bonduelle Sans Sucres Ajoutés 285g","p":0.98,"u":"3,44 €/KG","img":"https://fd9-photos.leclercdrive.fr/image.ashx?id=2955303&use=l&cat=p&typeid=i","cat":312611},{"id":3462,"n":"Pain précuit Epi d'Or Demi-baguette x2 - 300g","p":0.65,"u":"2,17 €/KG","img":"https://fd9-photos.leclercdrive.fr/image.ashx?id=1957710&use=l&cat=p&typeid=i","cat":325069},{"id":3500,"n":"Crème apaisante Marie Rose Piqûres moustique - 50ml","p":4.28,"u":"85,60 €/L","img":"https://fd9-photos.leclercdrive.fr/image.ashx?id=2666746&use=l&cat=p&typeid=i","cat":299654},{"id":3517,"n":"Bonbons Haribo Réglisse Carensac - 250g","p":1.66,"u":"6,64 €/KG","img":"https://fd9-photos.leclercdrive.fr/image.ashx?id=2982405&use=l&cat=p&typeid=i","cat":304250},{"id":3520,"n":"Boîtes chiens Lydog Terrines Viande volaille - 4x405g","p":3.47,"u":"2,14 €/KG","img":"https://fd9-photos.leclercdrive.fr/image.ashx?id=2815746&use=l&cat=p&typeid=i","cat":288578},{"id":3525,"n":"Crêpes fourrées P'tit déli Chocolat x8 - 256g","p":1.65,"u":"6,45 €/KG","img":"https://fd9-photos.leclercdrive.fr/image.ashx?id=2656335&use=l&cat=p&typeid=i","cat":284494},{"id":3549,"n":"IGP Pays d'Oc rosé J.P. Chenet 12.5% vol - 75cl","p":3.16,"u":"4,21 €/L","img":"https://fd9-photos.leclercdrive.fr/image.ashx?id=2985108&use=l&cat=p&typeid=i","cat":289558},{"id":3550,"n":"AOP Côtes de Provence rosé Billette Bouquet - 75cl","p":5.98,"u":"7,97 €/L","img":"https://fd9-photos.leclercdrive.fr/image.ashx?id=2625433&use=l&cat=p&typeid=i","cat":289558},{"id":3553,"n":"Whisky Chivas Regal 12 ans Blended Scotch 40% vol - 70cl","p":28.9,"pp":26.01,"u":"37,16 €/L","img":"https://fd9-photos.leclercdrive.fr/image.ashx?id=2914444&use=l&cat=p&typeid=i","cat":284547},{"id":3558,"n":"IGP Pays d'Oc rouge J-P Chenet Cabernet-Syrah 13% vol - 75 cl","p":3.23,"u":"4,31 €/L","img":"https://fd9-photos.leclercdrive.fr/image.ashx?id=2810864&use=l&cat=p&typeid=i","cat":289556},{"id":3564,"n":"Vin de l'Union Européenne  La Villageoise - 6x25cl","p":4.13,"u":"2,75 €/L","img":"https://fd9-photos.leclercdrive.fr/image.ashx?id=2731651&use=l&cat=p&typeid=i","cat":289557},{"id":3570,"n":"Concentré à diluer Pulco Citron - 70cl","p":2.19,"u":"3,13 €/L","img":"https://fd9-photos.leclercdrive.fr/image.ashx?id=2687845&use=l&cat=p&typeid=i","cat":295020},{"id":3571,"n":"Nectar Jafaden Abricot - 1L","p":2.59,"u":"2,59 €/L","img":"https://fd9-photos.leclercdrive.fr/image.ashx?id=2955713&use=l&cat=p&typeid=i","cat":284915},{"id":3575,"n":"Litière chats Tous mes Amis Végétale - 10L","p":4.39,"u":"0,44 €/L","img":"https://fd9-photos.leclercdrive.fr/image.ashx?id=2055217&use=l&cat=p&typeid=i","cat":284683},{"id":3576,"n":"Litière chats Tous mes Amis Minérale - Hygiénique - 10L","p":4.65,"u":"0,47 €/L","img":"https://fd9-photos.leclercdrive.fr/image.ashx?id=2055211&use=l&cat=p&typeid=i","cat":284683},{"id":3580,"n":"Le Haricot vert Cueilli Main Bonduelle Extra Fin 280g","p":2.42,"u":"8,64 €/KG","img":"https://fd9-photos.leclercdrive.fr/image.ashx?id=2910019&use=l&cat=p&typeid=i","cat":312606},{"id":3584,"n":"Macédoine de Légumes Bonduelle 530g","p":1.66,"u":"3,13 €/KG","img":"https://fd9-photos.leclercdrive.fr/image.ashx?id=2939235&use=l&cat=p&typeid=i","cat":312612},{"id":3587,"n":"AOP Bordeaux rouge Blaissac - 75cl","p":3.89,"u":"5,19 €/L","img":"https://fd9-photos.leclercdrive.fr/image.ashx?id=2917429&use=l&cat=p&typeid=i","cat":289556},{"id":3588,"n":"IGP Pays d'Oc rouge Roche Mazet Cabernet Sauvignon 12.5% 75cl","p":2.97,"u":"3,96 €/L","img":"https://fd9-photos.leclercdrive.fr/image.ashx?id=2333000&use=l&cat=p&typeid=i","cat":289556},{"id":3589,"n":"IGP Pays d'Oc rouge Roche Mazet Merlot - 75cl","p":2.86,"u":"3,81 €/L","img":"https://fd9-photos.leclercdrive.fr/image.ashx?id=2332997&use=l&cat=p&typeid=i","cat":289556},{"id":3590,"n":"IGP Pays d'Oc rosé Roche Mazet Cinsault Grenache 12% vol 75cl","p":2.99,"u":"3,99 €/L","img":"https://fd9-photos.leclercdrive.fr/image.ashx?id=2341510&use=l&cat=p&typeid=i","cat":289558},{"id":3593,"n":"Vin d'Italie rouge pétillant Vilaveroni Lambrusco- 75cl","p":4.15,"u":"5,53 €/L","img":"https://fd9-photos.leclercdrive.fr/image.ashx?id=2333021&use=l&cat=p&typeid=i","cat":289556},{"id":3599,"n":"IGP Pays d'Oc rosé Listel Grain De gris 12.5% vol - 75cl","p":3.35,"u":"4,47 €/L","img":"https://fd9-photos.leclercdrive.fr/image.ashx?id=2556135&use=l&cat=p&typeid=i","cat":289558},{"id":3600,"n":"Miel Lune de Miel Tartimiel 250g","p":2.14,"u":"8,56 €/KG","img":"https://fd9-photos.leclercdrive.fr/image.ashx?id=2662610&use=l&cat=p&typeid=i","cat":287643},{"id":3604,"n":"Allume-feu Silex cubes x28 200g","p":1.11,"u":"5,55 €/KG","img":"https://fd9-photos.leclercdrive.fr/image.ashx?id=2558781&use=l&cat=p&typeid=i","cat":300578},{"id":3609,"n":"Petit Pois Cassegrain Tendres et Fondants 495g","p":2.63,"u":"5,31 €/KG","img":"https://fd9-photos.leclercdrive.fr/image.ashx?id=2912962&use=l&cat=p&typeid=i","cat":312607},{"id":3610,"n":"Petits pois Notre Jardin A l'étuvée -Extra fins - 3x140g","p":1.57,"u":"3,74 €/KG","img":"https://fd9-photos.leclercdrive.fr/image.ashx?id=2537343&use=l&cat=p&typeid=i","cat":312607},{"id":3630,"n":"Filets colin Alaska Pêche océan 4 tranches - MSC - 400g","p":2.49,"u":"6,23 €/KG","img":"https://fd9-photos.leclercdrive.fr/image.ashx?id=2930087&use=l&cat=p&typeid=i","cat":319786},{"id":3633,"n":"Colin d'Alaska Pêche Océan x10 tranches - MSC - 1kg","p":6.25,"u":"6,25 €/KG","img":"https://fd9-photos.leclercdrive.fr/image.ashx?id=2930096&use=l&cat=p&typeid=i","cat":319786},{"id":3640,"n":"Fromage Apéritif Apérivrais  Saveurs de Provence - 100g","p":2.08,"u":"20,80 €/KG","img":"https://fd9-photos.leclercdrive.fr/image.ashx?id=2885348&use=l&cat=p&typeid=i","cat":314027},{"id":3641,"n":"Fromage Apéritif Apérivrais  Saveurs d'Italie - 100g","p":2.08,"u":"20,80 €/KG","img":"https://fd9-photos.leclercdrive.fr/image.ashx?id=2944705&use=l&cat=p&typeid=i","cat":314027},{"id":3643,"n":"Scotch Whisky Baird's 40%vol - 70cl","p":10.99,"u":"15,70 €/L","img":"https://fd9-photos.leclercdrive.fr/image.ashx?id=2907159&use=l&cat=p&typeid=i","cat":284547},{"id":3649,"n":"AOP Asti Vilaveroni 75cl","p":6.26,"u":"8,35 €/L","img":"https://fd9-photos.leclercdrive.fr/image.ashx?id=2337558&use=l&cat=p&typeid=i","cat":289461},{"id":3651,"n":"Vin du Portugal rosé Mateus - VSIG - 12% vol 75cl","p":4.65,"u":"6,20 €/L","img":"https://fd9-photos.leclercdrive.fr/image.ashx?id=2794619&use=l&cat=p&typeid=i","cat":289558},{"id":3663,"n":"Fromage à Raclette RichesMonts  3 saveurs 27 Tranches - 700g","p":10.79,"u":"15,41 €/KG","img":"https://fd9-photos.leclercdrive.fr/image.ashx?id=2766289&use=l&cat=p&typeid=i","cat":314037},{"id":3665,"n":"Beurrier Président Demi-sel - 80% MG - 250g","p":3.18,"u":"12,72 €/KG","img":"https://fd9-photos.leclercdrive.fr/image.ashx?id=2731849&use=l&cat=p&typeid=i","cat":284379},{"id":3668,"n":"Faisselle Rians - 6%mg - 1kg","p":2.7,"u":"2,70 €/KG","img":"https://fd9-photos.leclercdrive.fr/image.ashx?id=2659629&use=l&cat=p&typeid=i","cat":284409},{"id":3681,"n":"Confit canard 4/5 cuisses Nos Régions ont du Talent 745g","p":15.28,"u":"20,51 €/KG","img":"https://fd9-photos.leclercdrive.fr/image.ashx?id=2723210&use=l&cat=p&typeid=i","cat":305149},{"id":3688,"n":"Ile gourmande Yoplait Vanille - 6x101g","p":2.86,"u":"4,72 €/KG","img":"https://fd9-photos.leclercdrive.fr/image.ashx?id=2731654&use=l&cat=p&typeid=i","cat":284419},{"id":3694,"n":"Pâtes Torti Legumes Panzani - 500G","p":1.26,"u":"2,52 €/KG","img":"https://fd9-photos.leclercdrive.fr/image.ashx?id=2876032&use=l&cat=p&typeid=i","cat":284427},{"id":3699,"n":"Café moulu Bio Village Bio Amérique latine - 250g","p":4.99,"u":"19,96 €/KG","img":"https://fd9-photos.leclercdrive.fr/image.ashx?id=2603713&use=l&cat=p&typeid=i","cat":284750},{"id":3705,"n":"Collants Well Elastivoile Résistant ibiza T3","p":3.45,"img":"https://fd9-photos.leclercdrive.fr/image.ashx?id=2560843&use=l&cat=p&typeid=i","cat":334130},{"id":3712,"n":"Emincé poulet Côté Table Sauce curry - 300g","p":2.02,"u":"6,73 €/KG","img":"https://fd9-photos.leclercdrive.fr/image.ashx?id=2257223&use=l&cat=p&typeid=i","cat":284953},{"id":3713,"n":"Huile d'olive Rustica Vierge extra - 50cl","p":4.8,"u":"9,60 €/L","img":"https://fd9-photos.leclercdrive.fr/image.ashx?id=2930340&use=l&cat=p&typeid=i","cat":284453},{"id":3714,"n":"Serviette hygiénique Doulys Ultra minces - Normal - x16","p":1.03,"u":"0,06 €/P","img":"https://fd9-photos.leclercdrive.fr/image.ashx?id=2838924&use=l&cat=p&typeid=i","cat":284624},{"id":3715,"n":"Sauce Pizzassimo Del Monte pour pizza aux tomates- 2x400g","p":2.72,"u":"3,40 €/KG","img":"https://fd9-photos.leclercdrive.fr/image.ashx?id=2804457&use=l&cat=p&typeid=i","cat":288384},{"id":3716,"n":"Pizza cuite sur pierre Turini Royale - 400g","p":1.99,"u":"4,98 €/KG","img":"https://fd9-photos.leclercdrive.fr/image.ashx?id=2815205&use=l&cat=p&typeid=i","cat":284256},{"id":3719,"n":"Gomme Coiffante L'Oréal Paris Effet Remodelable - 150ml","p":3.48,"u":"23,20 €/L","img":"https://fd9-photos.leclercdrive.fr/image.ashx?id=2614194&use=l&cat=p&typeid=i","cat":284609},{"id":3736,"n":"Chocolat Pâtissier Menier Tablette Noir - 200g","p":2.23,"u":"11,15 €/KG","img":"https://fd9-photos.leclercdrive.fr/image.ashx?id=2624146&use=l&cat=p&typeid=i","cat":285562},{"id":3741,"n":"Biscottes fourrées Cracotte LU  Fraise - 200g","p":1.63,"u":"8,15 €/KG","img":"https://fd9-photos.leclercdrive.fr/image.ashx?id=3004807&use=l&cat=p&typeid=i","cat":284479},{"id":3743,"n":"Mini brownie Brossard Chocolat pépites x8 - 240g","p":2.49,"u":"10,38 €/KG","img":"https://fd9-photos.leclercdrive.fr/image.ashx?id=2965100&use=l&cat=p&typeid=i","cat":294776},{"id":3748,"n":"Soufflés Grignot' Tokapi  Saveur Fromage - 90g","p":0.72,"u":"8,00 €/KG","img":"https://fd9-photos.leclercdrive.fr/image.ashx?id=1956625&use=l&cat=p&typeid=i","cat":284449},{"id":3754,"n":"Crackers Tuc Bacon - 100g","p":0.82,"u":"8,20 €/KG","img":"https://fd9-photos.leclercdrive.fr/image.ashx?id=3002198&use=l&cat=p&typeid=i","cat":297000},{"id":3756,"n":"Mélange Exotique Tokapi  Bananes et papaye - 120g","p":1.47,"u":"12,25 €/KG","img":"https://fd9-photos.leclercdrive.fr/image.ashx?id=2793991&use=l&cat=p&typeid=i","cat":284448},{"id":3758,"n":"Sachet repas chats Gourmet 4 variétés de filets - 4x85g","p":1.88,"u":"5,53 €/KG","img":"https://fd9-photos.leclercdrive.fr/image.ashx?id=2902274&use=l&cat=p&typeid=i","cat":285286},{"id":3759,"n":"Sachet repas chats Gourmet Filets en sachet - 4x85g","p":1.84,"u":"5,41 €/KG","img":"https://fd9-photos.leclercdrive.fr/image.ashx?id=2902337&use=l&cat=p&typeid=i","cat":285286},{"id":3773,"n":"Feuilletés paniers Côté Table Jambon fromage - 4x100g","p":2.15,"u":"5,38 €/KG","img":"https://fd9-photos.leclercdrive.fr/image.ashx?id=2549382&use=l&cat=p&typeid=i","cat":319776},{"id":3775,"n":"Feuilletés paniers Côté Table Fromage de chèvre - 4x100g","p":2.95,"u":"7,38 €/KG","img":"https://fd9-photos.leclercdrive.fr/image.ashx?id=2549385&use=l&cat=p&typeid=i","cat":319776},{"id":3777,"n":"Légumes couscous Notre jardin 1kg","p":1.99,"u":"1,99 €/KG","img":"https://fd9-photos.leclercdrive.fr/image.ashx?id=2900031&use=l&cat=p&typeid=i","cat":319823},{"id":3784,"n":"Coquilles poisson Côté Table Et fruits de mer x6 - 660g","p":5.35,"u":"8,11 €/KG","img":"https://fd9-photos.leclercdrive.fr/image.ashx?id=2990092&use=l&cat=p&typeid=i","cat":319775},{"id":3786,"n":"Poisson pané Pêche Océan MSC - x20 - 1kg","p":6.95,"u":"6,95 €/KG","img":"https://fd9-photos.leclercdrive.fr/image.ashx?id=1919342&use=l&cat=p&typeid=i","cat":319788},{"id":3789,"n":"Pavés de saumon Pêche Océan ASC - 2x125g","p":4.99,"u":"19,96 €/KG","img":"https://fd9-photos.leclercdrive.fr/image.ashx?id=2953719&use=l&cat=p&typeid=i","cat":319786},{"id":3794,"n":"Poisson pané Pêche Océan - MSC Colin d'alaska - x8 - 400g","p":2.78,"u":"6,95 €/KG","img":"https://fd9-photos.leclercdrive.fr/image.ashx?id=2176092&use=l&cat=p&typeid=i","cat":319788},{"id":3795,"n":"Poisson pané Pêche Océan Cabillaud - MSC - x8 400g","p":4.45,"u":"11,13 €/KG","img":"https://fd9-photos.leclercdrive.fr/image.ashx?id=1724533&use=l&cat=p&typeid=i","cat":319788},{"id":3796,"n":"Croquettes poisson Pêche Océan MSC - x6 - 300g","p":1.72,"u":"5,73 €/KG","img":"https://fd9-photos.leclercdrive.fr/image.ashx?id=2052763&use=l&cat=p&typeid=i","cat":319788},{"id":3797,"n":"Brandade morue Côté Table 1kg","p":3.99,"u":"3,99 €/KG","img":"https://fd9-photos.leclercdrive.fr/image.ashx?id=2047028&use=l&cat=p&typeid=i","cat":284254},{"id":3810,"n":"Epinards Notre Jardin Branches A la crème fraîche 1kg","p":2.98,"u":"2,98 €/KG","img":"https://fd9-photos.leclercdrive.fr/image.ashx?id=2873081&use=l&cat=p&typeid=i","cat":319805},{"id":3823,"n":"Wings poulet Maître coq nature 400g","p":4.71,"u":"11,78 €/KG","img":"https://fd9-photos.leclercdrive.fr/image.ashx?id=2101438&use=l&cat=p&typeid=i","cat":333685},{"id":3828,"n":"Pansements Mercurochrome Economiques x20","p":2.18,"img":"https://fd9-photos.leclercdrive.fr/image.ashx?id=2748269&use=l&cat=p&typeid=i","cat":284630},{"id":3834,"n":"Beurre Président Doux - 82%mg - 250g","p":3.26,"u":"13,04 €/P","img":"https://fd9-photos.leclercdrive.fr/image.ashx?id=2731846&use=l&cat=p&typeid=i","cat":284379},{"id":3844,"n":"Sirop érable Maple Joe Du Canada - 250g","p":3.72,"u":"14,88 €/KG","img":"https://fd9-photos.leclercdrive.fr/image.ashx?id=2656559&use=l&cat=p&typeid=i","cat":287643},{"id":3862,"n":"Cacahuètes grillées Tokapi Salées - 500g","p":1.44,"u":"2,88 €/KG","img":"https://fd9-photos.leclercdrive.fr/image.ashx?id=2795532&use=l&cat=p&typeid=i","cat":284448},{"id":3864,"n":"Jus multifruits Jafaden 12 fruits - 1L","p":1.33,"u":"1,33 €/L","img":"https://fd9-photos.leclercdrive.fr/image.ashx?id=2188682&use=l&cat=p&typeid=i","cat":284917},{"id":3871,"n":"Pain grillé Pelletier Blé complet - 500g","p":1.95,"u":"3,90 €/KG","img":"https://fd9-photos.leclercdrive.fr/image.ashx?id=2345376&use=l&cat=p&typeid=i","cat":284479},{"id":3873,"n":"Cuisses poulet fermier Loué Jaune x2 - 480g","p":4.84,"u":"10,08 €/KG","img":"https://fd9-photos.leclercdrive.fr/image.ashx?id=2250555&use=l&cat=p&typeid=i","cat":284336},{"id":3874,"n":"Filet Poulet Jaune LR X2  IGP Volailles du Maine  - 240g","p":6.85,"u":"28,54 €/KG","img":"https://fd9-photos.leclercdrive.fr/image.ashx?id=2250561&use=l&cat=p&typeid=i","cat":284336},{"id":3914,"n":"Steak haché Charal 5%mg - 260g","p":5.83,"u":"22,42 €/KG","img":"https://fd9-photos.leclercdrive.fr/image.ashx?id=1889165&use=l&cat=p&typeid=i","cat":284332},{"id":3915,"n":"Steak haché 15%mg Charal Viande bovine - 260g","p":5.31,"u":"20,42 €/KG","img":"https://fd9-photos.leclercdrive.fr/image.ashx?id=1889174&use=l&cat=p&typeid=i","cat":284332},{"id":3921,"n":"Carpaccio au Parmesan Charal - 230g","p":6.3,"u":"27,39 €/KG","img":"https://fd9-photos.leclercdrive.fr/image.ashx?id=2482174&use=l&cat=p&typeid=i","cat":284328},{"id":3922,"n":"Carpaccio au Basilic Charal - 230g","p":6.3,"u":"27,39 €/KG","img":"https://fd9-photos.leclercdrive.fr/image.ashx?id=1933746&use=l&cat=p&typeid=i","cat":284328},{"id":3923,"n":"Bacon burger Charal 2x155g","p":5.97,"u":"19,26 €/KG","img":"https://fd9-photos.leclercdrive.fr/image.ashx?id=2547092&use=l&cat=p&typeid=i","cat":333671},{"id":3924,"n":"Cheese Burger Charal Viande bovine française 2x145g","p":5.9,"u":"20,34 €/KG","img":"https://fd9-photos.leclercdrive.fr/image.ashx?id=2516095&use=l&cat=p&typeid=i","cat":333671},{"id":3925,"n":"Maxi Cheese Charal Viande bovine française - 220g","p":4.12,"u":"18,73 €/KG","img":"https://fd9-photos.leclercdrive.fr/image.ashx?id=2547098&use=l&cat=p&typeid=i","cat":333671},{"id":3944,"n":"Jus multifruits Jafaden Briquettes - 6x20cl","p":1.79,"u":"1,49 €/L","img":"https://fd9-photos.leclercdrive.fr/image.ashx?id=2751880&use=l&cat=p&typeid=i","cat":284524},{"id":3946,"n":"Pâtes Barilla Spaghettoni n°7 - 500g","p":0.97,"u":"1,94 €/KG","img":"https://fd9-photos.leclercdrive.fr/image.ashx?id=2392221&use=l&cat=p&typeid=i","cat":284427},{"id":3948,"n":"Haricots lingots Notre Jardin 500g","p":1.63,"u":"3,26 €/KG","img":"https://fd9-photos.leclercdrive.fr/image.ashx?id=2983775&use=l&cat=p&typeid=i","cat":284430},{"id":3951,"n":"Sucre vanillé Tablier blanc x10 75g","p":0.79,"u":"10,53 €/KG","img":"https://fd9-photos.leclercdrive.fr/image.ashx?id=2487431&use=l&cat=p&typeid=i","cat":294686},{"id":3955,"n":"Ravioli pur bœuf  Panzani - 400g","p":1.59,"u":"3,98 €/KG","img":"https://fd9-photos.leclercdrive.fr/image.ashx?id=2876050&use=l&cat=p&typeid=i","cat":284442},{"id":3960,"n":"Haricots Mungo  Notre Jardin 3x90g","p":1.99,"u":"7,37 €/KG","img":"https://fd9-photos.leclercdrive.fr/image.ashx?id=2174678&use=l&cat=p&typeid=i","cat":312611},{"id":3980,"n":"Sauce bolognaise Turini 680g","p":2.44,"u":"3,59 €/KG","img":"https://fd9-photos.leclercdrive.fr/image.ashx?id=2077197&use=l&cat=p&typeid=i","cat":287599},{"id":3981,"n":"Petits pois carottes Extra fins Notre Jardin - 3x130g","p":1.69,"u":"4,33 €/KG","img":"https://fd9-photos.leclercdrive.fr/image.ashx?id=2537346&use=l&cat=p&typeid=i","cat":312607},{"id":3983,"n":"Flageolets verts Notre Jardin Extra fins - 3x130g","p":1.99,"u":"5,10 €/KG","img":"https://fd9-photos.leclercdrive.fr/image.ashx?id=2537352&use=l&cat=p&typeid=i","cat":312606},{"id":3989,"n":"Soda Jean's Cola  2L","p":1.44,"u":"0,72 €/L","img":"https://fd9-photos.leclercdrive.fr/image.ashx?id=2984655&use=l&cat=p&typeid=i","cat":284530},{"id":3991,"n":"Tarte aux 3 fromages Côté Table - 400g","p":2.78,"u":"6,95 €/KG","img":"https://fd9-photos.leclercdrive.fr/image.ashx?id=2791707&use=l&cat=p&typeid=i","cat":284257},{"id":3996,"n":"Hachis parmentier Côté table 600g","p":3.52,"u":"5,87 €/KG","img":"https://fd9-photos.leclercdrive.fr/image.ashx?id=2045181&use=l&cat=p&typeid=i","cat":284254},{"id":3997,"n":"Hachis parmentier Côté table 1kg","p":4.83,"u":"4,83 €/KG","img":"https://fd9-photos.leclercdrive.fr/image.ashx?id=2045172&use=l&cat=p&typeid=i","cat":284254},{"id":3998,"n":"Frites allumettes Pom'lisse Au four - 600g","p":1.24,"u":"2,07 €/KG","img":"https://fd9-photos.leclercdrive.fr/image.ashx?id=1993050&use=l&cat=p&typeid=i","cat":319791},{"id":3999,"n":"Crêpes Côté Table Champignons x6 - 300g","p":1.88,"u":"6,27 €/KG","img":"https://fd9-photos.leclercdrive.fr/image.ashx?id=2499352&use=l&cat=p&typeid=i","cat":319776},{"id":4003,"n":"Coquilles Saint-Jacques NRT baie de St-Brieuc x2 - 200g","p":6.79,"u":"33,95 €/KG","img":"https://fd9-photos.leclercdrive.fr/image.ashx?id=2839956&use=l&cat=p&typeid=i","cat":319775},{"id":4008,"n":"Julienne légumes Notre jardin 600g","p":1.38,"u":"2,30 €/KG","img":"https://fd9-photos.leclercdrive.fr/image.ashx?id=2873102&use=l&cat=p&typeid=i","cat":319823},{"id":4009,"n":"Printanière légumes Notre jardin 1kg","p":1.47,"u":"1,47 €/KG","img":"https://fd9-photos.leclercdrive.fr/image.ashx?id=2873030&use=l&cat=p&typeid=i","cat":319823},{"id":4024,"n":"Sauce crudité Rustica Nature - 50cl","p":0.88,"u":"1,76 €/L","img":"https://fd9-photos.leclercdrive.fr/image.ashx?id=1972910&use=l&cat=p&typeid=i","cat":284456},{"id":4025,"n":"Pois chiches Notre Jardin 530g","p":1.19,"u":"2,25 €/KG","img":"https://fd9-photos.leclercdrive.fr/image.ashx?id=2448971&use=l&cat=p&typeid=i","cat":312609},{"id":4026,"n":"Cuisses poulet rôti Le gaulois x2 - 350g","p":4.38,"u":"12,51 €/KG","img":"https://fd9-photos.leclercdrive.fr/image.ashx?id=2277122&use=l&cat=p&typeid=i","cat":284336},{"id":4028,"n":"Filets poulet rôti Le gaulois 230g","p":4.09,"u":"17,78 €/KG","img":"https://fd9-photos.leclercdrive.fr/image.ashx?id=2686879&use=l&cat=p&typeid=i","cat":284336},{"id":4029,"n":"Crème marron de Clément Faugier Vanillée Ardèche - 500g","p":2.46,"u":"4,92 €/KG","img":"https://fd9-photos.leclercdrive.fr/image.ashx?id=1880738&use=l&cat=p&typeid=i","cat":284481},{"id":4063,"n":"Cidre bouché Les Goelleries Normand doux 2%vol. - 75cl","p":1.79,"u":"2,39 €/L","img":"https://fd9-photos.leclercdrive.fr/image.ashx?id=2842199&use=l&cat=p&typeid=i","cat":334880},{"id":4086,"n":"Ecorces Beaux Jours Pin maritime 20/40mm - 50L","p":9.15,"u":"0,18 €/L","img":"https://fd9-photos.leclercdrive.fr/image.ashx?id=2162189&use=l&cat=p&typeid=i","cat":335919},{"id":4101,"n":"Pâtes coquillettes Panzani 1kg","p":1.74,"u":"1,74 €/KG","img":"https://fd9-photos.leclercdrive.fr/image.ashx?id=2873823&use=l&cat=p&typeid=i","cat":284427},{"id":4103,"n":"Compotes Andros Pomme Fraise - 8x100g","p":2.57,"u":"3,21 €/KG","img":"https://fd9-photos.leclercdrive.fr/image.ashx?id=2883940&use=l&cat=p&typeid=i","cat":284416},{"id":4120,"n":"Bouchées chocolatées Mon Chéri Liqueur cerise x16 - 168g","p":5.57,"u":"33,15 €/KG","img":"https://fd9-photos.leclercdrive.fr/image.ashx?id=2964018&use=l&cat=p&typeid=i","cat":327601},{"id":4141,"n":"Infusion Tiséa réglisse menthe x25","p":0.9,"u":"22,50 €/KG","img":"https://fd9-photos.leclercdrive.fr/image.ashx?id=1759879&use=l&cat=p&typeid=i","cat":293234},{"id":4241,"n":"Tarte Tatin Autour du Dessert 600g","p":4.69,"u":"7,82 €/KG","img":"https://fd9-photos.leclercdrive.fr/image.ashx?id=2062480&use=l&cat=p&typeid=i","cat":284267},{"id":4249,"n":"Crème glacée Eskiss Chocolat noir - 494g","p":2.35,"u":"4,76 €/KG","img":"https://fd9-photos.leclercdrive.fr/image.ashx?id=2698162&use=l&cat=p&typeid=i","cat":284263},{"id":4250,"n":"Crème glacée Eskiss Café - 494g","p":2.14,"u":"4,33 €/KG","img":"https://fd9-photos.leclercdrive.fr/image.ashx?id=2982577&use=l&cat=p&typeid=i","cat":284263},{"id":4255,"n":"Crème glacée Eskiss Rhum raisin - 494g","p":2.45,"u":"4,96 €/KG","img":"https://fd9-photos.leclercdrive.fr/image.ashx?id=2982589&use=l&cat=p&typeid=i","cat":284263},{"id":4259,"n":"Pâtes spaghetti Panzani 1kg","p":1.72,"u":"1,72 €/KG","img":"https://fd9-photos.leclercdrive.fr/image.ashx?id=2869555&use=l&cat=p&typeid=i","cat":284427},{"id":4260,"n":"Biscuits sablés P'tit Déli Chocolat au lait - 200g","p":1.19,"u":"5,95 €/KG","img":"https://fd9-photos.leclercdrive.fr/image.ashx?id=2768457&use=l&cat=p&typeid=i","cat":284488},{"id":4262,"n":"Thon en tranche  Pêche Océan Naturel - 140g","p":2.05,"u":"14,64 €/KG","img":"https://fd9-photos.leclercdrive.fr/image.ashx?id=1256774&use=l&cat=p&typeid=i","cat":303867},{"id":4288,"n":"Boisson apéritif Voltano Base de vin Bianco 14.4%vol 1L","p":4.99,"u":"4,99 €/L","img":"https://fd9-photos.leclercdrive.fr/image.ashx?id=2473954&use=l&cat=p&typeid=i","cat":284913},{"id":4289,"n":"Boisson apéritif Voltano Base de vin rosso 14.4%vol 1L","p":4.75,"u":"4,75 €/L","img":"https://fd9-photos.leclercdrive.fr/image.ashx?id=2473957&use=l&cat=p&typeid=i","cat":284913},{"id":4290,"n":"Marrons entiers Notre Jardin - 510g","p":5.19,"u":"10,18 €/KG","img":"https://fd9-photos.leclercdrive.fr/image.ashx?id=2190014&use=l&cat=p&typeid=i","cat":312612},{"id":4325,"n":"Collants Well Elastivoile Satiné T3","p":4.45,"img":"https://fd9-photos.leclercdrive.fr/image.ashx?id=2056398&use=l&cat=p&typeid=i","cat":334130},{"id":4327,"n":"Collants Well Elastivoile Satiné ibiza T3","p":4.45,"img":"https://fd9-photos.leclercdrive.fr/image.ashx?id=2056383&use=l&cat=p&typeid=i","cat":334130},{"id":4346,"n":"Crêpes Côté Table Fromage x6 - 300g","p":1.69,"u":"5,63 €/KG","img":"https://fd9-photos.leclercdrive.fr/image.ashx?id=2932399&use=l&cat=p&typeid=i","cat":319776},{"id":4357,"n":"Glace à l'eau Yéti 5 parfums x24 - 1.160kg","p":3.68,"u":"3,17 €/KG","img":"https://fd9-photos.leclercdrive.fr/image.ashx?id=2733796&use=l&cat=p&typeid=i","cat":285250},{"id":4367,"n":"Papier toilette Uni Vert Compact écologique - x4","p":3.29,"u":"0,82 €/P","img":"https://fd9-photos.leclercdrive.fr/image.ashx?id=2549948&use=l&cat=p&typeid=i","cat":284634},{"id":4369,"n":"Gel wc menthe pin Uni Vert 750ml","p":1.62,"u":"2,16 €/L","img":"https://fd9-photos.leclercdrive.fr/image.ashx?id=2965446&use=l&cat=p&typeid=i","cat":284662},{"id":4412,"n":"Boisson énergisante Red Bull 250ml","p":1.07,"u":"4,28 €/L","img":"https://fd9-photos.leclercdrive.fr/image.ashx?id=2340300&use=l&cat=p&typeid=i","cat":284533},{"id":4417,"n":"Sauce Fondue d'échalote Charal 100g","p":1.64,"u":"16,40 €/KG","img":"https://fd9-photos.leclercdrive.fr/image.ashx?id=2859251&use=l&cat=p&typeid=i","cat":284382},{"id":4420,"n":"Sauce aux Morilles Charal 2 personnes - 120g","p":2.15,"u":"17,92 €/KG","img":"https://fd9-photos.leclercdrive.fr/image.ashx?id=2105023&use=l&cat=p&typeid=i","cat":284382},{"id":4423,"n":"Sauce béarnaise Charal 120g","p":1.97,"u":"16,42 €/KG","img":"https://fd9-photos.leclercdrive.fr/image.ashx?id=2105011&use=l&cat=p&typeid=i","cat":284382},{"id":4425,"n":"Sauce aux 3 poivres Charal 2 personnes - 120g","p":1.96,"u":"16,33 €/KG","img":"https://fd9-photos.leclercdrive.fr/image.ashx?id=2105014&use=l&cat=p&typeid=i","cat":284382},{"id":4426,"n":"Sauce au Roquefort Charal 2 personnes - 120g","p":1.9,"u":"15,83 €/KG","img":"https://fd9-photos.leclercdrive.fr/image.ashx?id=2881329&use=l&cat=p&typeid=i","cat":284382},{"id":4438,"n":"Hot Dog Charal ketchup 120g","p":2.53,"u":"21,08 €/KG","img":"https://fd9-photos.leclercdrive.fr/image.ashx?id=2264734&use=l&cat=p&typeid=i","cat":333671},{"id":4454,"n":"Entrecôte de boeuf *** à griller - 200g","p":5.2,"u":"26,00 €/KG","img":"https://fd9-photos.leclercdrive.fr/image.ashx?id=760101&use=l&cat=p&typeid=i","cat":284328},{"id":4455,"n":"Viande bovine : Faux filet***  À griller x1 - 200g","p":5.2,"u":"26,00 €/KG","img":"https://fd9-photos.leclercdrive.fr/image.ashx?id=659566&use=l&cat=p&typeid=i","cat":284328},{"id":4458,"n":"Pâtes cheveux d'anges Panzani 500g","p":1.28,"u":"2,56 €/KG","img":"https://fd9-photos.leclercdrive.fr/image.ashx?id=2896069&use=l&cat=p&typeid=i","cat":284427},{"id":4497,"n":"Gomme Esquisse Caoutchouc","p":0.5,"img":"https://fd9-photos.leclercdrive.fr/image.ashx?id=2943211&use=l&cat=p&typeid=i","cat":334133},{"id":4499,"n":"Surligneur Esquisse 4 couleurs fluos - x4","p":1.99,"img":"https://fd9-photos.leclercdrive.fr/image.ashx?id=2943208&use=l&cat=p&typeid=i","cat":284696},{"id":4511,"n":"Pochettes perforées Eco+ 21x29.7cm - x100","p":1.14,"u":"0,01 €/P","img":"https://fd9-photos.leclercdrive.fr/image.ashx?id=2943124&use=l&cat=p&typeid=i","cat":284745},{"id":4512,"n":"Pur jus orange Jafaden Sans pulpe - 1L","p":2.43,"u":"2,43 €/L","img":"https://fd9-photos.leclercdrive.fr/image.ashx?id=2198032&use=l&cat=p&typeid=i","cat":285435},{"id":4515,"n":"Pansements Primoplast Pré-découpés x100","p":2.97,"img":"https://fd9-photos.leclercdrive.fr/image.ashx?id=1899678&use=l&cat=p&typeid=i","cat":284630},{"id":4519,"n":"Bande à découper Primoplast Multi-usages - 10x6cm","p":0.79,"img":"https://fd9-photos.leclercdrive.fr/image.ashx?id=2885560&use=l&cat=p&typeid=i","cat":284630},{"id":4523,"n":"Côte de veau *** à griller           x2 - 360g","p":7.9,"u":"21,94 €/KG","img":"https://fd9-photos.leclercdrive.fr/image.ashx?id=621178&use=l&cat=p&typeid=i","cat":284329},{"id":4524,"n":"Filtre café Eco+ N°4 - x100","p":0.99,"u":"0,01 €/P","img":"https://fd9-photos.leclercdrive.fr/image.ashx?id=2593806&use=l&cat=p&typeid=i","cat":284751},{"id":4538,"n":"Crème pieds Scholl Réparatrice - 75ml","p":3.7,"u":"49,33 €/L","img":"https://fd9-photos.leclercdrive.fr/image.ashx?id=3011803&use=l&cat=p&typeid=i","cat":325354},{"id":4543,"n":"Gel Lubrifiant Intime Durex Sensitive base Eau 50ml","p":4.48,"u":"89,60 €/L","img":"https://fd9-photos.leclercdrive.fr/image.ashx?id=2961200&use=l&cat=p&typeid=i","cat":285160},{"id":4552,"n":"Escalope de veau *** à griller           x2 - 320g","p":8.3,"u":"25,94 €/KG","img":"https://fd9-photos.leclercdrive.fr/image.ashx?id=619014&use=l&cat=p&typeid=i","cat":284329},{"id":4554,"n":"Sot l'y laisse Le Gaulois Dinde - 250g","p":4.91,"u":"19,64 €/KG","img":"https://fd9-photos.leclercdrive.fr/image.ashx?id=2732740&use=l&cat=p&typeid=i","cat":284715},{"id":4555,"n":"Aiguillette Poulet Jaune LR  IGP Volailles du Maine  - 180g","p":5.63,"u":"31,28 €/KG","img":"https://fd9-photos.leclercdrive.fr/image.ashx?id=2592546&use=l&cat=p&typeid=i","cat":284336},{"id":4557,"n":"Haut Cuisse Poulet Jaune LR X3  IGP Volailles du Maine  - 430g","p":4.78,"u":"11,12 €/KG","img":"https://fd9-photos.leclercdrive.fr/image.ashx?id=2338901&use=l&cat=p&typeid=i","cat":284336},{"id":4569,"n":"Coq'ailes Maître Coq Mexicain - 250g","p":3.0,"u":"12,00 €/KG","img":"https://fd9-photos.leclercdrive.fr/image.ashx?id=2432034&use=l&cat=p&typeid=i","cat":333685},{"id":4570,"n":"Coq'ailes Maître coq Nature - 250g","p":2.9,"u":"11,60 €/KG","img":"https://fd9-photos.leclercdrive.fr/image.ashx?id=2412591&use=l&cat=p&typeid=i","cat":333685},{"id":4621,"n":"Epis de maïs précuits Lunor 400g","p":2.15,"u":"5,38 €/KG","img":"https://fd9-photos.leclercdrive.fr/image.ashx?id=1876658&use=l&cat=p&typeid=i","cat":284352},{"id":4624,"n":"Dattes Couleurs Vives 500g","p":2.75,"u":"5,50 €/KG","img":"https://fd9-photos.leclercdrive.fr/image.ashx?id=2542926&use=l&cat=p&typeid=i","cat":284357},{"id":4626,"n":"Vinaigrette Rustica Nature - 50cl","p":0.88,"u":"1,76 €/L","img":"https://fd9-photos.leclercdrive.fr/image.ashx?id=1972898&use=l&cat=p&typeid=i","cat":284456},{"id":4627,"n":"Vinaigre de Xérès Rustica 50cl","p":1.99,"u":"3,98 €/L","img":"https://fd9-photos.leclercdrive.fr/image.ashx?id=2603581&use=l&cat=p&typeid=i","cat":298543},{"id":4628,"n":"Moutarde de Dijon Rustica  Fine et forte - 440g","p":1.13,"u":"2,57 €/KG","img":"https://fd9-photos.leclercdrive.fr/image.ashx?id=2954340&use=l&cat=p&typeid=i","cat":288850},{"id":4629,"n":"Moutarde à l'ancienne Rustica Vinaigre - 350g","p":1.12,"u":"3,20 €/KG","img":"https://fd9-photos.leclercdrive.fr/image.ashx?id=2055467&use=l&cat=p&typeid=i","cat":288850},{"id":4630,"n":"Pâté piment d'Espelette NRT Label Rouge - 180g","p":2.39,"u":"13,28 €/KG","img":"https://fd9-photos.leclercdrive.fr/image.ashx?id=2991485&use=l&cat=p&typeid=i","cat":305149},{"id":4631,"n":"Confit foie volaille Côté Table Au porto - 180g","p":1.45,"u":"8,06 €/KG","img":"https://fd9-photos.leclercdrive.fr/image.ashx?id=2961659&use=l&cat=p&typeid=i","cat":305149},{"id":4640,"n":"Petits pois carottes Notre Jard Extra fins - 420g","p":1.35,"u":"3,21 €/KG","img":"https://fd9-photos.leclercdrive.fr/image.ashx?id=2987943&use=l&cat=p&typeid=i","cat":312607},{"id":4641,"n":"Croquettes chaton Purina One Junior - Poulet/Céréales - 450g","p":2.52,"u":"5,60 €/KG","img":"https://fd9-photos.leclercdrive.fr/image.ashx?id=2499883&use=l&cat=p&typeid=i","cat":284680},{"id":4667,"n":"Yaourts Mamie Nova Ananas passion - 2x150g","p":1.35,"u":"4,50 €/KG","img":"https://fd9-photos.leclercdrive.fr/image.ashx?id=2886960&use=l&cat=p&typeid=i","cat":284410},{"id":4679,"n":"Gel WC nettoyant Syphon Javel eucalyptus - 750ml","p":0.87,"u":"1,16 €/L","img":"https://fd9-photos.leclercdrive.fr/image.ashx?id=2663359&use=l&cat=p&typeid=i","cat":284662},{"id":4682,"n":"Petits pois Notre Jardin A l'étuvée - Extra fins - 445g","p":1.28,"u":"2,88 €/KG","img":"https://fd9-photos.leclercdrive.fr/image.ashx?id=2987940&use=l&cat=p&typeid=i","cat":312607},{"id":4688,"n":"Pâtes Blé complet Barilla Penne Rigate Integrale - 500g","p":1.09,"u":"2,18 €/KG","img":"https://fd9-photos.leclercdrive.fr/image.ashx?id=2986954&use=l&cat=p&typeid=i","cat":284427},{"id":4727,"n":"Chocolat au lait Tablette d'Or Raisins secs & Noisettes - 200g","p":2.19,"u":"10,95 €/KG","img":"https://fd9-photos.leclercdrive.fr/image.ashx?id=2074470&use=l&cat=p&typeid=i","cat":284497},{"id":4844,"n":"Pochettes perforées Esquisse x50","p":1.69,"img":"https://fd9-photos.leclercdrive.fr/image.ashx?id=2943157&use=l&cat=p&typeid=i","cat":284745},{"id":4852,"n":"Thon blanc Petit Navire Au naturel - 140g","p":3.14,"u":"22,43 €/KG","img":"https://fd9-photos.leclercdrive.fr/image.ashx?id=2570996&use=l&cat=p&typeid=i","cat":303867},{"id":4863,"n":"Tampons Doulys Digitaux Normal - x24","p":1.24,"u":"0,05 €/P","img":"https://fd9-photos.leclercdrive.fr/image.ashx?id=2965401&use=l&cat=p&typeid=i","cat":284626},{"id":4877,"n":"Petits pots bébé NATURNES Haricots Verts 4M+ - 2x130g","p":1.03,"u":"3,96 €/KG","img":"https://fd9-photos.leclercdrive.fr/image.ashx?id=2522401&use=l&cat=p&typeid=i","cat":312234},{"id":4879,"n":"Petits pots bébé NATURNES Courgettes 4M+ - 2x130g","p":0.99,"u":"3,81 €/KG","img":"https://fd9-photos.leclercdrive.fr/image.ashx?id=2532249&use=l&cat=p&typeid=i","cat":312234},{"id":4881,"n":"Petits pots bébé NATURNES Potiron 4M+ - 2x130g","p":0.99,"u":"3,81 €/KG","img":"https://fd9-photos.leclercdrive.fr/image.ashx?id=2532252&use=l&cat=p&typeid=i","cat":312234},{"id":4906,"n":"Purée de fruit NATURNES Pommes Poires 4M+ - 4x130g","p":2.25,"u":"4,33 €/KG","img":"https://fd9-photos.leclercdrive.fr/image.ashx?id=2672551&use=l&cat=p&typeid=i","cat":312387},{"id":4909,"n":"Purée de fruit NATURNES Fruits du soleil 8M+ - 4x130g","p":2.15,"u":"4,13 €/KG","img":"https://fd9-photos.leclercdrive.fr/image.ashx?id=2629647&use=l&cat=p&typeid=i","cat":312388},{"id":4910,"n":"Purée de fruit NATURNES 6M+ Pomme Fraise Myrtilles - 4x130g","p":2.15,"u":"4,13 €/KG","img":"https://fd9-photos.leclercdrive.fr/image.ashx?id=2478399&use=l&cat=p&typeid=i","cat":312388},{"id":4922,"n":"Cracotte Lu Craquinette Choco noisette - 216g","p":2.41,"u":"11,16 €/KG","img":"https://fd9-photos.leclercdrive.fr/image.ashx?id=2474206&use=l&cat=p&typeid=i","cat":284479},{"id":4971,"n":"Fromage Spécialité Port Salut - 320g","p":2.73,"u":"8,53 €/KG","img":"https://fd9-photos.leclercdrive.fr/image.ashx?id=2143762&use=l&cat=p&typeid=i","cat":329184},{"id":4984,"n":"Steak haché Charal pur boeuf 5%mg - 125g","p":2.74,"u":"21,92 €/KG","img":"https://fd9-photos.leclercdrive.fr/image.ashx?id=2685841&use=l&cat=p&typeid=i","cat":284332},{"id":4988,"n":"Beurre Moulé Paysan Breton Doux - 82%MG - 500g","p":6.25,"u":"12,50 €/KG","img":"https://fd9-photos.leclercdrive.fr/image.ashx?id=2774496&use=l&cat=p&typeid=i","cat":284379},{"id":4996,"n":"Cordon bleu Le Gaulois Dinde - 200g","p":2.17,"u":"10,85 €/KG","img":"https://fd9-photos.leclercdrive.fr/image.ashx?id=2860220&use=l&cat=p&typeid=i","cat":333683},{"id":4997,"n":"Gésiers de volaille Le Gaulois 300g","p":2.8,"u":"9,33 €/KG","img":"https://fd9-photos.leclercdrive.fr/image.ashx?id=2732722&use=l&cat=p&typeid=i","cat":284715},{"id":5000,"n":"Frites de poulet Le Gaulois Panées France - 200g","p":2.08,"u":"10,40 €/KG","img":"https://fd9-photos.leclercdrive.fr/image.ashx?id=2261657&use=l&cat=p&typeid=i","cat":333684},{"id":5010,"n":"Jambon fumé grill Petitgas A poêler 5 tranches 500g","p":6.5,"u":"13,00 €/KG","img":"https://fd9-photos.leclercdrive.fr/image.ashx?id=1730013&use=l&cat=p&typeid=i","cat":316009},{"id":5011,"n":"Museau de porc Petitgas 4 tranches Avec langues - 160g","p":2.52,"u":"15,75 €/KG","img":"https://fd9-photos.leclercdrive.fr/image.ashx?id=2732959&use=l&cat=p&typeid=i","cat":316007},{"id":5015,"n":"Yaourts Les Zaros Délisse Fruits panachés - 16x125g","p":2.48,"u":"1,24 €/KG","img":"https://fd9-photos.leclercdrive.fr/image.ashx?id=2462251&use=l&cat=p&typeid=i","cat":284414},{"id":5016,"n":"Yaourts nature Déli'light 0% MG - 12x125g","p":1.91,"u":"1,27 €/KG","img":"https://fd9-photos.leclercdrive.fr/image.ashx?id=1871074&use=l&cat=p&typeid=i","cat":315000},{"id":5017,"n":"Betterave rouge Notre Jardin Entière cuite sous vide - 500g","p":0.72,"u":"1,44 €/KG","img":"https://fd9-photos.leclercdrive.fr/image.ashx?id=2587103&use=l&cat=p&typeid=i","cat":284352},{"id":5018,"n":"Yaourts Délisse Nature - 4x125g","p":0.65,"u":"1,30 €/KG","img":"https://fd9-photos.leclercdrive.fr/image.ashx?id=3003052&use=l&cat=p&typeid=i","cat":284409},{"id":5021,"n":"Crottin de chèvre Les Croisés 23%mg - 2x60g","p":1.78,"u":"14,83 €/KG","img":"https://fd9-photos.leclercdrive.fr/image.ashx?id=2048618&use=l&cat=p&typeid=i","cat":314031},{"id":5024,"n":"Viande des grisons Saint Azay 10 tranches - 80g","p":4.09,"u":"51,13 €/KG","img":"https://fd9-photos.leclercdrive.fr/image.ashx?id=2848490&use=l&cat=p&typeid=i","cat":316007},{"id":5025,"n":"Salade Notre Jardin Jeunes pousses - 125g","p":1.49,"u":"11,92 €/KG","img":"https://fd9-photos.leclercdrive.fr/image.ashx?id=2121593&use=l&cat=p&typeid=i","cat":284353},{"id":5026,"n":"Ravioli Turini Boeuf aux oignons - 300g","p":1.53,"u":"5,10 €/KG","img":"https://fd9-photos.leclercdrive.fr/image.ashx?id=2778036&use=l&cat=p&typeid=i","cat":333682},{"id":5028,"n":"Piémontaise Menu Fraîcheur Au jambon - 500g","p":2.2,"u":"4,40 €/KG","img":"https://fd9-photos.leclercdrive.fr/image.ashx?id=2552412&use=l&cat=p&typeid=i","cat":333657},{"id":5029,"n":"Museau de porc Menu Fraîcheur A la lyonnaise - 300g","p":1.99,"u":"6,63 €/KG","img":"https://fd9-photos.leclercdrive.fr/image.ashx?id=2552415&use=l&cat=p&typeid=i","cat":333657},{"id":5031,"n":"Petits chèvres doux Les Croisés 200g","p":2.02,"u":"10,10 €/KG","img":"https://fd9-photos.leclercdrive.fr/image.ashx?id=2033141&use=l&cat=p&typeid=i","cat":314031},{"id":5032,"n":"Pizza Turini Chorizo - 450g","p":2.69,"u":"5,98 €/KG","img":"https://fd9-photos.leclercdrive.fr/image.ashx?id=2422168&use=l&cat=p&typeid=i","cat":333679},{"id":5033,"n":"Galette au blé noir Côté Table Jambon  emmental 195g","p":1.49,"u":"7,64 €/KG","img":"https://fd9-photos.leclercdrive.fr/image.ashx?id=2246185&use=l&cat=p&typeid=i","cat":333672},{"id":5037,"n":"Gésiers de volaille Volandrie 300g","p":2.49,"u":"8,30 €/KG","img":"https://fd9-photos.leclercdrive.fr/image.ashx?id=2358117&use=l&cat=p&typeid=i","cat":284715},{"id":5039,"n":"Crème caramel Délisse 8x100g","p":2.98,"u":"3,73 €/KG","img":"https://fd9-photos.leclercdrive.fr/image.ashx?id=2466069&use=l&cat=p&typeid=i","cat":284419},{"id":5041,"n":"Fromage blanc Déli'light Nature 0% MG - 1kg","p":1.79,"u":"1,79 €/KG","img":"https://fd9-photos.leclercdrive.fr/image.ashx?id=2905213&use=l&cat=p&typeid=i","cat":315000},{"id":5042,"n":"Fromage raclette Les Croisés 3 variétés - 26%mg - 700g","p":9.29,"u":"13,27 €/KG","img":"https://fd9-photos.leclercdrive.fr/image.ashx?id=2046120&use=l&cat=p&typeid=i","cat":314037},{"id":5044,"n":"Fromage à tartiner Les Croisés  Ail et fines herbes 25%mg 150g","p":1.29,"u":"8,60 €/KG","img":"https://fd9-photos.leclercdrive.fr/image.ashx?id=2476122&use=l&cat=p&typeid=i","cat":314029},{"id":5045,"n":"Riz au lait Délisse Vanille - 8x115g","p":2.08,"u":"2,26 €/KG","img":"https://fd9-photos.leclercdrive.fr/image.ashx?id=2489116&use=l&cat=p&typeid=i","cat":284418},{"id":5046,"n":"Roquefort NRT AOP  Fromage de brebis -150g","p":2.99,"u":"19,93 €/KG","img":"https://fd9-photos.leclercdrive.fr/image.ashx?id=2223870&use=l&cat=p&typeid=i","cat":314032},{"id":5047,"n":"Gratte éponge Spontex Sans rinçage x3","p":1.34,"u":"0,45 €/P","img":"https://fd9-photos.leclercdrive.fr/image.ashx?id=2975783&use=l&cat=p&typeid=i","cat":284667},{"id":5050,"n":"Sucre de canne Canadou 70cl","p":2.58,"u":"3,69 €/L","img":"https://fd9-photos.leclercdrive.fr/image.ashx?id=2534587&use=l&cat=p&typeid=i","cat":284551},{"id":5054,"n":"Olives Vertes Dénoyautées  100g","p":0.88,"u":"8,80 €/KG","img":"https://fd9-photos.leclercdrive.fr/image.ashx?id=2923432&use=l&cat=p&typeid=i","cat":284450},{"id":5066,"n":"Amandes décortiquées Sun Apéro 500g","p":7.29,"u":"14,58 €/KG","img":"https://fd9-photos.leclercdrive.fr/image.ashx?id=2692164&use=l&cat=p&typeid=i","cat":284357},{"id":5070,"n":"Whisky Jack Daniel's Old N°7 70cL","p":20.65,"u":"29,50 €/L","img":"https://fd9-photos.leclercdrive.fr/image.ashx?id=2789763&use=l&cat=p&typeid=i","cat":284547},{"id":5073,"n":"Muscat Olympio Samos 75cl","p":4.48,"u":"5,97 €/L","img":"https://fd9-photos.leclercdrive.fr/image.ashx?id=2504077&use=l&cat=p&typeid=i","cat":284913},{"id":5078,"n":"Sucres morceaux Béghin Say n°4 1kg","p":1.68,"u":"1,68 €/KG","img":"https://fd9-photos.leclercdrive.fr/image.ashx?id=2860172&use=l&cat=p&typeid=i","cat":284502},{"id":5079,"n":"Sucre cristal Béghin Say 1kg","p":1.88,"u":"1,88 €/KG","img":"https://fd9-photos.leclercdrive.fr/image.ashx?id=2866343&use=l&cat=p&typeid=i","cat":284502},{"id":5080,"n":"Sucre poudre Béghin Say Etui 1kg","p":1.65,"u":"1,65 €/KG","img":"https://fd9-photos.leclercdrive.fr/image.ashx?id=2866346&use=l&cat=p&typeid=i","cat":284502},{"id":5081,"n":"Sucre poudre Béghin Say 1kg","p":1.75,"u":"1,75 €/KG","img":"https://fd9-photos.leclercdrive.fr/image.ashx?id=2866349&use=l&cat=p&typeid=i","cat":284502},{"id":5082,"n":"Sucre blanc Beghin Say Spécial confiture - 1kg","p":3.03,"u":"3,03 €/KG","img":"https://fd9-photos.leclercdrive.fr/image.ashx?id=2666761&use=l&cat=p&typeid=i","cat":284502},{"id":5099,"n":"Huile touche d'olive Isio 4 1L","p":4.93,"u":"4,93 €/L","img":"https://fd9-photos.leclercdrive.fr/image.ashx?id=2918724&use=l&cat=p&typeid=i","cat":284453},{"id":5100,"n":"Mogettes Recettes d'Autrefois Cuisinées à l'ancienne - 830g","p":3.23,"u":"3,89 €/KG","img":"https://fd9-photos.leclercdrive.fr/image.ashx?id=1793295&use=l&cat=p&typeid=i","cat":312606},{"id":5107,"n":"Huile d'arachide Rustica  1L","p":3.55,"u":"3,55 €/L","img":"https://fd9-photos.leclercdrive.fr/image.ashx?id=2512475&use=l&cat=p&typeid=i","cat":284453},{"id":5110,"n":"Pâtes Coquillettes Turini  1kg","p":1.35,"u":"1,35 €/KG","img":"https://fd9-photos.leclercdrive.fr/image.ashx?id=3013286&use=l&cat=p&typeid=i","cat":284427},{"id":5111,"n":"Couscous Comptoir du grain Grain fin - 500g","p":1.27,"u":"2,54 €/KG","img":"https://fd9-photos.leclercdrive.fr/image.ashx?id=3012809&use=l&cat=p&typeid=i","cat":284429},{"id":5112,"n":"Chocolat blanc Tablette d'Or Blanc - 2x100g","p":2.23,"u":"11,15 €/KG","img":"https://fd9-photos.leclercdrive.fr/image.ashx?id=2790880&use=l&cat=p&typeid=i","cat":284957},{"id":5114,"n":"Filet de harengs Pêche Océan MSC - Au naturel - 200g","p":1.75,"u":"8,75 €/KG","img":"https://fd9-photos.leclercdrive.fr/image.ashx?id=2051371&use=l&cat=p&typeid=i","cat":285190},{"id":5115,"n":"Biscuits Croustillants Tokapi Bacon-  85g","p":0.99,"u":"11,65 €/KG","img":"https://fd9-photos.leclercdrive.fr/image.ashx?id=2632837&use=l&cat=p&typeid=i","cat":297000},{"id":5117,"n":"Café soluble Plantation Qualité filtre - 200g","p":4.4,"u":"22,00 €/KG","img":"https://fd9-photos.leclercdrive.fr/image.ashx?id=2834269&use=l&cat=p&typeid=i","cat":284843},{"id":5121,"n":"Café moulu Plantation Ethiopie - 250g","p":3.89,"u":"15,56 €/KG","img":"https://fd9-photos.leclercdrive.fr/image.ashx?id=2607434&use=l&cat=p&typeid=i","cat":284750},{"id":5122,"n":"Saucisse sèche Saint Azay Label rouge - 250g","p":3.7,"u":"14,80 €/KG","img":"https://fd9-photos.leclercdrive.fr/image.ashx?id=2837015&use=l&cat=p&typeid=i","cat":316006},{"id":5125,"n":"Farine de blé bio T65 Bio Village - 1kg","p":0.99,"u":"0,99 €/KG","img":"https://fd9-photos.leclercdrive.fr/image.ashx?id=2448418&use=l&cat=p&typeid=i","cat":284503},{"id":5126,"n":"Riz long Comptoir du Grain Cuisson rapide 10min - 1kg","p":1.69,"u":"1,69 €/KG","img":"https://fd9-photos.leclercdrive.fr/image.ashx?id=2045091&use=l&cat=p&typeid=i","cat":284428},{"id":5132,"n":"Croûtons Epi d'Or Nature - 2x90g","p":0.99,"u":"5,50 €/KG","img":"https://fd9-photos.leclercdrive.fr/image.ashx?id=2210789&use=l&cat=p&typeid=i","cat":284464},{"id":5135,"n":"Pain 400g","p":1.1,"u":"2,75 €/KG","img":"https://fd9-photos.leclercdrive.fr/image.ashx?id=565084&use=l&cat=p&typeid=i","cat":284359},{"id":5141,"n":"Protège-document Esquisse Multicoloris","p":2.49,"img":"https://fd9-photos.leclercdrive.fr/image.ashx?id=2943145&use=l&cat=p&typeid=i","cat":284745},{"id":5143,"n":"Chemises carton Esquisse A4 - lot de 3","p":1.65,"img":"https://fd9-photos.leclercdrive.fr/image.ashx?id=2943154&use=l&cat=p&typeid=i","cat":284745},{"id":5147,"n":"Crayons de couleur Esquisse x12","p":0.99,"img":"https://fd9-photos.leclercdrive.fr/image.ashx?id=2943163&use=l&cat=p&typeid=i","cat":284696},{"id":5155,"n":"Mini Gomme Esquisse Plastique x2","p":0.59,"u":"0,30 €/P","img":"https://fd9-photos.leclercdrive.fr/image.ashx?id=2943220&use=l&cat=p&typeid=i","cat":334133},{"id":5160,"n":"Pur jus de fruits Tropicana Réveil fruité - 1,5L","p":3.63,"u":"2,42 €/L","img":"https://fd9-photos.leclercdrive.fr/image.ashx?id=2606400&use=l&cat=p&typeid=i","cat":284521},{"id":5166,"n":"Sucettes Chupa Chups The Best x16 192g","p":1.83,"u":"9,53 €/KG","img":"https://fd9-photos.leclercdrive.fr/image.ashx?id=2647654&use=l&cat=p&typeid=i","cat":304250},{"id":5176,"n":"Pâtes Alphabet Panzani 500g","p":1.2,"u":"2,40 €/KG","img":"https://fd9-photos.leclercdrive.fr/image.ashx?id=2896063&use=l&cat=p&typeid=i","cat":284427},{"id":5227,"n":"Pâtes Lustucru coquillettes Oeufs frais - 250g","p":0.94,"u":"3,76 €/KG","img":"https://fd9-photos.leclercdrive.fr/image.ashx?id=2519474&use=l&cat=p&typeid=i","cat":284427},{"id":5228,"n":"Pâtes Lustucru spaghetti courts Oeufs frais - 250g","p":0.94,"u":"3,76 €/KG","img":"https://fd9-photos.leclercdrive.fr/image.ashx?id=2519477&use=l&cat=p&typeid=i","cat":284427},{"id":5250,"n":"Crème glacée Eskiss Pistache avec éclats - 494g","p":2.51,"u":"5,08 €/KG","img":"https://fd9-photos.leclercdrive.fr/image.ashx?id=2982586&use=l&cat=p&typeid=i","cat":284263},{"id":5253,"n":"Pansements Primoplast Spécial Articulations x30","p":1.59,"img":"https://fd9-photos.leclercdrive.fr/image.ashx?id=2832912&use=l&cat=p&typeid=i","cat":284630},{"id":5255,"n":"Croc Côté Croc Poulet Fromage x2 - 200g","p":1.54,"u":"7,70 €/KG","img":"https://fd9-photos.leclercdrive.fr/image.ashx?id=2967549&use=l&cat=p&typeid=i","cat":333683},{"id":5261,"n":"Fromage blanc Délisse Nature 7.8% MG - 8x100g","p":2.89,"u":"3,61 €/KG","img":"https://fd9-photos.leclercdrive.fr/image.ashx?id=3012812&use=l&cat=p&typeid=i","cat":284409},{"id":5264,"n":"Crème glacée Eskiss Fraise avec morceaux - 494g","p":2.84,"u":"5,75 €/KG","img":"https://fd9-photos.leclercdrive.fr/image.ashx?id=2982598&use=l&cat=p&typeid=i","cat":284263},{"id":5265,"n":"Piémontaise Menu Fraîcheur  Au jambon - 300g","p":1.59,"u":"5,30 €/KG","img":"https://fd9-photos.leclercdrive.fr/image.ashx?id=2055271&use=l&cat=p&typeid=i","cat":333657},{"id":5271,"n":"Betteraves Menu Fraîcheur  Rouge en dés - 300g","p":1.19,"u":"3,97 €/KG","img":"https://fd9-photos.leclercdrive.fr/image.ashx?id=2552418&use=l&cat=p&typeid=i","cat":333657},{"id":5274,"n":"Quiche lorraine Coté Table 2x130g","p":1.99,"u":"7,65 €/KG","img":"https://fd9-photos.leclercdrive.fr/image.ashx?id=2149546&use=l&cat=p&typeid=i","cat":333680},{"id":5279,"n":"Actifidus Delisse Nature - 4x125g","p":0.85,"u":"1,70 €/KG","img":"https://fd9-photos.leclercdrive.fr/image.ashx?id=1682401&use=l&cat=p&typeid=i","cat":315000},{"id":5284,"n":"Foies de volaille Volandrie confits - 300g","p":2.7,"u":"9,00 €/KG","img":"https://fd9-photos.leclercdrive.fr/image.ashx?id=2292688&use=l&cat=p&typeid=i","cat":284715},{"id":5289,"n":"Torti au surimi Menu Fraîcheur 300g","p":1.7,"u":"5,67 €/KG","img":"https://fd9-photos.leclercdrive.fr/image.ashx?id=2291459&use=l&cat=p&typeid=i","cat":333657},{"id":5293,"n":"Biscuits apéritifs Tokapi 3 saveurs - 100g","p":0.79,"u":"7,90 €/KG","img":"https://fd9-photos.leclercdrive.fr/image.ashx?id=2885768&use=l&cat=p&typeid=i","cat":284449},{"id":5294,"n":"Yaourts brassés Délisse Nature - 4x125g","p":1.05,"u":"2,10 €/KG","img":"https://fd9-photos.leclercdrive.fr/image.ashx?id=2982892&use=l&cat=p&typeid=i","cat":284409},{"id":5308,"n":"Biscuits Mini Rollos Pépito Chocolat au lait - 225g","p":1.84,"u":"8,18 €/KG","img":"https://fd9-photos.leclercdrive.fr/image.ashx?id=3014407&use=l&cat=p&typeid=i","cat":284488},{"id":5310,"n":"Petits pois d'aucy  Extra-fins - 560g","p":1.61,"u":"2,88 €/KG","img":"https://fd9-photos.leclercdrive.fr/image.ashx?id=2426361&use=l&cat=p&typeid=i","cat":312607},{"id":5311,"n":"Petits pois carottes d'Aucy A l'étuvée - Extra fins - 530g","p":1.66,"u":"3,13 €/KG","img":"https://fd9-photos.leclercdrive.fr/image.ashx?id=2426364&use=l&cat=p&typeid=i","cat":312607},{"id":5317,"n":"Lentilles cuisinées Raynal Et Roquelaure - 410g","p":1.22,"u":"2,98 €/KG","img":"https://fd9-photos.leclercdrive.fr/image.ashx?id=2928396&use=l&cat=p&typeid=i","cat":312609},{"id":5318,"n":"Biscuits galettes St Michel 130g","p":0.84,"u":"6,46 €/KG","img":"https://fd9-photos.leclercdrive.fr/image.ashx?id=2986149&use=l&cat=p&typeid=i","cat":284487},{"id":5321,"n":"Chocolat poudre Benco 400g","p":2.26,"u":"5,65 €/KG","img":"https://fd9-photos.leclercdrive.fr/image.ashx?id=2871805&use=l&cat=p&typeid=i","cat":293235},{"id":5325,"n":"Confiture Bonne Maman Fraise - 370g","p":1.7,"u":"4,59 €/KG","img":"https://fd9-photos.leclercdrive.fr/image.ashx?id=2474984&use=l&cat=p&typeid=i","cat":284480},{"id":5329,"n":"Saucisses aux lentilles William Saurin - 420g","p":2.14,"u":"5,10 €/KG","img":"https://fd9-photos.leclercdrive.fr/image.ashx?id=2890067&use=l&cat=p&typeid=i","cat":284441},{"id":5339,"n":"Fruits au sirop St Mamet Cocktail - 500g","p":3.81,"u":"7,62 €/KG","img":"https://fd9-photos.leclercdrive.fr/image.ashx?id=2412435&use=l&cat=p&typeid=i","cat":284507},{"id":5342,"n":"Soda Canada Dry Ginger Ale 1,5L","p":1.83,"u":"1,22 €/L","img":"https://fd9-photos.leclercdrive.fr/image.ashx?id=2654674&use=l&cat=p&typeid=i","cat":284531},{"id":5362,"n":"Vin mousseux Charles Volner Brut - 12%vol. - 75cl","p":4.3,"u":"5,73 €/L","img":"https://fd9-photos.leclercdrive.fr/image.ashx?id=1592052&use=l&cat=p&typeid=i","cat":284544},{"id":5368,"n":"Biscuits Croustillants Tokapi Gouda - 85g","p":0.99,"u":"11,65 €/KG","img":"https://fd9-photos.leclercdrive.fr/image.ashx?id=2507685&use=l&cat=p&typeid=i","cat":297000},{"id":5369,"n":"Légumes couscous Notre Jardin 800g","p":1.49,"u":"1,86 €/KG","img":"https://fd9-photos.leclercdrive.fr/image.ashx?id=2854213&use=l&cat=p&typeid=i","cat":312612},{"id":5381,"n":"Dentifrice Dentamyl Haleine fraîche 75ml","p":1.39,"u":"18,53 €/L","img":"https://fd9-photos.leclercdrive.fr/image.ashx?id=2980668&use=l&cat=p&typeid=i","cat":284612},{"id":5385,"n":"Lait coco Tables du Monde 200ml","p":0.86,"u":"4,30 €/L","img":"https://fd9-photos.leclercdrive.fr/image.ashx?id=2920172&use=l&cat=p&typeid=i","cat":288992},{"id":5386,"n":"Biscuit Petit beurre P'tit Déli Tablette chocolat lait - 150g","p":1.29,"u":"8,60 €/KG","img":"https://fd9-photos.leclercdrive.fr/image.ashx?id=886984&use=l&cat=p&typeid=i","cat":284488},{"id":5390,"n":"Crème anglaise Délisse 50cl","p":1.28,"u":"2,56 €/L","img":"https://fd9-photos.leclercdrive.fr/image.ashx?id=3002569&use=l&cat=p&typeid=i","cat":284382},{"id":5391,"n":"Yaourts à boire Délisse 3 parfums - 6x180g","p":2.39,"u":"2,21 €/KG","img":"https://fd9-photos.leclercdrive.fr/image.ashx?id=2757924&use=l&cat=p&typeid=i","cat":284415},{"id":5396,"n":"Bain de bouche Dentamyl Multi Protection - 500ml","p":1.89,"u":"3,78 €/L","img":"https://fd9-photos.leclercdrive.fr/image.ashx?id=2500806&use=l&cat=p&typeid=i","cat":284613},{"id":5399,"n":"Pur jus d'orange Bio Village Bio sans pulpe - 1L","p":2.45,"u":"2,45 €/L","img":"https://fd9-photos.leclercdrive.fr/image.ashx?id=2901521&use=l&cat=p&typeid=i","cat":284521},{"id":5400,"n":"Nouilles bouclées d'Alsace NRT 250g","p":1.39,"u":"5,56 €/KG","img":"https://fd9-photos.leclercdrive.fr/image.ashx?id=2839965&use=l&cat=p&typeid=i","cat":284427},{"id":5403,"n":"Plumes d'Alsace NRT 250g","p":1.39,"u":"5,56 €/KG","img":"https://fd9-photos.leclercdrive.fr/image.ashx?id=2839971&use=l&cat=p&typeid=i","cat":284427},{"id":5404,"n":"IGP Coquilles d'Alsace NRT 250g","p":1.39,"u":"5,56 €/KG","img":"https://fd9-photos.leclercdrive.fr/image.ashx?id=2839974&use=l&cat=p&typeid=i","cat":284427},{"id":5405,"n":"Saucisse sèche d'Auvergne  NRT - 300g","p":5.74,"u":"19,13 €/KG","img":"https://fd9-photos.leclercdrive.fr/image.ashx?id=2991473&use=l&cat=p&typeid=i","cat":316006},{"id":5406,"n":"Saucisson sec d'Auvergne IGP Nos Régions ont du Talent 300g","p":5.54,"u":"18,47 €/KG","img":"https://fd9-photos.leclercdrive.fr/image.ashx?id=2991476&use=l&cat=p&typeid=i","cat":316006},{"id":5407,"n":"Coquillettes d'Alsace NRT 250g","p":1.39,"u":"5,56 €/KG","img":"https://fd9-photos.leclercdrive.fr/image.ashx?id=2839977&use=l&cat=p&typeid=i","cat":284427},{"id":5449,"n":"Boîte chat Whiskas Terrine du marché - 4x400g","p":4.44,"u":"2,78 €/KG","img":"https://fd9-photos.leclercdrive.fr/image.ashx?id=2759619&use=l&cat=p&typeid=i","cat":285601},{"id":5465,"n":"Eau de source de Montagne 6x50cl","p":1.67,"u":"0,56 €/L","img":"https://fd9-photos.leclercdrive.fr/image.ashx?id=2423502&use=l&cat=p&typeid=i","cat":284535},{"id":5472,"n":"Biscuits barquettes P'tit Déli Fraise - 2x120g","p":1.66,"u":"6,92 €/KG","img":"https://fd9-photos.leclercdrive.fr/image.ashx?id=2691168&use=l&cat=p&typeid=i","cat":284489},{"id":5497,"n":"Gelée Bonne Maman Cassis - 370g","p":1.93,"u":"5,22 €/KG","img":"https://fd9-photos.leclercdrive.fr/image.ashx?id=2901662&use=l&cat=p&typeid=i","cat":284480},{"id":5498,"n":"Comté des terroirs Entremont 200g","p":3.51,"u":"17,55 €/KG","img":"https://fd9-photos.leclercdrive.fr/image.ashx?id=2474245&use=l&cat=p&typeid=i","cat":314034},{"id":5502,"n":"Mogettes Recettes d'Autrefois A l'ancienne - 420g","p":2.18,"u":"5,19 €/KG","img":"https://fd9-photos.leclercdrive.fr/image.ashx?id=1650473&use=l&cat=p&typeid=i","cat":312606},{"id":5509,"n":"Pâtes Torsades Turini 1kg","p":1.29,"u":"1,29 €/KG","img":"https://fd9-photos.leclercdrive.fr/image.ashx?id=2980456&use=l&cat=p&typeid=i","cat":284427},{"id":5511,"n":"Sparadrap Primoplast Peaux délicates 5mx2.5cm","p":1.48,"img":"https://fd9-photos.leclercdrive.fr/image.ashx?id=2856426&use=l&cat=p&typeid=i","cat":284630},{"id":5512,"n":"Sparadrap Primoplast résistant 5mx2.5cm","p":1.49,"img":"https://fd9-photos.leclercdrive.fr/image.ashx?id=2856435&use=l&cat=p&typeid=i","cat":284630},{"id":5513,"n":"Miel Nid d'Abeille Crémeux - 1 kg","p":6.39,"u":"6,39 €/KG","img":"https://fd9-photos.leclercdrive.fr/image.ashx?id=760210&use=l&cat=p&typeid=i","cat":287643},{"id":5514,"n":"Bande strapping Primoplast Adhésive 2.5mx6cm","p":3.39,"img":"https://fd9-photos.leclercdrive.fr/image.ashx?id=2856441&use=l&cat=p&typeid=i","cat":284630},{"id":5515,"n":"Vin mousseux d'Union Européenne  brut  -75cl","p":2.99,"u":"3,99 €/L","img":"https://fd9-photos.leclercdrive.fr/image.ashx?id=2807279&use=l&cat=p&typeid=i","cat":284544},{"id":5517,"n":"Canapés toasts Epi d'Or Nature - 280g","p":1.12,"u":"4,00 €/KG","img":"https://fd9-photos.leclercdrive.fr/image.ashx?id=1859140&use=l&cat=p&typeid=i","cat":285454},{"id":5526,"n":"Fromage Bleu d'Auvergne NRT  AOP - 125g","p":1.39,"u":"11,12 €/KG","img":"https://fd9-photos.leclercdrive.fr/image.ashx?id=2068061&use=l&cat=p&typeid=i","cat":314032},{"id":5529,"n":"Croquettes petits chiens Ultima  Poulet - Yorkshire - 800g","p":2.98,"u":"3,73 €/KG","img":"https://fd9-photos.leclercdrive.fr/image.ashx?id=2922224&use=l&cat=p&typeid=i","cat":294526},{"id":5536,"n":"Biscuits Pockitos Pépito Chocolat au lait - 295g","p":3.32,"u":"11,25 €/KG","img":"https://fd9-photos.leclercdrive.fr/image.ashx?id=3001955&use=l&cat=p&typeid=i","cat":284488},{"id":5560,"n":"Tampons Doulys Digitaux Mini - x24","p":1.62,"u":"0,07 €/P","img":"https://fd9-photos.leclercdrive.fr/image.ashx?id=2965407&use=l&cat=p&typeid=i","cat":284626},{"id":5561,"n":"Tampons Doulys Digitaux Super - x24","p":1.26,"u":"0,05 €/P","img":"https://fd9-photos.leclercdrive.fr/image.ashx?id=2965410&use=l&cat=p&typeid=i","cat":284626},{"id":5563,"n":"Biscuits P'tit Déli Délimousse 175g","p":1.51,"u":"8,63 €/KG","img":"https://fd9-photos.leclercdrive.fr/image.ashx?id=1875830&use=l&cat=p&typeid=i","cat":284495},{"id":5564,"n":"Lingettes nettoyantes Clair Vitres 3en1 x20","p":0.87,"u":"0,04 €/P","img":"https://fd9-photos.leclercdrive.fr/image.ashx?id=2345622&use=l&cat=p&typeid=i","cat":325363},{"id":5574,"n":"Quenelles Côté Table saumon Sauce crevette 400g","p":1.8,"u":"4,50 €/KG","img":"https://fd9-photos.leclercdrive.fr/image.ashx?id=2977138&use=l&cat=p&typeid=i","cat":284441},{"id":5575,"n":"Compote Douceur du Verger Gourdes Pomme - 12x90g","p":2.7,"u":"2,50 €/KG","img":"https://fd9-photos.leclercdrive.fr/image.ashx?id=2460497&use=l&cat=p&typeid=i","cat":284508},{"id":5576,"n":"Biscuits choco barre P'tit Déli Chocolat lait 295g","p":2.64,"u":"8,95 €/KG","img":"https://fd9-photos.leclercdrive.fr/image.ashx?id=2070285&use=l&cat=p&typeid=i","cat":284488},{"id":5578,"n":"Cuillers à pâtisserie  P'tit Déli 300g","p":2.49,"u":"8,30 €/KG","img":"https://fd9-photos.leclercdrive.fr/image.ashx?id=2046352&use=l&cat=p&typeid=i","cat":284487},{"id":5579,"n":"Préfou à l'ail Paso 350g","p":4.07,"u":"11,63 €/KG","img":"https://fd9-photos.leclercdrive.fr/image.ashx?id=2332621&use=l&cat=p&typeid=i","cat":316003},{"id":5581,"n":"Chewing-gum sans sucre Freedent Menthe verte 5x10 dragées 70g","p":2.18,"img":"https://fd9-photos.leclercdrive.fr/image.ashx?id=2325482&use=l&cat=p&typeid=i","cat":304251},{"id":5582,"n":"Chewing-gum Freedent white Fruits sans sucre x50 - 70g","p":2.13,"u":"30,43 €/KG","img":"https://fd9-photos.leclercdrive.fr/image.ashx?id=2237283&use=l&cat=p&typeid=i","cat":304251},{"id":5600,"n":"Pâté Hénaff 78g","p":1.23,"u":"15,77 €/KG","img":"https://fd9-photos.leclercdrive.fr/image.ashx?id=2280516&use=l&cat=p&typeid=i","cat":305149},{"id":5619,"n":"Oeufs de lompe Ronde des Mers Rouge - MSC - 100g","p":2.6,"u":"26,00 €/KG","img":"https://fd9-photos.leclercdrive.fr/image.ashx?id=2644858&use=l&cat=p&typeid=i","cat":285191},{"id":5622,"n":"Croquettes chiens Lydog Spécial Forme - Volaille - 4kg","p":4.99,"u":"1,25 €/KG","img":"https://fd9-photos.leclercdrive.fr/image.ashx?id=2191117&use=l&cat=p&typeid=i","cat":284672},{"id":5626,"n":"Bonbons Copains Copines Frites acides - 275 g","p":1.71,"u":"6,22 €/KG","img":"https://fd9-photos.leclercdrive.fr/image.ashx?id=2934655&use=l&cat=p&typeid=i","cat":304250},{"id":5630,"n":"Papier toilette blanc Mimosa Ultra doux maxi rouleau - x12","p":5.4,"u":"0,45 €/P","img":"https://fd9-photos.leclercdrive.fr/image.ashx?id=2434236&use=l&cat=p&typeid=i","cat":284634},{"id":5633,"n":"Soufflés Grignot' Tokapi Cacahuète - 90g","p":0.7,"u":"7,78 €/KG","img":"https://fd9-photos.leclercdrive.fr/image.ashx?id=2049223&use=l&cat=p&typeid=i","cat":284449},{"id":5635,"n":"Rosette de Lyon NRT 400g","p":5.72,"u":"14,30 €/KG","img":"https://fd9-photos.leclercdrive.fr/image.ashx?id=2991491&use=l&cat=p&typeid=i","cat":316006},{"id":5736,"n":"Sel adoucisseur Axal Pastilles - 10kg","p":4.86,"u":"0,49 €/KG","img":"https://fd9-photos.leclercdrive.fr/image.ashx?id=2504482&use=l&cat=p&typeid=i","cat":335918},{"id":5772,"n":"Biscuits tartelette Bonne Maman Citron 125g","p":1.24,"u":"9,92 €/KG","img":"https://fd9-photos.leclercdrive.fr/image.ashx?id=2962296&use=l&cat=p&typeid=i","cat":284489},{"id":5816,"n":"Rillettes de thon Cap Océan MSC 150g","p":1.88,"u":"12,53 €/KG","img":"https://fd9-photos.leclercdrive.fr/image.ashx?id=2668440&use=l&cat=p&typeid=i","cat":285191},{"id":5820,"n":"Blinis fins Blinis x4 - 200g","p":1.43,"u":"7,15 €/KG","img":"https://fd9-photos.leclercdrive.fr/image.ashx?id=2975272&use=l&cat=p&typeid=i","cat":285191},{"id":5823,"n":"Lait demi-écrémé Lactel Vitamine D Bouteille - 6x50cl","p":5.76,"u":"1,92 €/L","img":"https://fd9-photos.leclercdrive.fr/image.ashx?id=2993403&use=l&cat=p&typeid=i","cat":284377},{"id":5833,"n":"Biscuits Cuillers P'tit Déli Dégustation x20 - 200g","p":2.49,"u":"12,45 €/KG","img":"https://fd9-photos.leclercdrive.fr/image.ashx?id=1856164&use=l&cat=p&typeid=i","cat":284487},{"id":5834,"n":"Saumon fumé Rondes des Mers ASC Norvège x8T - 300g","p":12.09,"u":"40,30 €/KG","img":"https://fd9-photos.leclercdrive.fr/image.ashx?id=3004588&use=l&cat=p&typeid=i","cat":285188},{"id":5840,"n":"Filets anchois Rondes des mers 105g","p":2.73,"u":"26,00 €/KG","img":"https://fd9-photos.leclercdrive.fr/image.ashx?id=2046038&use=l&cat=p&typeid=i","cat":285190},{"id":5846,"n":"Saumon fumé Ronde des Mers Ecosse x8T - 300g","p":12.29,"u":"40,97 €/KG","img":"https://fd9-photos.leclercdrive.fr/image.ashx?id=2822726&use=l&cat=p&typeid=i","cat":285188},{"id":5859,"n":"Guacamole Tables du Monde 200g","p":2.29,"u":"13,09 €/KG","img":"https://fd9-photos.leclercdrive.fr/image.ashx?id=1942395&use=l&cat=p&typeid=i","cat":315999},{"id":5865,"n":"Actifidus Délisse Noix de coco - 4x125g","p":1.38,"u":"2,76 €/KG","img":"https://fd9-photos.leclercdrive.fr/image.ashx?id=2421039&use=l&cat=p&typeid=i","cat":315000},{"id":5866,"n":"Actifidus Délisse Vanille - 12x125g","p":2.58,"u":"1,72 €/KG","img":"https://fd9-photos.leclercdrive.fr/image.ashx?id=2384680&use=l&cat=p&typeid=i","cat":315000},{"id":5873,"n":"Beignets crevettes Tables du Monde x6 140g","p":2.06,"u":"14,71 €/KG","img":"https://fd9-photos.leclercdrive.fr/image.ashx?id=2767005&use=l&cat=p&typeid=i","cat":333673},{"id":5876,"n":"Court-bouillon Rustica 150g","p":1.25,"u":"8,33 €/KG","img":"https://fd9-photos.leclercdrive.fr/image.ashx?id=1743584&use=l&cat=p&typeid=i","cat":288379},{"id":5877,"n":"Petit pot de crème Délisse Chocolat - 8x100g","p":3.57,"u":"4,46 €/KG","img":"https://fd9-photos.leclercdrive.fr/image.ashx?id=1962438&use=l&cat=p&typeid=i","cat":285041},{"id":5880,"n":"Yaourts mousse Petits Délis Fruits - 6x74g","p":1.77,"u":"3,99 €/KG","img":"https://fd9-photos.leclercdrive.fr/image.ashx?id=2907057&use=l&cat=p&typeid=i","cat":284414},{"id":5891,"n":"Tzatziki Tables du Monde 200g","p":1.59,"u":"7,95 €/KG","img":"https://fd9-photos.leclercdrive.fr/image.ashx?id=2171352&use=l&cat=p&typeid=i","cat":315999},{"id":5896,"n":"Litière rongeurs P'tit Ami 15L","p":1.32,"u":"0,09 €/L","img":"https://fd9-photos.leclercdrive.fr/image.ashx?id=2162198&use=l&cat=p&typeid=i","cat":284677},{"id":5898,"n":"Litière rongeurs P'tit Ami 60L","p":4.2,"u":"0,07 €/L","img":"https://fd9-photos.leclercdrive.fr/image.ashx?id=2162204&use=l&cat=p&typeid=i","cat":284677},{"id":5901,"n":"Filtre à café Melitta 1x4 Original - x40","p":0.98,"u":"0,02 €/P","img":"https://fd9-photos.leclercdrive.fr/image.ashx?id=2882053&use=l&cat=p&typeid=i","cat":284751},{"id":5907,"n":"Haricots beurre d'aucy Extra-fins - 440g","p":1.9,"u":"4,32 €/KG","img":"https://fd9-photos.leclercdrive.fr/image.ashx?id=2431536&use=l&cat=p&typeid=i","cat":312606},{"id":5908,"n":"Tourteau fromagé du Poitou NRT 250g","p":2.85,"u":"11,40 €/KG","img":"https://fd9-photos.leclercdrive.fr/image.ashx?id=2040347&use=l&cat=p&typeid=i","cat":284419},{"id":5909,"n":"Mini gâches briochettes NRT Pur beurre x8 - 360g","p":2.07,"u":"5,75 €/KG","img":"https://fd9-photos.leclercdrive.fr/image.ashx?id=2670416&use=l&cat=p&typeid=i","cat":284478},{"id":5910,"n":"Ketchup Amora 280g","p":1.05,"u":"3,75 €/KG","img":"https://fd9-photos.leclercdrive.fr/image.ashx?id=2766667&use=l&cat=p&typeid=i","cat":284455},{"id":5911,"n":"Sel fin Cérébos 250g","p":0.84,"u":"3,36 €/KG","img":"https://fd9-photos.leclercdrive.fr/image.ashx?id=2904173&use=l&cat=p&typeid=i","cat":284457},{"id":5912,"n":"Sel fin iodé Cérébos 500g","p":0.53,"u":"1,06 €/KG","img":"https://fd9-photos.leclercdrive.fr/image.ashx?id=2522095&use=l&cat=p&typeid=i","cat":284457},{"id":5921,"n":"Galette charentaise Beurlay Pur beurre 250g","p":2.6,"u":"10,40 €/KG","img":"https://fd9-photos.leclercdrive.fr/image.ashx?id=2489470&use=l&cat=p&typeid=i","cat":293600},{"id":5951,"n":"Ravioli bolognaise   Panzani - 800g","p":3.5,"u":"4,38 €/KG","img":"https://fd9-photos.leclercdrive.fr/image.ashx?id=2876062&use=l&cat=p&typeid=i","cat":284442},{"id":5952,"n":"Couscous Grain Moyen Ferrero - 1kg","p":2.32,"u":"2,32 €/KG","img":"https://fd9-photos.leclercdrive.fr/image.ashx?id=2744740&use=l&cat=p&typeid=i","cat":284429},{"id":5954,"n":"Café moulu San Marco Arabica - 2x250g","p":10.49,"u":"20,98 €/KG","img":"https://fd9-photos.leclercdrive.fr/image.ashx?id=2645510&use=l&cat=p&typeid=i","cat":284750},{"id":6003,"n":"Collants Well Elastivoile Résistant ibiza T1","p":3.45,"img":"https://fd9-photos.leclercdrive.fr/image.ashx?id=2538638&use=l&cat=p&typeid=i","cat":334130},{"id":6004,"n":"Collants Well Elastivoile Résistant ibiza T2","p":3.45,"img":"https://fd9-photos.leclercdrive.fr/image.ashx?id=2560840&use=l&cat=p&typeid=i","cat":334130},{"id":6006,"n":"Collants Well Elastivoile Résistant noir T2","p":3.45,"img":"https://fd9-photos.leclercdrive.fr/image.ashx?id=2056542&use=l&cat=p&typeid=i","cat":334130},{"id":6032,"n":"Mi-bas Well Elastivoile Ibiza taille TU x2","p":3.45,"img":"https://fd9-photos.leclercdrive.fr/image.ashx?id=2282958&use=l&cat=p&typeid=i","cat":334130},{"id":6035,"n":"Sauce tomate bio Jardin Bio' Provençale - 200g","p":1.35,"u":"6,75 €/KG","img":"https://fd9-photos.leclercdrive.fr/image.ashx?id=3014494&use=l&cat=p&typeid=i","cat":287599},{"id":6037,"n":"Ratatouille Jardin Bio' A la provençale bio - 650g","p":2.87,"u":"4,42 €/KG","img":"https://fd9-photos.leclercdrive.fr/image.ashx?id=2903230&use=l&cat=p&typeid=i","cat":312612},{"id":6048,"n":"Sauce tomate Jardin Bio' Bio Basilic - 200g","p":1.35,"u":"6,75 €/KG","img":"https://fd9-photos.leclercdrive.fr/image.ashx?id=2967848&use=l&cat=p&typeid=i","cat":287599},{"id":6049,"n":"Ravioli Jardin Bio Bio légumes - 675g","p":3.3,"u":"4,89 €/KG","img":"https://fd9-photos.leclercdrive.fr/image.ashx?id=2534878&use=l&cat=p&typeid=i","cat":284442},{"id":6050,"n":"Lentilles vertes Jardin Bio' Bio cuisinées - 400g","p":2.27,"u":"5,68 €/KG","img":"https://fd9-photos.leclercdrive.fr/image.ashx?id=2944831&use=l&cat=p&typeid=i","cat":312609},{"id":6058,"n":"Spaguetti Jardin Bio Bio quinoa tomate - 500g","p":1.91,"u":"3,82 €/KG","img":"https://fd9-photos.leclercdrive.fr/image.ashx?id=3002108&use=l&cat=p&typeid=i","cat":284427},{"id":6067,"n":"Huile d'olive Bio Village Bio Vierge extra - 75cl","p":7.47,"u":"9,96 €/L","img":"https://fd9-photos.leclercdrive.fr/image.ashx?id=3005697&use=l&cat=p&typeid=i","cat":284453},{"id":6068,"n":"Spaghetti Bio Village Bio - 500g","p":0.83,"u":"1,66 €/KG","img":"https://fd9-photos.leclercdrive.fr/image.ashx?id=2503284&use=l&cat=p&typeid=i","cat":284427},{"id":6069,"n":"Pâtes Coquillettes Bio Village Bio - 500g","p":0.84,"u":"1,68 €/KG","img":"https://fd9-photos.leclercdrive.fr/image.ashx?id=2625364&use=l&cat=p&typeid=i","cat":284427},{"id":6070,"n":"Pâtes tagliatelles Bio Village Bio - 250g","p":1.65,"u":"6,60 €/KG","img":"https://fd9-photos.leclercdrive.fr/image.ashx?id=1986832&use=l&cat=p&typeid=i","cat":284427},{"id":6073,"n":"Crème fraîche bio Bio village Epaisse - 30% MG - 20cl","p":1.17,"u":"5,85 €/L","img":"https://fd9-photos.leclercdrive.fr/image.ashx?id=1975047&use=l&cat=p&typeid=i","cat":284381},{"id":6075,"n":"Quinoa Bio Village Bio - 500g","p":3.25,"u":"6,50 €/KG","img":"https://fd9-photos.leclercdrive.fr/image.ashx?id=2245755&use=l&cat=p&typeid=i","cat":284429},{"id":6076,"n":"Cookies chocolat Bio Village Bio 200g","p":2.74,"u":"13,70 €/KG","img":"https://fd9-photos.leclercdrive.fr/image.ashx?id=2400523&use=l&cat=p&typeid=i","cat":325066},{"id":6077,"n":"Biscuits sésame Bio Village Bio - 230g","p":1.76,"u":"7,65 €/KG","img":"https://fd9-photos.leclercdrive.fr/image.ashx?id=2363808&use=l&cat=p&typeid=i","cat":284487},{"id":6078,"n":"Yaourts lait brebis nature Bio Bio village - 2x125g","p":1.42,"u":"5,68 €/KG","img":"https://fd9-photos.leclercdrive.fr/image.ashx?id=2046370&use=l&cat=p&typeid=i","cat":314998},{"id":6085,"n":"Jus de fruits Tropicana Multivitamines - 1,5L","p":3.39,"u":"2,26 €/L","img":"https://fd9-photos.leclercdrive.fr/image.ashx?id=2605818&use=l&cat=p&typeid=i","cat":284917},{"id":6089,"n":"Pâtes Blé complet Barilla Spaghetti Integrale - 500g","p":1.15,"u":"2,30 €/KG","img":"https://fd9-photos.leclercdrive.fr/image.ashx?id=2986951&use=l&cat=p&typeid=i","cat":284427},{"id":6105,"n":"Biscuits apéritif Lay's 3D's Goût Nature Sel - 85g","p":0.79,"u":"9,29 €/KG","img":"https://fd9-photos.leclercdrive.fr/image.ashx?id=2917417&use=l&cat=p&typeid=i","cat":284449},{"id":6106,"n":"Biscuits apéritif Lay's 3D's Goût Fromage - 85g","p":0.8,"u":"9,41 €/KG","img":"https://fd9-photos.leclercdrive.fr/image.ashx?id=2923672&use=l&cat=p&typeid=i","cat":284449},{"id":6145,"n":"Biscuits Goûters REM Chocolat - 3x125g","p":2.26,"u":"6,03 €/KG","img":"https://fd9-photos.leclercdrive.fr/image.ashx?id=2841193&use=l&cat=p&typeid=i","cat":284488},{"id":6151,"n":"Pâtes Coudes rayés Panzani 500g","p":1.13,"u":"2,26 €/KG","img":"https://fd9-photos.leclercdrive.fr/image.ashx?id=2876008&use=l&cat=p&typeid=i","cat":284427},{"id":6152,"n":"Pâtes gansettes Panzani 500g","p":1.12,"u":"2,24 €/KG","img":"https://fd9-photos.leclercdrive.fr/image.ashx?id=2876017&use=l&cat=p&typeid=i","cat":284427},{"id":6153,"n":"Pâtes Macaroni Panzani 1kg","p":1.75,"u":"1,75 €/KG","img":"https://fd9-photos.leclercdrive.fr/image.ashx?id=2876026&use=l&cat=p&typeid=i","cat":284427},{"id":6154,"n":"Pâtes farfalle Panzani 500g","p":1.03,"u":"2,06 €/KG","img":"https://fd9-photos.leclercdrive.fr/image.ashx?id=2884300&use=l&cat=p&typeid=i","cat":284427},{"id":6155,"n":"Pâtes Torti Panzani 3 Minutes - 500G","p":1.16,"u":"2,32 €/KG","img":"https://fd9-photos.leclercdrive.fr/image.ashx?id=2896084&use=l&cat=p&typeid=i","cat":284427},{"id":6168,"n":"Viande Bovine Rumsteack Socopa  Mariné à l'échalote - x2 - 240g","p":5.82,"u":"24,25 €/KG","img":"https://fd9-photos.leclercdrive.fr/image.ashx?id=2414612&use=l&cat=p&typeid=i","cat":284328},{"id":6169,"n":"Fromage apéritif Apéricube Nature 24 cubes","p":2.15,"u":"17,20 €/KG","img":"https://fd9-photos.leclercdrive.fr/image.ashx?id=2883447&use=l&cat=p&typeid=i","cat":314027},{"id":6185,"n":"Sucre glace Béghin Say 500g","p":1.91,"u":"3,82 €/KG","img":"https://fd9-photos.leclercdrive.fr/image.ashx?id=2593608&use=l&cat=p&typeid=i","cat":284502},{"id":6188,"n":"Boisson lactée Candy'UP Fraise - 6x20cl","p":2.7,"u":"2,25 €/L","img":"https://fd9-photos.leclercdrive.fr/image.ashx?id=2485629&use=l&cat=p&typeid=i","cat":295246},{"id":6196,"n":"AOP Côtes du Rhône rouge Prestige Cellier Dauphins 75cl","p":3.33,"u":"4,44 €/L","img":"https://fd9-photos.leclercdrive.fr/image.ashx?id=2490533&use=l&cat=p&typeid=i","cat":289556},{"id":6199,"n":"Beurre Moulé Paysan Breton Demi-sel - 80%MG - 250g","p":3.24,"u":"12,96 €/KG","img":"https://fd9-photos.leclercdrive.fr/image.ashx?id=2947844&use=l&cat=p&typeid=i","cat":284379},{"id":6223,"n":"Fromage Maroilles AOP  Nos Régions ont du Talent 200g","p":2.69,"u":"13,45 €/KG","img":"https://fd9-photos.leclercdrive.fr/image.ashx?id=1507945&use=l&cat=p&typeid=i","cat":329558},{"id":6242,"n":"Café soluble Plantation Qualité filtre - 100g","p":2.75,"u":"27,50 €/KG","img":"https://fd9-photos.leclercdrive.fr/image.ashx?id=2834272&use=l&cat=p&typeid=i","cat":284843},{"id":6249,"n":"Céleri Menu Fraîcheur  Rémoulade - 500g","p":1.58,"u":"3,16 €/KG","img":"https://fd9-photos.leclercdrive.fr/image.ashx?id=2552394&use=l&cat=p&typeid=i","cat":333657},{"id":6254,"n":"Salade Coleslaw Menu Fraîcheur  300g","p":1.19,"u":"3,97 €/KG","img":"https://fd9-photos.leclercdrive.fr/image.ashx?id=2645891&use=l&cat=p&typeid=i","cat":333657},{"id":6256,"n":"Pizza Turini Jambon champignons - 450g","p":2.73,"u":"6,07 €/KG","img":"https://fd9-photos.leclercdrive.fr/image.ashx?id=1990676&use=l&cat=p&typeid=i","cat":333679},{"id":6291,"n":"Semoule fine Panzani 500g","p":1.09,"u":"2,18 €/KG","img":"https://fd9-photos.leclercdrive.fr/image.ashx?id=2745559&use=l&cat=p&typeid=i","cat":284429},{"id":6314,"n":"Pansements Primoplast Peaux sensibles x30","p":0.88,"img":"https://fd9-photos.leclercdrive.fr/image.ashx?id=2832918&use=l&cat=p&typeid=i","cat":284630},{"id":6316,"n":"Escalope de poulet Côté Croc À la Bolognaise x2 - 200g","p":2.13,"u":"10,65 €/KG","img":"https://fd9-photos.leclercdrive.fr/image.ashx?id=1725800&use=l&cat=p&typeid=i","cat":333683},{"id":6343,"n":"Garniture de céleris  Notre Jardin - 250g","p":0.99,"u":"3,96 €/KG","img":"https://fd9-photos.leclercdrive.fr/image.ashx?id=2529534&use=l&cat=p&typeid=i","cat":312612},{"id":6344,"n":"Boules soufflées Tokapi  Fromage - 50g","p":0.58,"u":"11,60 €/KG","img":"https://fd9-photos.leclercdrive.fr/image.ashx?id=1888926&use=l&cat=p&typeid=i","cat":284449},{"id":6347,"n":"Beurre  Les Croisés 80% MG  Demi-sel Extra fin - 250g","p":2.99,"u":"11,96 €/KG","img":"https://fd9-photos.leclercdrive.fr/image.ashx?id=2095212&use=l&cat=p&typeid=i","cat":284379},{"id":6348,"n":"Tarama Ronde des Mers Oeufs de cabillaud - 250g","p":2.3,"u":"9,20 €/KG","img":"https://fd9-photos.leclercdrive.fr/image.ashx?id=1942389&use=l&cat=p&typeid=i","cat":315999},{"id":6350,"n":"Eponges Mamison couleur Super absorbantes x3","p":1.22,"u":"0,41 €/P","img":"https://fd9-photos.leclercdrive.fr/image.ashx?id=1851759&use=l&cat=p&typeid=i","cat":284667},{"id":6353,"n":"Pancetta italienne Saint Azay 10 tranches - 100g","p":2.89,"u":"28,90 €/KG","img":"https://fd9-photos.leclercdrive.fr/image.ashx?id=1913604&use=l&cat=p&typeid=i","cat":316007},{"id":6354,"n":"Miel Nid d'Abeille Crémeux - 500 g","p":3.92,"u":"7,84 €/KG","img":"https://fd9-photos.leclercdrive.fr/image.ashx?id=760198&use=l&cat=p&typeid=i","cat":287643},{"id":6355,"n":"AOC Clairette de Die doux Rives et Terrasses - 75cl","p":5.29,"u":"7,05 €/L","img":"https://fd9-photos.leclercdrive.fr/image.ashx?id=1952889&use=l&cat=p&typeid=i","cat":284544},{"id":6357,"n":"Chorizo doux Saint Azay 30 tranches - 150g","p":2.09,"u":"13,93 €/KG","img":"https://fd9-photos.leclercdrive.fr/image.ashx?id=1873710&use=l&cat=p&typeid=i","cat":316007},{"id":6358,"n":"Gel nettoyant wc javel Syphon Agrumes 750ml","p":0.89,"u":"1,19 €/L","img":"https://fd9-photos.leclercdrive.fr/image.ashx?id=2669696&use=l&cat=p&typeid=i","cat":284662},{"id":6359,"n":"Croûtons Epi d'Or Fromage - 90g","p":0.99,"u":"11,00 €/KG","img":"https://fd9-photos.leclercdrive.fr/image.ashx?id=2651783&use=l&cat=p&typeid=i","cat":284464},{"id":6360,"n":"Croûtons Epi d'Or  Oignon - 90g","p":0.99,"u":"11,00 €/KG","img":"https://fd9-photos.leclercdrive.fr/image.ashx?id=2209783&use=l&cat=p&typeid=i","cat":284464},{"id":6361,"n":"Crème Dépilatoire Siliss Tous types de peaux - 200ml","p":1.79,"u":"8,95 €/L","img":"https://fd9-photos.leclercdrive.fr/image.ashx?id=2998790&use=l&cat=p&typeid=i","cat":325351},{"id":6362,"n":"Mélange Gourmand Tokapi  Graines et raisins - 120g","p":1.29,"u":"10,75 €/KG","img":"https://fd9-photos.leclercdrive.fr/image.ashx?id=2795547&use=l&cat=p&typeid=i","cat":284448},{"id":6365,"n":"Galettes sarrasin NRT de Bretagne 230g","p":1.79,"u":"7,78 €/KG","img":"https://fd9-photos.leclercdrive.fr/image.ashx?id=2770259&use=l&cat=p&typeid=i","cat":333672},{"id":6368,"n":"Gâche tranchée La Fournée Dorée Au sucre - 500g","p":3.05,"u":"6,10 €/KG","img":"https://fd9-photos.leclercdrive.fr/image.ashx?id=2347032&use=l&cat=p&typeid=i","cat":284478},{"id":6369,"n":"Pains au lait La Fournée Dorée Aux oeufs frais - x10 - 350g","p":2.17,"u":"6,20 €/KG","img":"https://fd9-photos.leclercdrive.fr/image.ashx?id=2684563&use=l&cat=p&typeid=i","cat":293505},{"id":6388,"n":"Confiture Bonne Maman Mirabelle 370g","p":1.99,"u":"5,38 €/KG","img":"https://fd9-photos.leclercdrive.fr/image.ashx?id=2991891&use=l&cat=p&typeid=i","cat":284480},{"id":6390,"n":"Compotes Andros Pomme banane 750g","p":1.59,"u":"2,12 €/KG","img":"https://fd9-photos.leclercdrive.fr/image.ashx?id=2396114&use=l&cat=p&typeid=i","cat":284508},{"id":6391,"n":"Compotes Andros Pomme poire 750g","p":1.75,"u":"2,33 €/KG","img":"https://fd9-photos.leclercdrive.fr/image.ashx?id=2396117&use=l&cat=p&typeid=i","cat":284508},{"id":6392,"n":"Compotes Andros Pomme vanille 750g","p":1.73,"u":"2,31 €/KG","img":"https://fd9-photos.leclercdrive.fr/image.ashx?id=2396120&use=l&cat=p&typeid=i","cat":284508},{"id":6437,"n":"Fromage P'tit Louis  Filet 8 Portions - 160g","p":2.67,"u":"16,69 €/KG","img":"https://fd9-photos.leclercdrive.fr/image.ashx?id=2845994&use=l&cat=p&typeid=i","cat":314030},{"id":6445,"n":"Bonbons Mentos  Menthe 4 rouleaux - 152g","p":1.64,"u":"10,79 €/KG","img":"https://fd9-photos.leclercdrive.fr/image.ashx?id=2659819&use=l&cat=p&typeid=i","cat":304256},{"id":6448,"n":"Petits pois carottes Très fins  Notre Jardin -A l'étuvée - 265g","p":0.95,"u":"3,58 €/KG","img":"https://fd9-photos.leclercdrive.fr/image.ashx?id=2987973&use=l&cat=p&typeid=i","cat":312607},{"id":6451,"n":"Pavé au poivre Saint Azay 8 tranches - 150g","p":2.69,"u":"17,93 €/KG","img":"https://fd9-photos.leclercdrive.fr/image.ashx?id=2931766&use=l&cat=p&typeid=i","cat":316007},{"id":6452,"n":"Flan Délisse Vanille Caramel - 12x100g","p":1.89,"u":"1,58 €/KG","img":"https://fd9-photos.leclercdrive.fr/image.ashx?id=2131689&use=l&cat=p&typeid=i","cat":284420},{"id":6455,"n":"Soufflés Snacks Tokapi Bacon - 60g","p":0.48,"u":"8,00 €/KG","img":"https://fd9-photos.leclercdrive.fr/image.ashx?id=2625062&use=l&cat=p&typeid=i","cat":284449},{"id":6456,"n":"Haricots beurre d'aucy Extra-fins - 220g","p":1.23,"u":"5,59 €/KG","img":"https://fd9-photos.leclercdrive.fr/image.ashx?id=2438123&use=l&cat=p&typeid=i","cat":312606},{"id":6457,"n":"Soufflés Vrilles Tokapi Pizza - 60g","p":1.05,"u":"17,50 €/KG","img":"https://fd9-photos.leclercdrive.fr/image.ashx?id=2034106&use=l&cat=p&typeid=i","cat":284449},{"id":6458,"n":"Haricots verts D'aucy  Extra-fins - 3x110g","p":2.32,"u":"7,03 €/KG","img":"https://fd9-photos.leclercdrive.fr/image.ashx?id=2503428&use=l&cat=p&typeid=i","cat":312606},{"id":6459,"n":"Rillettes Hénaff Porc cuisson lente - 3x78g","p":3.96,"u":"16,92 €/KG","img":"https://fd9-photos.leclercdrive.fr/image.ashx?id=2660601&use=l&cat=p&typeid=i","cat":305149},{"id":6467,"n":"Pâtes Macaroni Turini 1kg","p":1.35,"u":"1,35 €/KG","img":"https://fd9-photos.leclercdrive.fr/image.ashx?id=2980429&use=l&cat=p&typeid=i","cat":284427},{"id":6471,"n":"Lingettes Individuelles Hygiène Intime Hamamélis Intima x16","p":2.23,"u":"0,14 €/P","img":"https://fd9-photos.leclercdrive.fr/image.ashx?id=2959859&use=l&cat=p&typeid=i","cat":284627},{"id":6472,"n":"Miel L'Apiculteur crémeux  et onctueux- 500g","p":6.03,"u":"12,06 €/KG","img":"https://fd9-photos.leclercdrive.fr/image.ashx?id=2854387&use=l&cat=p&typeid=i","cat":287643},{"id":6486,"n":"Biscuits apéritif Lay's 3D's Goût Bacon - 85g","p":0.78,"u":"9,18 €/KG","img":"https://fd9-photos.leclercdrive.fr/image.ashx?id=2917414&use=l&cat=p&typeid=i","cat":284449},{"id":6488,"n":"Sucre cristal Béghin Say 5kg","p":8.91,"u":"1,78 €/KG","img":"https://fd9-photos.leclercdrive.fr/image.ashx?id=2866340&use=l&cat=p&typeid=i","cat":284502},{"id":6496,"n":"Sauce au Beurre Blan KNORR Échalote - Brique 30cl","p":1.38,"u":"4,60 €/L","img":"https://fd9-photos.leclercdrive.fr/image.ashx?id=2915991&use=l&cat=p&typeid=i","cat":288381},{"id":6500,"n":"Huile d'olive Lesieur Vierge extra - 1L","p":13.87,"u":"13,87 €/L","img":"https://fd9-photos.leclercdrive.fr/image.ashx?id=2190993&use=l&cat=p&typeid=i","cat":284453},{"id":6511,"n":"Pâtes Spaghetti Turini 1kg","p":1.35,"u":"1,35 €/KG","img":"https://fd9-photos.leclercdrive.fr/image.ashx?id=2980447&use=l&cat=p&typeid=i","cat":284427},{"id":6512,"n":"Riz long Comptoir du Grain Sachet cuisson rapide x4 - 500g","p":1.25,"u":"2,50 €/KG","img":"https://fd9-photos.leclercdrive.fr/image.ashx?id=2118454&use=l&cat=p&typeid=i","cat":284428},{"id":6513,"n":"Vinaigre de vin Rustica Aromatisé à l'échalote - 75cl","p":1.35,"u":"1,80 €/L","img":"https://fd9-photos.leclercdrive.fr/image.ashx?id=1659936&use=l&cat=p&typeid=i","cat":298543},{"id":6514,"n":"Margarine Nat & vie Idéal cuisson - 500g","p":1.29,"u":"2,58 €/KG","img":"https://fd9-photos.leclercdrive.fr/image.ashx?id=2881223&use=l&cat=p&typeid=i","cat":315229},{"id":6516,"n":"Gâteaux P'tit Déli Pépites au chocolat 5x30g","p":1.02,"u":"6,80 €/KG","img":"https://fd9-photos.leclercdrive.fr/image.ashx?id=1986647&use=l&cat=p&typeid=i","cat":284495},{"id":6519,"n":"Soufflés Frites Tokapi Salé - 80g","p":0.65,"u":"8,13 €/KG","img":"https://fd9-photos.leclercdrive.fr/image.ashx?id=2486074&use=l&cat=p&typeid=i","cat":284449},{"id":6521,"n":"Pâtes chinoises Tables du Monde 250g","p":1.19,"u":"4,76 €/KG","img":"https://fd9-photos.leclercdrive.fr/image.ashx?id=2572058&use=l&cat=p&typeid=i","cat":288992},{"id":6523,"n":"Champignons Paris Notre Jardin Emincés - 2x115g","p":1.71,"u":"7,43 €/KG","img":"https://fd9-photos.leclercdrive.fr/image.ashx?id=2724696&use=l&cat=p&typeid=i","cat":312610},{"id":6524,"n":"Dessert fruitier pomme Douceur du Verger 8x100g","p":1.69,"u":"2,11 €/KG","img":"https://fd9-photos.leclercdrive.fr/image.ashx?id=798035&use=l&cat=p&typeid=i","cat":284416},{"id":6525,"n":"Serviette hygiénique Doulys Ultra - Super+ - x12","p":0.9,"u":"0,08 €/P","img":"https://fd9-photos.leclercdrive.fr/image.ashx?id=2838918&use=l&cat=p&typeid=i","cat":284624},{"id":6526,"n":"Serviette hygiénique Doulys Ultra - Spécial nuit - x10","p":1.29,"u":"0,13 €/P","img":"https://fd9-photos.leclercdrive.fr/image.ashx?id=2704630&use=l&cat=p&typeid=i","cat":284624},{"id":6580,"n":"Fromage de chévre Les Croisés 150g","p":1.42,"u":"9,47 €/KG","img":"https://fd9-photos.leclercdrive.fr/image.ashx?id=2684823&use=l&cat=p&typeid=i","cat":314031},{"id":6581,"n":"Fromage : Le carrou Les croisés Authentique - 27% mg - 220g","p":2.43,"u":"11,05 €/KG","img":"https://fd9-photos.leclercdrive.fr/image.ashx?id=2856272&use=l&cat=p&typeid=i","cat":314033},{"id":6589,"n":"Fromage Chaource NRT AOP  250g","p":3.55,"u":"14,20 €/KG","img":"https://fd9-photos.leclercdrive.fr/image.ashx?id=2874768&use=l&cat=p&typeid=i","cat":329558},{"id":6630,"n":"Pâtes torsettes Turini Les 3 min - 500g","p":0.82,"u":"1,64 €/KG","img":"https://fd9-photos.leclercdrive.fr/image.ashx?id=2441165&use=l&cat=p&typeid=i","cat":284427},{"id":6633,"n":"Eau déminéralisée 5L","p":1.45,"u":"0,29 €/L","img":"https://fd9-photos.leclercdrive.fr/image.ashx?id=2277020&use=l&cat=p&typeid=i","cat":284653},{"id":6648,"n":"Boîte chocolats Ferrero Rocher x28 pralines - 350g","p":11.97,"u":"34,20 €/KG","img":"https://fd9-photos.leclercdrive.fr/image.ashx?id=2952884&use=l&cat=p&typeid=i","cat":327600},{"id":6711,"n":"Spray nettoyant vitres Clair Recharge 750ml","p":1.09,"u":"1,45 €/L","img":"https://fd9-photos.leclercdrive.fr/image.ashx?id=1647691&use=l&cat=p&typeid=i","cat":325363},{"id":6712,"n":"Spray nettoyant vitres Clair 750ml","p":1.29,"u":"1,72 €/L","img":"https://fd9-photos.leclercdrive.fr/image.ashx?id=2943623&use=l&cat=p&typeid=i","cat":325363},{"id":6714,"n":"Fromage raclette Entremont Saveur d'Antan 350g","p":4.58,"u":"13,09 €/KG","img":"https://fd9-photos.leclercdrive.fr/image.ashx?id=2984985&use=l&cat=p&typeid=i","cat":314037},{"id":6715,"n":"Assiette charcuterie Saint Azay 200g","p":3.11,"u":"15,55 €/KG","img":"https://fd9-photos.leclercdrive.fr/image.ashx?id=2417734&use=l&cat=p&typeid=i","cat":316007},{"id":6829,"n":"Sucre Daddy n°4 Morceaux - 1kg","p":1.79,"u":"1,79 €/KG","img":"https://fd9-photos.leclercdrive.fr/image.ashx?id=2936056&use=l&cat=p&typeid=i","cat":284502},{"id":6830,"n":"Sucre Cristal Daddy 1kg","p":1.56,"u":"1,56 €/KG","img":"https://fd9-photos.leclercdrive.fr/image.ashx?id=2975855&use=l&cat=p&typeid=i","cat":284502},{"id":6831,"n":"Sucre en poudre Daddy 1kg","p":1.56,"u":"1,56 €/KG","img":"https://fd9-photos.leclercdrive.fr/image.ashx?id=2936062&use=l&cat=p&typeid=i","cat":284502},{"id":6837,"n":"Madeleines longues P'tit Déli 440g","p":2.55,"u":"5,80 €/KG","img":"https://fd9-photos.leclercdrive.fr/image.ashx?id=2399135&use=l&cat=p&typeid=i","cat":284492},{"id":6847,"n":"Canapés toasts Epi d'Or Briochés - 250g","p":1.12,"u":"4,48 €/KG","img":"https://fd9-photos.leclercdrive.fr/image.ashx?id=1858996&use=l&cat=p&typeid=i","cat":285454},{"id":6879,"n":"Fromage Gouda Les Croisés En tranche - 200g","p":1.97,"u":"9,85 €/KG","img":"https://fd9-photos.leclercdrive.fr/image.ashx?id=2028173&use=l&cat=p&typeid=i","cat":314028},{"id":6880,"n":"Fromage Mimolette Les Croisés En tranche x8 - 200g","p":1.85,"u":"9,25 €/KG","img":"https://fd9-photos.leclercdrive.fr/image.ashx?id=2028176&use=l&cat=p&typeid=i","cat":314028},{"id":6881,"n":"Fromage Maasdam Les Croisés En tranche x8 - 200g","p":1.91,"u":"9,55 €/KG","img":"https://fd9-photos.leclercdrive.fr/image.ashx?id=1990673&use=l&cat=p&typeid=i","cat":314028},{"id":6892,"n":"Pâtes Piccolini Barilla Mini Pipe Rigate- 500g","p":1.09,"u":"2,18 €/KG","img":"https://fd9-photos.leclercdrive.fr/image.ashx?id=2964108&use=l&cat=p&typeid=i","cat":284427},{"id":6905,"n":"GROUPE DE VARIANTES Multicoloris","p":1.79,"img":"https://fd9-photos.leclercdrive.fr/image.ashx?id=1706598&use=l&cat=p&typeid=i","cat":284745},{"id":6909,"n":"Surligneur plat Esquisse Jaune","p":0.95,"img":"https://fd9-photos.leclercdrive.fr/image.ashx?id=1928794&use=l&cat=p&typeid=i","cat":284696},{"id":6911,"n":"Cartouches d'encre Esquisse Courtes - bleu - x30","p":0.99,"u":"0,03 €/P","img":"https://fd9-photos.leclercdrive.fr/image.ashx?id=1678420&use=l&cat=p&typeid=i","cat":284696},{"id":6912,"n":"Coussinets Mots d'Enfants D'allaitement - x36","p":3.95,"img":"https://fd9-photos.leclercdrive.fr/image.ashx?id=1902701&use=l&cat=p&typeid=i","cat":289435},{"id":6915,"n":"Bloc bureau Esquisse - 80 pages 14.8x21cm","p":1.69,"img":"https://fd9-photos.leclercdrive.fr/image.ashx?id=1928752&use=l&cat=p&typeid=i","cat":284697},{"id":6916,"n":"Bloc bureau Esquisse - 80 pages 10.5x14.8cm","p":0.99,"img":"https://fd9-photos.leclercdrive.fr/image.ashx?id=1928749&use=l&cat=p&typeid=i","cat":284697},{"id":6928,"n":"Préparation pour fondue Les Croisés 18%mg 400g","p":3.42,"u":"8,55 €/KG","img":"https://fd9-photos.leclercdrive.fr/image.ashx?id=2969713&use=l&cat=p&typeid=i","cat":314037},{"id":7000,"n":"Céréales Babybio Bio 6 mois Vanille - 220g","p":4.31,"u":"19,59 €/KG","img":"https://fd9-photos.leclercdrive.fr/image.ashx?id=2733250&use=l&cat=p&typeid=i","cat":312225},{"id":7008,"n":"Repas bébé epinard  Babybio Bio - Pomme de terre  2x130g","p":2.04,"u":"7,85 €/KG","img":"https://fd9-photos.leclercdrive.fr/image.ashx?id=2827449&use=l&cat=p&typeid=i","cat":312234},{"id":7011,"n":"Compote bébé bio Babybio Pomme - 4 mois - 2x130g","p":2.07,"u":"7,96 €/KG","img":"https://fd9-photos.leclercdrive.fr/image.ashx?id=2838317&use=l&cat=p&typeid=i","cat":312387},{"id":7012,"n":"Compote bébé Babybio - 4 mois Bio Poire williams - 2x130g","p":1.91,"u":"7,35 €/KG","img":"https://fd9-photos.leclercdrive.fr/image.ashx?id=2834515&use=l&cat=p&typeid=i","cat":312387},{"id":7013,"n":"Compote bébé Babybio Bio 4 mois Pomme / Pêche - 2x130g","p":1.83,"u":"7,04 €/KG","img":"https://fd9-photos.leclercdrive.fr/image.ashx?id=2859362&use=l&cat=p&typeid=i","cat":312387},{"id":7014,"n":"Compote bébé bio Babybio Pomme abricot - 4 mois - 2x130g","p":1.79,"u":"6,88 €/KG","img":"https://fd9-photos.leclercdrive.fr/image.ashx?id=2838320&use=l&cat=p&typeid=i","cat":312387},{"id":7016,"n":"Compote bébé Babybio Bio 4 mois Pomme / Pruneau - 2x130g","p":2.08,"u":"8,00 €/KG","img":"https://fd9-photos.leclercdrive.fr/image.ashx?id=2838326&use=l&cat=p&typeid=i","cat":312387},{"id":7017,"n":"Compote bébé Babybio Bio 4 mois Pomme / Banane - 2x130g","p":1.76,"u":"6,77 €/KG","img":"https://fd9-photos.leclercdrive.fr/image.ashx?id=2832011&use=l&cat=p&typeid=i","cat":312387},{"id":7018,"n":"Dessert bébé BabyBio - 6 mois Délice de Fruits Bio - 2x130g","p":1.78,"u":"6,85 €/KG","img":"https://fd9-photos.leclercdrive.fr/image.ashx?id=2838329&use=l&cat=p&typeid=i","cat":312388},{"id":7025,"n":"Pizza Cuite sur pierre Turini Jambon fromage - 400g","p":2.85,"u":"7,13 €/KG","img":"https://fd9-photos.leclercdrive.fr/image.ashx?id=2815223&use=l&cat=p&typeid=i","cat":284256},{"id":7029,"n":"Velouté de carotte Régal A la Crème fraîche - 1L","p":1.41,"u":"1,41 €/L","img":"https://fd9-photos.leclercdrive.fr/image.ashx?id=732145&use=l&cat=p&typeid=i","cat":284462},{"id":7030,"n":"Sauce Tomate cuisinée Turini Aux petits légumes - 180g","p":0.84,"u":"4,67 €/KG","img":"https://fd9-photos.leclercdrive.fr/image.ashx?id=2490034&use=l&cat=p&typeid=i","cat":288384},{"id":7071,"n":"Petits Boudoirs Babybio Bio - Orange Douce - 120g","p":2.73,"u":"22,75 €/KG","img":"https://fd9-photos.leclercdrive.fr/image.ashx?id=2733262&use=l&cat=p&typeid=i","cat":312227},{"id":7082,"n":"AOP Côtes du Marmandais rosé La Vieille église - 75cl","p":3.55,"u":"4,73 €/L","img":"https://fd9-photos.leclercdrive.fr/image.ashx?id=2258685&use=l&cat=p&typeid=i","cat":289558},{"id":7126,"n":"Riz cantonais  Traditions d'Asie - 400g","p":3.61,"u":"9,03 €/KG","img":"https://fd9-photos.leclercdrive.fr/image.ashx?id=2505043&use=l&cat=p&typeid=i","cat":333673},{"id":7127,"n":"Sauce soja Jardin Bio' Bio - 125ml","p":2.16,"u":"17,28 €/L","img":"https://fd9-photos.leclercdrive.fr/image.ashx?id=2740118&use=l&cat=p&typeid=i","cat":288992},{"id":7128,"n":"Porc au caramel Tables du Monde Riz thaï 300g","p":3.05,"u":"10,17 €/KG","img":"https://fd9-photos.leclercdrive.fr/image.ashx?id=2700957&use=l&cat=p&typeid=i","cat":333665},{"id":7190,"n":"Lait coco Kara - Brique 500ml","p":2.51,"u":"5,02 €/KG","img":"https://fd9-photos.leclercdrive.fr/image.ashx?id=2906898&use=l&cat=p&typeid=i","cat":288992},{"id":7199,"n":"Crème noix coco Kara - brique de 200ml","p":1.47,"u":"7,35 €/KG","img":"https://fd9-photos.leclercdrive.fr/image.ashx?id=2906892&use=l&cat=p&typeid=i","cat":288992},{"id":7264,"n":"Secret de mousse La laitière Café - 4x59g","p":1.71,"u":"7,25 €/KG","img":"https://fd9-photos.leclercdrive.fr/image.ashx?id=2651378&use=l&cat=p&typeid=i","cat":284417},{"id":7282,"n":"Compote Douceur du Verger  Pomme Poire - 4x100g","p":1.09,"u":"2,73 €/KG","img":"https://fd9-photos.leclercdrive.fr/image.ashx?id=762794&use=l&cat=p&typeid=i","cat":284416},{"id":7283,"n":"Compote Douceur du Verger Pomme banane - 4x100g","p":1.25,"u":"3,13 €/KG","img":"https://fd9-photos.leclercdrive.fr/image.ashx?id=762790&use=l&cat=p&typeid=i","cat":284416},{"id":7284,"n":"Compote Douceur du Verger Pomme Fraise - 4x100g","p":1.09,"u":"2,73 €/KG","img":"https://fd9-photos.leclercdrive.fr/image.ashx?id=762786&use=l&cat=p&typeid=i","cat":284416},{"id":7289,"n":"Crème Dépilatoire Siliss Peaux sensibles - 200ml","p":1.79,"u":"8,95 €/L","img":"https://fd9-photos.leclercdrive.fr/image.ashx?id=2699675&use=l&cat=p&typeid=i","cat":325351},{"id":7291,"n":"Jus d'orange sanguine Jafaden 1L","p":3.25,"u":"3,25 €/L","img":"https://fd9-photos.leclercdrive.fr/image.ashx?id=2420388&use=l&cat=p&typeid=i","cat":285435},{"id":7293,"n":"Râpé 3 fromages Les Croisés 200g","p":1.79,"u":"8,95 €/KG","img":"https://fd9-photos.leclercdrive.fr/image.ashx?id=786535&use=l&cat=p&typeid=i","cat":314035},{"id":7294,"n":"Huile de tournesol Bio Village Bio - 75cl","p":3.59,"u":"4,79 €/L","img":"https://fd9-photos.leclercdrive.fr/image.ashx?id=1256837&use=l&cat=p&typeid=i","cat":284453},{"id":7315,"n":"Concentré de tomates Eco+ 2x140g","p":1.28,"u":"4,57 €/KG","img":"https://fd9-photos.leclercdrive.fr/image.ashx?id=2683511&use=l&cat=p&typeid=i","cat":288384},{"id":7343,"n":"Pâtes Panzani Penne rigate - 500g","p":0.99,"u":"1,98 €/KG","img":"https://fd9-photos.leclercdrive.fr/image.ashx?id=2876011&use=l&cat=p&typeid=i","cat":284427},{"id":7344,"n":"Pâtes petits paniers Panzani 500g","p":1.13,"u":"2,26 €/KG","img":"https://fd9-photos.leclercdrive.fr/image.ashx?id=2876014&use=l&cat=p&typeid=i","cat":284427},{"id":7345,"n":"Pâtes serpentini Panzani 500g","p":0.99,"u":"1,98 €/KG","img":"https://fd9-photos.leclercdrive.fr/image.ashx?id=2876044&use=l&cat=p&typeid=i","cat":284427},{"id":7349,"n":"Croquettes chat One Purina Stérilisé - Boeuf/Blé - 450g","p":2.46,"u":"5,47 €/KG","img":"https://fd9-photos.leclercdrive.fr/image.ashx?id=2681044&use=l&cat=p&typeid=i","cat":284680},{"id":7352,"n":"Lapin chasseur individuel William Saurin - 280g","p":3.24,"u":"11,57 €/KG","img":"https://fd9-photos.leclercdrive.fr/image.ashx?id=2528922&use=l&cat=p&typeid=i","cat":284953},{"id":7359,"n":"Gorgonzola AOP Les Croisés -150g","p":2.47,"u":"16,47 €/KG","img":"https://fd9-photos.leclercdrive.fr/image.ashx?id=2280431&use=l&cat=p&typeid=i","cat":314032},{"id":7360,"n":"Mortadelle Italienne Saint Azay 12 tranches 150g","p":2.14,"u":"14,27 €/KG","img":"https://fd9-photos.leclercdrive.fr/image.ashx?id=2704481&use=l&cat=p&typeid=i","cat":316009},{"id":7361,"n":"Fromage Edam Les Croisés En tranche x8 - 200g","p":1.97,"u":"9,85 €/KG","img":"https://fd9-photos.leclercdrive.fr/image.ashx?id=2041351&use=l&cat=p&typeid=i","cat":314028},{"id":7362,"n":"Riz Basmati Comptoir du Grain Express 2 min - 250g","p":0.99,"u":"3,96 €/KG","img":"https://fd9-photos.leclercdrive.fr/image.ashx?id=2441192&use=l&cat=p&typeid=i","cat":287600},{"id":7363,"n":"Riz Express Comptoir du Grain A la méditerranéenne - 250g","p":1.2,"u":"4,80 €/KG","img":"https://fd9-photos.leclercdrive.fr/image.ashx?id=2856474&use=l&cat=p&typeid=i","cat":287600},{"id":7378,"n":"Jambon d'Auvergne IGP NRT x4 - 100g","p":3.4,"u":"34,00 €/KG","img":"https://fd9-photos.leclercdrive.fr/image.ashx?id=2670419&use=l&cat=p&typeid=i","cat":316007},{"id":7379,"n":"Jambon de Savoie NRT x6 - 90g","p":2.66,"u":"29,56 €/KG","img":"https://fd9-photos.leclercdrive.fr/image.ashx?id=2670422&use=l&cat=p&typeid=i","cat":316007},{"id":7381,"n":"Sachet repas chats Gourmet 4 variétés poissons - 4x85g","p":1.82,"u":"5,35 €/KG","img":"https://fd9-photos.leclercdrive.fr/image.ashx?id=2867788&use=l&cat=p&typeid=i","cat":285286},{"id":7424,"n":"Bouillon Cubes bouquet garni Knorr - thym persil laurier -x9","p":1.27,"u":"12,83 €/KG","img":"https://fd9-photos.leclercdrive.fr/image.ashx?id=2915667&use=l&cat=p&typeid=i","cat":288379},{"id":7432,"n":"Huile de friture Frial Lesieur 2L","p":5.86,"u":"2,93 €/L","img":"https://fd9-photos.leclercdrive.fr/image.ashx?id=2916857&use=l&cat=p&typeid=i","cat":284453},{"id":7433,"n":"Vinaigrette Rustica Fines herbes - 50cl","p":1.19,"u":"2,38 €/L","img":"https://fd9-photos.leclercdrive.fr/image.ashx?id=1964912&use=l&cat=p&typeid=i","cat":284456},{"id":7441,"n":"Huile de friture Rustica 1L","p":2.75,"u":"2,75 €/L","img":"https://fd9-photos.leclercdrive.fr/image.ashx?id=2900331&use=l&cat=p&typeid=i","cat":284453},{"id":7443,"n":"Dessert fruitier pomme poire Douceur du Verger s/sucre 4x97g","p":1.25,"u":"3,22 €/KG","img":"https://fd9-photos.leclercdrive.fr/image.ashx?id=1957066&use=l&cat=p&typeid=i","cat":284416},{"id":7444,"n":"Dessert fruitier pomme Douceur du Verger s/sucre 4x97g","p":1.05,"u":"2,71 €/KG","img":"https://fd9-photos.leclercdrive.fr/image.ashx?id=1957069&use=l&cat=p&typeid=i","cat":284416},{"id":7448,"n":"Compote Douceur du Verger Coupelle pomme pruneau - 4x100g","p":1.36,"u":"3,40 €/KG","img":"https://fd9-photos.leclercdrive.fr/image.ashx?id=2663479&use=l&cat=p&typeid=i","cat":284508},{"id":7450,"n":"Gâteaux fourrés P'tit Déli Fraise x7 - 196g","p":2.8,"u":"14,29 €/KG","img":"https://fd9-photos.leclercdrive.fr/image.ashx?id=2659777&use=l&cat=p&typeid=i","cat":284495},{"id":7451,"n":"Biscuits P'tit Déli Goûters Fourrés au chocolat 2x300g","p":2.3,"u":"3,83 €/KG","img":"https://fd9-photos.leclercdrive.fr/image.ashx?id=2116182&use=l&cat=p&typeid=i","cat":284488},{"id":7452,"n":"Tubes Fromage blanc Délisse 3 parfums - 12 x40g","p":2.38,"u":"4,96 €/KG","img":"https://fd9-photos.leclercdrive.fr/image.ashx?id=2884231&use=l&cat=p&typeid=i","cat":284415},{"id":7459,"n":"Pâtes Barilla Spaghetti n°5 - 500g","p":0.93,"u":"1,86 €/KG","img":"https://fd9-photos.leclercdrive.fr/image.ashx?id=2392200&use=l&cat=p&typeid=i","cat":284427},{"id":7465,"n":"Actifidus Délisse Citron - 4x125g","p":1.36,"u":"2,72 €/KG","img":"https://fd9-photos.leclercdrive.fr/image.ashx?id=2501673&use=l&cat=p&typeid=i","cat":315000},{"id":7466,"n":"Pain grillé Epi d'or Brioché x26 - 300g","p":2.15,"u":"7,17 €/KG","img":"https://fd9-photos.leclercdrive.fr/image.ashx?id=2047847&use=l&cat=p&typeid=i","cat":284479},{"id":7529,"n":"Fromage Comté Entremont 200g","p":3.08,"u":"15,40 €/KG","img":"https://fd9-photos.leclercdrive.fr/image.ashx?id=2983144&use=l&cat=p&typeid=i","cat":314034},{"id":7530,"n":"Crème fraîche épaisse Bridélice 15%mg 20cl","p":0.8,"u":"4,00 €/L","img":"https://fd9-photos.leclercdrive.fr/image.ashx?id=2970873&use=l&cat=p&typeid=i","cat":284381},{"id":7531,"n":"Faisselle Rians 6%mg - 500g","p":1.97,"u":"3,94 €/KG","img":"https://fd9-photos.leclercdrive.fr/image.ashx?id=2542324&use=l&cat=p&typeid=i","cat":284409},{"id":7536,"n":"Cervelas rémoulade P. Martinet Moutarde de dijon - 300g","p":2.8,"u":"9,33 €/KG","img":"https://fd9-photos.leclercdrive.fr/image.ashx?id=2733079&use=l&cat=p&typeid=i","cat":333657},{"id":7548,"n":"Ail Rustica 100g","p":1.69,"u":"16,90 €/KG","img":"https://fd9-photos.leclercdrive.fr/image.ashx?id=2365451&use=l&cat=p&typeid=i","cat":319804},{"id":7549,"n":"Persil Rustica 50g","p":0.99,"u":"19,80 €/KG","img":"https://fd9-photos.leclercdrive.fr/image.ashx?id=2365454&use=l&cat=p&typeid=i","cat":319804},{"id":7563,"n":"Coulis de tomate bio Jardin Bio 500g","p":1.68,"u":"3,36 €/KG","img":"https://fd9-photos.leclercdrive.fr/image.ashx?id=2918841&use=l&cat=p&typeid=i","cat":288384},{"id":7578,"n":"Thé vert bio orange Jardin Bio' Bergamote Max Havelaar x20 30g","p":2.66,"u":"88,67 €/KG","img":"https://fd9-photos.leclercdrive.fr/image.ashx?id=2792666&use=l&cat=p&typeid=i","cat":293233},{"id":7585,"n":"Echalote Rustica 100g","p":1.69,"u":"16,90 €/KG","img":"https://fd9-photos.leclercdrive.fr/image.ashx?id=2365457&use=l&cat=p&typeid=i","cat":319804},{"id":7586,"n":"Fond de veau Rustica 110g","p":2.11,"u":"19,18 €/KG","img":"https://fd9-photos.leclercdrive.fr/image.ashx?id=2188679&use=l&cat=p&typeid=i","cat":288379},{"id":7589,"n":"Biscuits Mikado LU Chocolat au lait - 3x39g","p":2.13,"u":"18,21 €/KG","img":"https://fd9-photos.leclercdrive.fr/image.ashx?id=3001970&use=l&cat=p&typeid=i","cat":284488},{"id":7598,"n":"Ravioli de volaille Jardin Bio' Bio - 700g","p":3.97,"u":"5,67 €/KG","img":"https://fd9-photos.leclercdrive.fr/image.ashx?id=2950183&use=l&cat=p&typeid=i","cat":284442},{"id":7599,"n":"Haricots verts Jardin Bio' Bio extra fin coupés - 360g","p":2.22,"u":"6,17 €/KG","img":"https://fd9-photos.leclercdrive.fr/image.ashx?id=2967151&use=l&cat=p&typeid=i","cat":312606},{"id":7600,"n":"Petits pois carottes JardinBio' Bio - 420g","p":2.69,"u":"6,40 €/KG","img":"https://fd9-photos.leclercdrive.fr/image.ashx?id=2947958&use=l&cat=p&typeid=i","cat":312607},{"id":7601,"n":"Dessert fruitier Jardin Bio' bio Pomme vanille bourbon 680g","p":2.66,"u":"3,91 €/KG","img":"https://fd9-photos.leclercdrive.fr/image.ashx?id=2967786&use=l&cat=p&typeid=i","cat":284508},{"id":7610,"n":"Préparation crêpes Francine 380g","p":1.69,"u":"4,45 €/KG","img":"https://fd9-photos.leclercdrive.fr/image.ashx?id=2989120&use=l&cat=p&typeid=i","cat":284505},{"id":7611,"n":"Côte première de porc  x2 - 350g","p":3.2,"u":"9,14 €/KG","img":"https://fd9-photos.leclercdrive.fr/image.ashx?id=619330&use=l&cat=p&typeid=i","cat":284331},{"id":7612,"n":"Côte de porc échine           x2 - 350g","p":3.2,"u":"9,14 €/KG","img":"https://fd9-photos.leclercdrive.fr/image.ashx?id=619046&use=l&cat=p&typeid=i","cat":284331},{"id":7646,"n":"Spaghetti Jardin Bio Bio quinoa persil ail - 500g","p":2.03,"u":"4,06 €/KG","img":"https://fd9-photos.leclercdrive.fr/image.ashx?id=3014542&use=l&cat=p&typeid=i","cat":284427},{"id":7652,"n":"Compotes Pomme Pruneau Andros 4x100g","p":1.43,"u":"3,58 €/KG","img":"https://fd9-photos.leclercdrive.fr/image.ashx?id=2935789&use=l&cat=p&typeid=i","cat":284416},{"id":7654,"n":"Compote Andros Pomme rhubarbe 4x100g","p":1.48,"u":"14,80 €/KG","img":"https://fd9-photos.leclercdrive.fr/image.ashx?id=2883934&use=l&cat=p&typeid=i","cat":284416},{"id":7656,"n":"Compotes Andros Pomme - 4x100g","p":1.77,"u":"4,43 €/KG","img":"https://fd9-photos.leclercdrive.fr/image.ashx?id=2875337&use=l&cat=p&typeid=i","cat":284416},{"id":7665,"n":"Camembert Lanquetot Moulé à la louche - 250g","p":3.03,"u":"12,12 €/KG","img":"https://fd9-photos.leclercdrive.fr/image.ashx?id=2945484&use=l&cat=p&typeid=i","cat":314033},{"id":7666,"n":"Camembert Lepetit  250g","p":2.44,"u":"9,76 €/KG","img":"https://fd9-photos.leclercdrive.fr/image.ashx?id=2504350&use=l&cat=p&typeid=i","cat":314033},{"id":7672,"n":"Cordon Bleu Le Gaulois Poulet - 200g","p":1.91,"u":"9,55 €/KG","img":"https://fd9-photos.leclercdrive.fr/image.ashx?id=2860223&use=l&cat=p&typeid=i","cat":333683},{"id":7713,"n":"Dessert fruitier pomme pruneaux Douceur du Verger s/sucre4x100g","p":1.54,"u":"3,85 €/KG","img":"https://fd9-photos.leclercdrive.fr/image.ashx?id=1962960&use=l&cat=p&typeid=i","cat":284416},{"id":7750,"n":"Boulghour bio Céréal Bio  repas express 250g","p":2.04,"u":"8,16 €/KG","img":"https://fd9-photos.leclercdrive.fr/image.ashx?id=2575045&use=l&cat=p&typeid=i","cat":284429},{"id":7761,"n":"Galette Croq'Soja Céréal Bio  Bio provençale x2 200g","p":2.1,"u":"10,50 €/KG","img":"https://fd9-photos.leclercdrive.fr/image.ashx?id=2574296&use=l&cat=p&typeid=i","cat":284953},{"id":7772,"n":"Galette bio Céréal Bio  Millet champignons x2 - 200g","p":2.23,"u":"11,15 €/KG","img":"https://fd9-photos.leclercdrive.fr/image.ashx?id=2573543&use=l&cat=p&typeid=i","cat":284953},{"id":7857,"n":"Croquettes chiens Fido Au boeuf 1kg","p":2.78,"u":"2,78 €/KG","img":"https://fd9-photos.leclercdrive.fr/image.ashx?id=2972964&use=l&cat=p&typeid=i","cat":294526},{"id":7862,"n":"Petit pot de crème Délisse Café - 4x100g","p":1.8,"u":"4,50 €/KG","img":"https://fd9-photos.leclercdrive.fr/image.ashx?id=1951022&use=l&cat=p&typeid=i","cat":285041},{"id":7866,"n":"Beurre Tendre Les Croisés Demi-sel - 80% MG - 250g","p":2.51,"u":"10,04 €/KG","img":"https://fd9-photos.leclercdrive.fr/image.ashx?id=2839899&use=l&cat=p&typeid=i","cat":284379},{"id":7868,"n":"Sardines Pêche Océan Huile de tournesol - 135g","p":0.95,"u":"7,04 €/KG","img":"https://fd9-photos.leclercdrive.fr/image.ashx?id=1986246&use=l&cat=p&typeid=i","cat":305146},{"id":7869,"n":"Yaourts aromatisés Délisse Citron - 4x125g","p":1.45,"u":"2,90 €/KG","img":"https://fd9-photos.leclercdrive.fr/image.ashx?id=2771121&use=l&cat=p&typeid=i","cat":286006},{"id":7881,"n":"Camembert Les Croisés 8 portions - 22% mg - 8x30g","p":2.19,"u":"9,13 €/KG","img":"https://fd9-photos.leclercdrive.fr/image.ashx?id=2974798&use=l&cat=p&typeid=i","cat":314033},{"id":7887,"n":"Selles-sur-Cher NRT AOP  Fromage de chèvre - 150g","p":3.49,"u":"23,27 €/KG","img":"https://fd9-photos.leclercdrive.fr/image.ashx?id=2586031&use=l&cat=p&typeid=i","cat":314031},{"id":7889,"n":"Fromage Reblochon NRT AOP 240g","p":3.7,"u":"15,42 €/KG","img":"https://fd9-photos.leclercdrive.fr/image.ashx?id=2049100&use=l&cat=p&typeid=i","cat":314037},{"id":7895,"n":"Gâteau de riz La Laitiere 500g","p":2.2,"u":"4,40 €/KG","img":"https://fd9-photos.leclercdrive.fr/image.ashx?id=3010972&use=l&cat=p&typeid=i","cat":284418},{"id":7965,"n":"Matière grasse Bridelight à tartiner 15% MG - 250g","p":2.04,"u":"8,16 €/KG","img":"https://fd9-photos.leclercdrive.fr/image.ashx?id=2643884&use=l&cat=p&typeid=i","cat":284379},{"id":7972,"n":"Beurre Moulé Paysan Breton Doux - 82%MG - 250g","p":3.24,"u":"12,96 €/KG","img":"https://fd9-photos.leclercdrive.fr/image.ashx?id=2946943&use=l&cat=p&typeid=i","cat":284379},{"id":7973,"n":"Faisselle Rians 6%mg - 4x100g","p":2.25,"u":"5,63 €/KG","img":"https://fd9-photos.leclercdrive.fr/image.ashx?id=2762088&use=l&cat=p&typeid=i","cat":284409},{"id":7993,"n":"Beurre d'escargot Rustica Ail et persil - 250g","p":3.49,"u":"13,96 €/KG","img":"https://fd9-photos.leclercdrive.fr/image.ashx?id=1915569&use=l&cat=p&typeid=i","cat":319775},{"id":7996,"n":"Poireaux Notre Jardin En rondelles 1kg","p":1.28,"u":"1,28 €/KG","img":"https://fd9-photos.leclercdrive.fr/image.ashx?id=2873123&use=l&cat=p&typeid=i","cat":319805},{"id":7997,"n":"Mascarpone Galbani 250g","p":2.64,"u":"10,56 €/KG","img":"https://fd9-photos.leclercdrive.fr/image.ashx?id=3009173&use=l&cat=p&typeid=i","cat":314026},{"id":8003,"n":"Fromage Enfant Kiri Goûter 5 portions barquettes - 175g","p":2.24,"u":"12,80 €/KG","img":"https://fd9-photos.leclercdrive.fr/image.ashx?id=2972883&use=l&cat=p&typeid=i","cat":314030},{"id":8011,"n":"Crème glacée Menthe Eskiss Copeaux de Chocolat - 494g","p":2.79,"u":"5,65 €/KG","img":"https://fd9-photos.leclercdrive.fr/image.ashx?id=2982583&use=l&cat=p&typeid=i","cat":284263},{"id":8012,"n":"Friandises pour chien Lydog Biscuits fourrés Viande - 500g","p":1.29,"u":"2,58 €/KG","img":"https://fd9-photos.leclercdrive.fr/image.ashx?id=2191114&use=l&cat=p&typeid=i","cat":294527},{"id":8013,"n":"Friandises pour chien Lydog Biscuits croquants - 500g","p":1.29,"u":"2,58 €/KG","img":"https://fd9-photos.leclercdrive.fr/image.ashx?id=1188277&use=l&cat=p&typeid=i","cat":294527},{"id":8017,"n":"Pâtes Penne Regate Turini 500g","p":0.6,"u":"1,20 €/KG","img":"https://fd9-photos.leclercdrive.fr/image.ashx?id=2980776&use=l&cat=p&typeid=i","cat":284427},{"id":8024,"n":"Barquette chiens Lydog 3 saveurs - 3x300g","p":3.78,"u":"4,20 €/KG","img":"https://fd9-photos.leclercdrive.fr/image.ashx?id=2050639&use=l&cat=p&typeid=i","cat":284673},{"id":8025,"n":"Barquette chiens Lydog 3 saveurs - 3x300g","p":3.79,"u":"4,21 €/KG","img":"https://fd9-photos.leclercdrive.fr/image.ashx?id=2050642&use=l&cat=p&typeid=i","cat":284673},{"id":8026,"n":"Soupe Velouté Régal Soupe Poireaux Pommes de terre 2x30cl","p":1.07,"u":"1,78 €/L","img":"https://fd9-photos.leclercdrive.fr/image.ashx?id=2607440&use=l&cat=p&typeid=i","cat":284462},{"id":8033,"n":"Broyés du Poitou NRT Pur beurre - 280g","p":3.17,"u":"11,32 €/KG","img":"https://fd9-photos.leclercdrive.fr/image.ashx?id=2622284&use=l&cat=p&typeid=i","cat":284487},{"id":8121,"n":"Glace Cône Mini Smicy Vanille Chocolat x10 - 175g","p":2.49,"u":"14,23 €/KG","img":"https://fd9-photos.leclercdrive.fr/image.ashx?id=2198020&use=l&cat=p&typeid=i","cat":285250},{"id":8125,"n":"Spaghetti Frais Turini 350g","p":1.49,"u":"4,26 €/KG","img":"https://fd9-photos.leclercdrive.fr/image.ashx?id=2840470&use=l&cat=p&typeid=i","cat":333682},{"id":8129,"n":"Soupe Mouliné Régal Soupe 10 légumes variés - 2x30cl","p":1.45,"u":"2,42 €/L","img":"https://fd9-photos.leclercdrive.fr/image.ashx?id=2607476&use=l&cat=p&typeid=i","cat":284462},{"id":8136,"n":"Biscuits raisin GERBLE  - 4x5, 360g","p":1.51,"u":"4,19 €/KG","img":"https://fd9-photos.leclercdrive.fr/image.ashx?id=2578726&use=l&cat=p&typeid=i","cat":318651},{"id":8178,"n":"Infusion Tisea Douce soirée 25 sachets","p":0.99,"u":"28,29 €/KG","img":"https://fd9-photos.leclercdrive.fr/image.ashx?id=2095218&use=l&cat=p&typeid=i","cat":293234},{"id":8182,"n":"Mini Feuilletés Côté Table Saucisse x20 - 350g","p":4.19,"u":"11,97 €/KG","img":"https://fd9-photos.leclercdrive.fr/image.ashx?id=2622016&use=l&cat=p&typeid=i","cat":319774},{"id":8210,"n":"Barquettes chats Tous mes amis Mousselines 4 variétés - 12x85g","p":4.79,"u":"4,70 €/KG","img":"https://fd9-photos.leclercdrive.fr/image.ashx?id=583957&use=l&cat=p&typeid=i","cat":285286},{"id":8217,"n":"Filet de Merlu Pêche Océan 4 à 5 pièces 450g","p":6.52,"u":"14,49 €/KG","img":"https://fd9-photos.leclercdrive.fr/image.ashx?id=2553905&use=l&cat=p&typeid=i","cat":319788},{"id":8324,"n":"Tomates séchées Florelli 270g","p":2.94,"u":"10,89 €/KG","img":"https://fd9-photos.leclercdrive.fr/image.ashx?id=2633094&use=l&cat=p&typeid=i","cat":289010},{"id":8375,"n":"Sauce Déshydratée KNORR Aux Trois Poivres - 32g","p":0.7,"u":"25,00 €/KG","img":"https://fd9-photos.leclercdrive.fr/image.ashx?id=2875933&use=l&cat=p&typeid=i","cat":288381},{"id":8381,"n":"Soupe instantanée Royco  Bouillon à la Chinoise 3x200ml","p":1.49,"u":"31,70 €/KG","img":"https://fd9-photos.leclercdrive.fr/image.ashx?id=2650976&use=l&cat=p&typeid=i","cat":288992},{"id":8382,"n":"Pâtes spaghetti plat Panzani 500g","p":1.02,"u":"2,04 €/KG","img":"https://fd9-photos.leclercdrive.fr/image.ashx?id=2876041&use=l&cat=p&typeid=i","cat":284427},{"id":8383,"n":"Pâtes Coquillettes Panzani 3 Minutes - 500G","p":1.16,"u":"2,32 €/KG","img":"https://fd9-photos.leclercdrive.fr/image.ashx?id=2867945&use=l&cat=p&typeid=i","cat":284427},{"id":8387,"n":"Bœuf bourguignon individuel William Saurin - 300g","p":2.86,"u":"9,53 €/KG","img":"https://fd9-photos.leclercdrive.fr/image.ashx?id=2533472&use=l&cat=p&typeid=i","cat":284953},{"id":8388,"n":"Pâtes Lustucru macaroni Aux oeufs - 250g","p":0.92,"u":"3,68 €/KG","img":"https://fd9-photos.leclercdrive.fr/image.ashx?id=2519471&use=l&cat=p&typeid=i","cat":284427},{"id":8392,"n":"Torti Weight Watchers St Jacques - 300g","p":4.01,"u":"13,37 €/KG","img":"https://fd9-photos.leclercdrive.fr/image.ashx?id=2610861&use=l&cat=p&typeid=i","cat":333665},{"id":8393,"n":"Escalope Milanaise Marie 300g","p":3.13,"u":"10,43 €/KG","img":"https://fd9-photos.leclercdrive.fr/image.ashx?id=2317408&use=l&cat=p&typeid=i","cat":333665},{"id":8394,"n":"Saucisse de Toulouse Marie Purée a l'Ancienne - 290g","p":3.43,"u":"11,83 €/KG","img":"https://fd9-photos.leclercdrive.fr/image.ashx?id=2317414&use=l&cat=p&typeid=i","cat":333665},{"id":8396,"n":"Biscuits apéritif Lay's 3D's Goût Paprika - 85g","p":0.81,"u":"9,53 €/KG","img":"https://fd9-photos.leclercdrive.fr/image.ashx?id=2166311&use=l&cat=p&typeid=i","cat":284449},{"id":8397,"n":"Madeleine Bonne Maman Pur beurre tradition 300g","p":2.71,"u":"9,03 €/KG","img":"https://fd9-photos.leclercdrive.fr/image.ashx?id=2936137&use=l&cat=p&typeid=i","cat":284492},{"id":8413,"n":"Biscuits Crackers Tokapi  Nature - 3x100g","p":1.38,"u":"4,60 €/KG","img":"https://fd9-photos.leclercdrive.fr/image.ashx?id=1948544&use=l&cat=p&typeid=i","cat":297000},{"id":8414,"n":"Chocolat au lait Equador Doux et fondant - 100g","p":1.65,"u":"16,50 €/KG","img":"https://fd9-photos.leclercdrive.fr/image.ashx?id=2499382&use=l&cat=p&typeid=i","cat":284497},{"id":8415,"n":"Pâtes coquillettes Turini Les 3 min - 500g","p":0.72,"u":"1,44 €/KG","img":"https://fd9-photos.leclercdrive.fr/image.ashx?id=2607461&use=l&cat=p&typeid=i","cat":284427},{"id":8419,"n":"Biscuits Crackers Tokapi Emmental - 100g","p":0.68,"u":"6,80 €/KG","img":"https://fd9-photos.leclercdrive.fr/image.ashx?id=2351226&use=l&cat=p&typeid=i","cat":297000},{"id":8424,"n":"Biscottes Heudebert  Fibres plus - 280g","p":2.0,"u":"7,14 €/KG","img":"https://fd9-photos.leclercdrive.fr/image.ashx?id=2679503&use=l&cat=p&typeid=i","cat":284479},{"id":8428,"n":"Biscuits sablés Granola Chocolat au lait - 225g","p":1.62,"u":"7,20 €/KG","img":"https://fd9-photos.leclercdrive.fr/image.ashx?id=2346675&use=l&cat=p&typeid=i","cat":284488},{"id":8432,"n":"Biscuit Roudor St Michel 2x150g","p":2.46,"u":"8,20 €/KG","img":"https://fd9-photos.leclercdrive.fr/image.ashx?id=2935690&use=l&cat=p&typeid=i","cat":284487},{"id":8433,"n":"Pâtes Coquillettes Panzani Prêt en 3 min - 1kg","p":2.2,"u":"2,20 €/KG","img":"https://fd9-photos.leclercdrive.fr/image.ashx?id=2896093&use=l&cat=p&typeid=i","cat":284427},{"id":8447,"n":"Pommes Pink Lady Barquette x6","p":3.2,"u":"0,53 €/P","img":"https://fd9-photos.leclercdrive.fr/image.ashx?id=2121671&use=l&cat=p&typeid=i","cat":284356},{"id":8471,"n":"Lait en poudre Délisse Ecrémé - 750g","p":4.99,"u":"6,65 €/KG","img":"https://fd9-photos.leclercdrive.fr/image.ashx?id=2590698&use=l&cat=p&typeid=i","cat":299162},{"id":8475,"n":"Serviette hygiénique Doulys Maxi confort - Normal - x18","p":0.99,"u":"0,06 €/P","img":"https://fd9-photos.leclercdrive.fr/image.ashx?id=2637841&use=l&cat=p&typeid=i","cat":284624},{"id":8494,"n":"Biscuits déli matin P'tit Déli Chocolat/pépites - 600g","p":3.18,"u":"5,30 €/KG","img":"https://fd9-photos.leclercdrive.fr/image.ashx?id=2999496&use=l&cat=p&typeid=i","cat":284491},{"id":8504,"n":"Biscottes bio Bio Village Complètes x36 - 300g","p":2.2,"u":"7,33 €/KG","img":"https://fd9-photos.leclercdrive.fr/image.ashx?id=1897411&use=l&cat=p&typeid=i","cat":284479},{"id":8515,"n":"Bâtonnets Dentastix Pedigree Moyen chien x28 - 720g","p":7.07,"u":"9,82 €/KG","img":"https://fd9-photos.leclercdrive.fr/image.ashx?id=2980094&use=l&cat=p&typeid=i","cat":294527},{"id":8521,"n":"Café Soluble Nescafé Spécial Filtre Original - 100g","p":5.05,"u":"50,50 €/KG","img":"https://fd9-photos.leclercdrive.fr/image.ashx?id=2866753&use=l&cat=p&typeid=i","cat":284843},{"id":8528,"n":"Sel fin La Baleine Iodé et fluoré - 750g","p":0.67,"u":"0,89 €/KG","img":"https://fd9-photos.leclercdrive.fr/image.ashx?id=2790612&use=l&cat=p&typeid=i","cat":284457},{"id":8533,"n":"Flageolets verts Notre Jardin Extra Fins - 420g","p":1.72,"u":"4,10 €/KG","img":"https://fd9-photos.leclercdrive.fr/image.ashx?id=2371536&use=l&cat=p&typeid=i","cat":312606},{"id":8535,"n":"Olives noires Rustica Entières - 225g","p":0.99,"u":"4,40 €/KG","img":"https://fd9-photos.leclercdrive.fr/image.ashx?id=2499076&use=l&cat=p&typeid=i","cat":284458},{"id":8536,"n":"Savon mains en crème Manava Perles d'oranger - 300ml","p":1.25,"u":"4,17 €/L","img":"https://fd9-photos.leclercdrive.fr/image.ashx?id=2935480&use=l&cat=p&typeid=i","cat":284597},{"id":8538,"n":"100% Pur jus d'orange Jafaden  Avec pulpe - 1L","p":1.99,"u":"1,99 €/L","img":"https://fd9-photos.leclercdrive.fr/image.ashx?id=2520017&use=l&cat=p&typeid=i","cat":284521},{"id":8541,"n":"Nectar Jafaden Mangue - 1L","p":2.15,"u":"2,15 €/L","img":"https://fd9-photos.leclercdrive.fr/image.ashx?id=2955710&use=l&cat=p&typeid=i","cat":284916},{"id":8553,"n":"Sauce Barbecue AMORA 490g","p":1.87,"u":"3,82 €/KG","img":"https://fd9-photos.leclercdrive.fr/image.ashx?id=2877298&use=l&cat=p&typeid=i","cat":318431},{"id":8558,"n":"Savon L'Authentique Monsavon Lavant Antibactérien - 6x100g","p":3.88,"u":"6,47 €/KG","img":"https://fd9-photos.leclercdrive.fr/image.ashx?id=2881332&use=l&cat=p&typeid=i","cat":284597},{"id":8559,"n":"Biscuits Bjorg Fourrés Chocolat noir bio 225g","p":2.91,"u":"12,93 €/KG","img":"https://fd9-photos.leclercdrive.fr/image.ashx?id=2970912&use=l&cat=p&typeid=i","cat":284488},{"id":8564,"n":"Pâtes Barilla  Linguine - 500g","p":1.08,"u":"2,16 €/KG","img":"https://fd9-photos.leclercdrive.fr/image.ashx?id=3004444&use=l&cat=p&typeid=i","cat":284427},{"id":8566,"n":"Chocolat noir Bio Village Bio -Dégustation 74% cacao 100g","p":1.59,"u":"15,90 €/KG","img":"https://fd9-photos.leclercdrive.fr/image.ashx?id=2045623&use=l&cat=p&typeid=i","cat":284956},{"id":8572,"n":"Tablette chocolat Côte d'Or Chocolat au lait - 200g","p":2.74,"u":"13,70 €/KG","img":"https://fd9-photos.leclercdrive.fr/image.ashx?id=2944362&use=l&cat=p&typeid=i","cat":284497},{"id":8576,"n":"Pâtes Barilla Torsades - 500g","p":0.96,"u":"1,92 €/KG","img":"https://fd9-photos.leclercdrive.fr/image.ashx?id=2392224&use=l&cat=p&typeid=i","cat":284427},{"id":8603,"n":"Cocktail Punch Old Nick Planteur 16%vol - 70cl","p":5.68,"u":"8,11 €/L","img":"https://fd9-photos.leclercdrive.fr/image.ashx?id=2999207&use=l&cat=p&typeid=i","cat":284551},{"id":8642,"n":"Dentifrice Dentamyl Anti-tartre 75ml","p":0.74,"u":"9,87 €/L","img":"https://fd9-photos.leclercdrive.fr/image.ashx?id=2489098&use=l&cat=p&typeid=i","cat":284612},{"id":8643,"n":"Amandes en poudre Tablier Blanc 125g","p":1.56,"u":"12,48 €/KG","img":"https://fd9-photos.leclercdrive.fr/image.ashx?id=2460577&use=l&cat=p&typeid=i","cat":284504},{"id":8645,"n":"Pepites de chocolat Tablier Blanc - 100g","p":1.43,"u":"14,30 €/KG","img":"https://fd9-photos.leclercdrive.fr/image.ashx?id=2723138&use=l&cat=p&typeid=i","cat":284504},{"id":8646,"n":"Noix de Coco Râpée  Tablier Blanc - 125g","p":1.41,"u":"11,28 €/KG","img":"https://fd9-photos.leclercdrive.fr/image.ashx?id=2460583&use=l&cat=p&typeid=i","cat":284504},{"id":8647,"n":"Gélatine alimentaire Tablier 9 feuilles - 17g","p":1.07,"u":"62,94 €/KG","img":"https://fd9-photos.leclercdrive.fr/image.ashx?id=2487446&use=l&cat=p&typeid=i","cat":284504},{"id":8648,"n":"Amandes effilées Tablier Blanc 125g","p":1.9,"u":"15,20 €/KG","img":"https://fd9-photos.leclercdrive.fr/image.ashx?id=2460586&use=l&cat=p&typeid=i","cat":284504},{"id":8649,"n":"Raisins Secs Tablier Blanc 250g","p":1.98,"u":"7,92 €/KG","img":"https://fd9-photos.leclercdrive.fr/image.ashx?id=2460589&use=l&cat=p&typeid=i","cat":284504},{"id":8650,"n":"Arôme fleur d'Oranger Tablier Blanc - 200ml","p":1.24,"u":"6,20 €/L","img":"https://fd9-photos.leclercdrive.fr/image.ashx?id=2487449&use=l&cat=p&typeid=i","cat":284504},{"id":8651,"n":"Arôme naturel de vanille Tablier Blanc 20ml","p":1.15,"u":"57,50 €/L","img":"https://fd9-photos.leclercdrive.fr/image.ashx?id=2487452&use=l&cat=p&typeid=i","cat":284504},{"id":8672,"n":"Nappage Tablier Blanc Caramel - 210g","p":1.25,"u":"5,95 €/KG","img":"https://fd9-photos.leclercdrive.fr/image.ashx?id=2487455&use=l&cat=p&typeid=i","cat":284504},{"id":8674,"n":"Sucre Tablier Blanc Spécial confiture - 1kg","p":1.92,"u":"1,92 €/KG","img":"https://fd9-photos.leclercdrive.fr/image.ashx?id=3010416&use=l&cat=p&typeid=i","cat":284502},{"id":8675,"n":"Sucre Tablier Blanc 100 dosettes - 500g","p":2.31,"u":"4,62 €/KG","img":"https://fd9-photos.leclercdrive.fr/image.ashx?id=2115869&use=l&cat=p&typeid=i","cat":284502},{"id":8679,"n":"Truite fumée d'Aquitaine NRT x4 - 120g","p":5.26,"u":"43,83 €/KG","img":"https://fd9-photos.leclercdrive.fr/image.ashx?id=2663836&use=l&cat=p&typeid=i","cat":285188},{"id":8681,"n":"Quenelles au Brochet Nos Régions ont du Talent 4x80g","p":3.64,"u":"11,38 €/KG","img":"https://fd9-photos.leclercdrive.fr/image.ashx?id=2861905&use=l&cat=p&typeid=i","cat":333682},{"id":8682,"n":"Quenelles nature NRT - 4x80g","p":3.0,"u":"9,38 €/KG","img":"https://fd9-photos.leclercdrive.fr/image.ashx?id=2657283&use=l&cat=p&typeid=i","cat":333682},{"id":8683,"n":"Saucisson sec d'Ardèche IGP NRT - 280g","p":5.0,"u":"17,86 €/KG","img":"https://fd9-photos.leclercdrive.fr/image.ashx?id=2753502&use=l&cat=p&typeid=i","cat":316006},{"id":8684,"n":"Saucisse sèche d'Ardèche IGP Nos Régions ont du Talent 250g","p":5.19,"u":"20,76 €/KG","img":"https://fd9-photos.leclercdrive.fr/image.ashx?id=2753505&use=l&cat=p&typeid=i","cat":316006},{"id":8698,"n":"Assiette soir bébé bio Babybio Légumes riz - 12 mois - 230g","p":2.23,"u":"9,70 €/KG","img":"https://fd9-photos.leclercdrive.fr/image.ashx?id=2859356&use=l&cat=p&typeid=i","cat":312239},{"id":8735,"n":"Cake P'tit Déli Aux Fruits 400g","p":2.6,"u":"6,50 €/KG","img":"https://fd9-photos.leclercdrive.fr/image.ashx?id=2961671&use=l&cat=p&typeid=i","cat":284493},{"id":8745,"n":"Lait demi-écrémé Grandlait Bouteille - 6x1L","p":7.08,"u":"1,18 €/L","img":"https://fd9-photos.leclercdrive.fr/image.ashx?id=2914612&use=l&cat=p&typeid=i","cat":284377},{"id":8746,"n":"Sauce Beurre blanc Gastromer 200g","p":1.52,"u":"7,60 €/KG","img":"https://fd9-photos.leclercdrive.fr/image.ashx?id=2504653&use=l&cat=p&typeid=i","cat":284382},{"id":8754,"n":"Sacs congélation Elembal Moyen Zip 20 Sacs","p":1.49,"u":"0,07 €/P","img":"https://fd9-photos.leclercdrive.fr/image.ashx?id=2125434&use=l&cat=p&typeid=i","cat":334134},{"id":8804,"n":"Brownie P'tit Déli Chocolat pépites 285g","p":1.85,"u":"6,49 €/KG","img":"https://fd9-photos.leclercdrive.fr/image.ashx?id=2613702&use=l&cat=p&typeid=i","cat":294776},{"id":8809,"n":"Galettes Bretonnes P'tit Déli Pur beurre 2x125g","p":1.45,"u":"5,80 €/KG","img":"https://fd9-photos.leclercdrive.fr/image.ashx?id=2847961&use=l&cat=p&typeid=i","cat":284487},{"id":8815,"n":"Crêpes dentelle Gavottes Chocolat au lait - 90g","p":1.92,"u":"21,33 €/KG","img":"https://fd9-photos.leclercdrive.fr/image.ashx?id=2582843&use=l&cat=p&typeid=i","cat":284490},{"id":8831,"n":"Nouille Alsacienne Lustucru 250g","p":0.94,"u":"3,76 €/KG","img":"https://fd9-photos.leclercdrive.fr/image.ashx?id=2503942&use=l&cat=p&typeid=i","cat":284427},{"id":8842,"n":"Couscous poulet bœuf Garbit - 980g","p":4.38,"u":"4,47 €/KG","img":"https://fd9-photos.leclercdrive.fr/image.ashx?id=2677930&use=l&cat=p&typeid=i","cat":325094},{"id":8855,"n":"Sauce Champignons Turini 420g","p":1.15,"u":"2,74 €/KG","img":"https://fd9-photos.leclercdrive.fr/image.ashx?id=2494189&use=l&cat=p&typeid=i","cat":287599},{"id":8857,"n":"Café soluble Plantation Qualité filtre - x25 - 50g","p":2.09,"u":"41,80 €/KG","img":"https://fd9-photos.leclercdrive.fr/image.ashx?id=2834278&use=l&cat=p&typeid=i","cat":284843},{"id":8858,"n":"Café Soluble Plantation Décaféiné - x25 - 50g","p":2.28,"u":"45,60 €/KG","img":"https://fd9-photos.leclercdrive.fr/image.ashx?id=2834281&use=l&cat=p&typeid=i","cat":284843},{"id":8864,"n":"Pain de Mie Epi d'or - Nature Longue Conservation - 280g","p":0.74,"u":"2,64 €/KG","img":"https://fd9-photos.leclercdrive.fr/image.ashx?id=2993564&use=l&cat=p&typeid=i","cat":284477},{"id":8865,"n":"Toasts Brioches Epi D'Or x13 - 125g","p":0.94,"u":"7,52 €/KG","img":"https://fd9-photos.leclercdrive.fr/image.ashx?id=584946&use=l&cat=p&typeid=i","cat":284479},{"id":8869,"n":"Riz complet Comptoir du Grain 10min - 500g","p":1.49,"u":"2,98 €/KG","img":"https://fd9-photos.leclercdrive.fr/image.ashx?id=2211296&use=l&cat=p&typeid=i","cat":284428},{"id":8870,"n":"Dés fromage Herbes de Provence Poivrons Les Croisés - 300g","p":2.11,"u":"7,03 €/KG","img":"https://fd9-photos.leclercdrive.fr/image.ashx?id=776166&use=l&cat=p&typeid=i","cat":314027},{"id":8891,"n":"Soda Jean's Cola Bouteille - 6x1,5L","p":6.52,"u":"0,72 €/L","img":"https://fd9-photos.leclercdrive.fr/image.ashx?id=2166567&use=l&cat=p&typeid=i","cat":284530},{"id":8912,"n":"Préparation fraises NRT Sud-Ouest - 315g","p":2.64,"u":"8,38 €/KG","img":"https://fd9-photos.leclercdrive.fr/image.ashx?id=2059980&use=l&cat=p&typeid=i","cat":284480},{"id":8926,"n":"Fromage Emmental Paysan Berton Râpé lait pasteurisé 150g","p":1.73,"u":"11,53 €/KG","img":"https://fd9-photos.leclercdrive.fr/image.ashx?id=2975296&use=l&cat=p&typeid=i","cat":314035},{"id":8963,"n":"Fromage à tartiner Madame Loïk Fouetté Ech. Ciboulette - 150g","p":1.66,"u":"11,07 €/KG","img":"https://fd9-photos.leclercdrive.fr/image.ashx?id=2986356&use=l&cat=p&typeid=i","cat":314029},{"id":8966,"n":"Biscuits chien Pedigree Biscrok - 500g","p":1.58,"u":"3,16 €/KG","img":"https://fd9-photos.leclercdrive.fr/image.ashx?id=2983456&use=l&cat=p&typeid=i","cat":294527},{"id":8968,"n":"Chocolat poudre Banania 400g","p":2.71,"u":"6,78 €/KG","img":"https://fd9-photos.leclercdrive.fr/image.ashx?id=2225276&use=l&cat=p&typeid=i","cat":293235},{"id":8970,"n":"Riz long blanc de Camargue NRT 500g","p":1.59,"u":"3,18 €/KG","img":"https://fd9-photos.leclercdrive.fr/image.ashx?id=985061&use=l&cat=p&typeid=i","cat":284428},{"id":8972,"n":"Levure boulangère Tablier Blanc x6 - 30g","p":0.69,"u":"23,00 €/KG","img":"https://fd9-photos.leclercdrive.fr/image.ashx?id=2487440&use=l&cat=p&typeid=i","cat":294686},{"id":8977,"n":"Cacahuètes  Benenuts Grillées à sec - 200g","p":1.57,"u":"7,85 €/KG","img":"https://fd9-photos.leclercdrive.fr/image.ashx?id=2389616&use=l&cat=p&typeid=i","cat":284448},{"id":8985,"n":"Soupe Poule au Pot Knorr Déshydratée - 1L","p":0.96,"u":"0,96 €/L","img":"https://fd9-photos.leclercdrive.fr/image.ashx?id=2826471&use=l&cat=p&typeid=i","cat":284463},{"id":8987,"n":"Pâté Hénaff 156g","p":2.36,"u":"15,13 €/KG","img":"https://fd9-photos.leclercdrive.fr/image.ashx?id=2298361&use=l&cat=p&typeid=i","cat":305149},{"id":9010,"n":"Pain de Seigle 300g","p":1.4,"u":"4,67 €/KG","img":"https://fd9-photos.leclercdrive.fr/image.ashx?id=2062447&use=l&cat=p&typeid=i","cat":284359},{"id":9033,"n":"Fromage Entremont Dégustation 45%mg - 250g","p":2.77,"u":"11,08 €/KG","img":"https://fd9-photos.leclercdrive.fr/image.ashx?id=2983168&use=l&cat=p&typeid=i","cat":314034},{"id":9080,"n":"Fromage à Tartiner St Môret  Nature 9 Portions - 180g","p":2.04,"u":"11,33 €/KG","img":"https://fd9-photos.leclercdrive.fr/image.ashx?id=2763319&use=l&cat=p&typeid=i","cat":314029},{"id":9091,"n":"Sandwich XXL Daunat Poulet rôti - 230g","p":2.06,"u":"8,96 €/KG","img":"https://fd9-photos.leclercdrive.fr/image.ashx?id=2894260&use=l&cat=p&typeid=i","cat":333658},{"id":9110,"n":"Bûche de chèvre allégée Soignon Lait pasteurisé 29%mg - 180g","p":2.14,"u":"11,89 €/KG","img":"https://fd9-photos.leclercdrive.fr/image.ashx?id=2886987&use=l&cat=p&typeid=i","cat":314031},{"id":9123,"n":"Café soluble Plantation Café Au Lait Chicorée - 400g","p":3.59,"u":"8,98 €/KG","img":"https://fd9-photos.leclercdrive.fr/image.ashx?id=2834232&use=l&cat=p&typeid=i","cat":284843},{"id":9124,"n":"Croquettes chiens Lydog Senior - 3kg","p":5.18,"u":"1,73 €/KG","img":"https://fd9-photos.leclercdrive.fr/image.ashx?id=2047025&use=l&cat=p&typeid=i","cat":284672},{"id":9130,"n":"Mouchoirs blancs 2 plis Caresse Boîte mouchoirs en papier -x110","p":1.32,"u":"0,01 €/P","img":"https://fd9-photos.leclercdrive.fr/image.ashx?id=2390416&use=l&cat=p&typeid=i","cat":284638},{"id":9159,"n":"Sandwich  Côté Snack  Polaire Jambon Cheddar 135g","p":1.39,"u":"10,30 €/KG","img":"https://fd9-photos.leclercdrive.fr/image.ashx?id=2619710&use=l&cat=p&typeid=i","cat":333658},{"id":9161,"n":"Tarte aux poireaux Côté Table 2x130g","p":2.54,"u":"9,77 €/KG","img":"https://fd9-photos.leclercdrive.fr/image.ashx?id=2354707&use=l&cat=p&typeid=i","cat":333680},{"id":9164,"n":"Crevettes natures Pêche Océan 125g","p":3.99,"u":"31,92 €/KG","img":"https://fd9-photos.leclercdrive.fr/image.ashx?id=3005676&use=l&cat=p&typeid=i","cat":284343},{"id":9167,"n":"Fromage Edam Mimolette Les Croisés dés 150g","p":1.85,"u":"12,33 €/KG","img":"https://fd9-photos.leclercdrive.fr/image.ashx?id=2365472&use=l&cat=p&typeid=i","cat":314027},{"id":9170,"n":"Spaetzles d'Alsace NRT 250g","p":1.39,"u":"5,56 €/KG","img":"https://fd9-photos.leclercdrive.fr/image.ashx?id=2839962&use=l&cat=p&typeid=i","cat":284427},{"id":9171,"n":"Sablés aux Pommes NRT - 150g","p":1.99,"u":"13,27 €/KG","img":"https://fd9-photos.leclercdrive.fr/image.ashx?id=2856615&use=l&cat=p&typeid=i","cat":284487},{"id":9173,"n":"Ravioles Label Rouge NRT Dauphiné - 240g","p":2.99,"u":"12,46 €/KG","img":"https://fd9-photos.leclercdrive.fr/image.ashx?id=2704894&use=l&cat=p&typeid=i","cat":333682},{"id":9181,"n":"Chinois La Fournée Dorée Crème pâtissière - 600g","p":2.75,"u":"4,58 €/KG","img":"https://fd9-photos.leclercdrive.fr/image.ashx?id=2342090&use=l&cat=p&typeid=i","cat":293600},{"id":9183,"n":"Boules soufflées Tokapi Tomate - 42g","p":0.57,"u":"13,57 €/KG","img":"https://fd9-photos.leclercdrive.fr/image.ashx?id=2898832&use=l&cat=p&typeid=i","cat":284449},{"id":9223,"n":"Pâtes Capellini Turini 500g","p":0.85,"u":"1,70 €/KG","img":"https://fd9-photos.leclercdrive.fr/image.ashx?id=2607482&use=l&cat=p&typeid=i","cat":284427},{"id":9246,"n":"Avocat Bio Bio Village En barquette x2","p":3.59,"u":"1,80 €/P","img":"https://fd9-photos.leclercdrive.fr/image.ashx?id=2551984&use=l&cat=p&typeid=i","cat":284352},{"id":9257,"n":"Après Rasage Skin Bracer Mennen 125ml","p":4.02,"u":"32,16 €/L","img":"https://fd9-photos.leclercdrive.fr/image.ashx?id=2503848&use=l&cat=p&typeid=i","cat":288147},{"id":9262,"n":"Matière grasse Rustica Tournesol -60%MG -Doux -500G","p":1.53,"u":"3,06 €/KG","img":"https://fd9-photos.leclercdrive.fr/image.ashx?id=1071108&use=l&cat=p&typeid=i","cat":315229},{"id":9265,"n":"Pêche poire ananas  Douceur du verger - 4x70g","p":2.59,"u":"9,25 €/KG","img":"https://fd9-photos.leclercdrive.fr/image.ashx?id=2349100&use=l&cat=p&typeid=i","cat":284507},{"id":9266,"n":"Ananas papaye mangue DDV Sirop léger - 4x70g","p":2.75,"u":"9,82 €/KG","img":"https://fd9-photos.leclercdrive.fr/image.ashx?id=2100775&use=l&cat=p&typeid=i","cat":284507},{"id":9276,"n":"Biscuits Sprits P'tit Déli Chocolat au lait - 150g","p":1.09,"u":"7,27 €/KG","img":"https://fd9-photos.leclercdrive.fr/image.ashx?id=1073695&use=l&cat=p&typeid=i","cat":284488},{"id":9322,"n":"Tartelette Choco Caramel St Michel Bonne Maman 135g","p":1.32,"u":"9,78 €/KG","img":"https://fd9-photos.leclercdrive.fr/image.ashx?id=2949931&use=l&cat=p&typeid=i","cat":284488},{"id":9435,"n":"AOP Champagne Mercier  Brut - 75cl","p":24.9,"u":"33,20 €/L","img":"https://fd9-photos.leclercdrive.fr/image.ashx?id=1867174&use=l&cat=p&typeid=i","cat":284542},{"id":9560,"n":"Feutres de coloriage Bic  KIds - x12","p":2.27,"u":"0,19 €/P","img":"https://fd9-photos.leclercdrive.fr/image.ashx?id=2859338&use=l&cat=p&typeid=i","cat":284696},{"id":9593,"n":"AOP Côtes du Rhône vin rouge Combes Saint Sauveur 75cl","p":4.16,"u":"5,55 €/L","img":"https://fd9-photos.leclercdrive.fr/image.ashx?id=2755414&use=l&cat=p&typeid=i","cat":289556},{"id":9598,"n":"Nuggets Le Gaulois Extra croustillant x10 - 200g","p":2.16,"u":"10,80 €/KG","img":"https://fd9-photos.leclercdrive.fr/image.ashx?id=2645531&use=l&cat=p&typeid=i","cat":333684},{"id":9609,"n":"Calculatrice poche Esquisse Multicoloris","p":2.99,"u":"Dont 0,13 € d'éco-part.","img":"https://fd9-photos.leclercdrive.fr/image.ashx?id=2943226&use=l&cat=p&typeid=i","cat":334133},{"id":9632,"n":"IGP Pays d'Oc rouge Les Ormes De Cambras 12.5% vol - 75cl","p":2.7,"u":"3,60 €/L","img":"https://fd9-photos.leclercdrive.fr/image.ashx?id=2445121&use=l&cat=p&typeid=i","cat":289556},{"id":9634,"n":"Scotch Whisky Baird's 40%vol - 1L","p":15.49,"u":"15,49 €/L","img":"https://fd9-photos.leclercdrive.fr/image.ashx?id=2907168&use=l&cat=p&typeid=i","cat":284547},{"id":9635,"n":"Rhum blanc Charrette 49%vol - 1L","p":15.93,"u":"15,93 €/L","img":"https://fd9-photos.leclercdrive.fr/image.ashx?id=1946417&use=l&cat=p&typeid=i","cat":284550},{"id":9638,"n":"AOC Rhum agricole blanc Dillon Martinique 55%vol - 1L","p":18.79,"u":"18,79 €/L","img":"https://fd9-photos.leclercdrive.fr/image.ashx?id=2650946&use=l&cat=p&typeid=i","cat":284550},{"id":9641,"n":"Whisky Ballantine's Finest Blended Scotch 40% vol - 1L","p":20.95,"pp":19.45,"u":"19,45 €/L","img":"https://fd9-photos.leclercdrive.fr/image.ashx?id=2816964&use=l&cat=p&typeid=i","cat":284547},{"id":9676,"n":"Bâton de colle Uhu stic 2x8.2g","p":2.6,"u":"162,50 €/KG","img":"https://fd9-photos.leclercdrive.fr/image.ashx?id=2901058&use=l&cat=p&typeid=i","cat":334133},{"id":9689,"n":"Muffin complet Epi d'Or x4 - 250g","p":1.7,"u":"6,80 €/KG","img":"https://fd9-photos.leclercdrive.fr/image.ashx?id=1764027&use=l&cat=p&typeid=i","cat":284985},{"id":9690,"n":"Carré à Langer Mots d'Enfants Jetables x10","p":4.1,"u":"0,41 €/P","img":"https://fd9-photos.leclercdrive.fr/image.ashx?id=3014191&use=l&cat=p&typeid=i","cat":284737},{"id":9700,"n":"Serviette incontinence Chorys Extra plus - x16","p":4.99,"u":"0,31 €/P","img":"https://fd9-photos.leclercdrive.fr/image.ashx?id=2691171&use=l&cat=p&typeid=i","cat":284628},{"id":9708,"n":"Crème aux oeufs Délisse Vanille - 4x100g","p":1.49,"u":"3,73 €/KG","img":"https://fd9-photos.leclercdrive.fr/image.ashx?id=1956631&use=l&cat=p&typeid=i","cat":284419},{"id":9709,"n":"Mini brownies P'tit Déli Chocolat pépites x8 - 240g","p":1.49,"u":"6,21 €/KG","img":"https://fd9-photos.leclercdrive.fr/image.ashx?id=2040604&use=l&cat=p&typeid=i","cat":294776},{"id":9864,"n":"Alcool à brûler Mieuxa 90° - 1L","p":3.77,"u":"3,77 €/L","img":"https://fd9-photos.leclercdrive.fr/image.ashx?id=2446020&use=l&cat=p&typeid=i","cat":300576},{"id":9894,"n":"Moutarde de Bourgogne IGP NRT 200g","p":1.5,"u":"7,50 €/KG","img":"https://fd9-photos.leclercdrive.fr/image.ashx?id=2644918&use=l&cat=p&typeid=i","cat":288850},{"id":9898,"n":"Culotte absorbante Chorys Taille L - x10","p":6.99,"u":"0,70 €/P","img":"https://fd9-photos.leclercdrive.fr/image.ashx?id=2623004&use=l&cat=p&typeid=i","cat":284628},{"id":9899,"n":"Culotte absorbante Chorys Taille M - Plus - x12","p":7.99,"u":"0,67 €/P","img":"https://fd9-photos.leclercdrive.fr/image.ashx?id=2158197&use=l&cat=p&typeid=i","cat":284628},{"id":9915,"n":"Oignons émincés Notre Jardin 1kg","p":1.75,"u":"1,75 €/KG","img":"https://fd9-photos.leclercdrive.fr/image.ashx?id=2873114&use=l&cat=p&typeid=i","cat":319805},{"id":9917,"n":"Whisky J&B Rare 40%vol - 1L","p":21.18,"u":"21,18 €/L","img":"https://fd9-photos.leclercdrive.fr/image.ashx?id=2497638&use=l&cat=p&typeid=i","cat":284547},{"id":9920,"n":"Riz rond blanc de Camargue NRT 500g","p":1.79,"u":"3,58 €/KG","img":"https://fd9-photos.leclercdrive.fr/image.ashx?id=985752&use=l&cat=p&typeid=i","cat":284428},{"id":9933,"n":"Mouchoirs blancs 4 plis Caresse Mouchoirs papier - 24 étuis","p":2.51,"u":"0,10 €/P","img":"https://fd9-photos.leclercdrive.fr/image.ashx?id=2870017&use=l&cat=p&typeid=i","cat":284638},{"id":9937,"n":"Eau de source de Montagne Bouchon sport - 12x33cl","p":2.89,"u":"0,73 €/L","img":"https://fd9-photos.leclercdrive.fr/image.ashx?id=2727620&use=l&cat=p&typeid=i","cat":284535},{"id":10054,"n":"KoverBook Clairefontaine - 96 p Grands carreaux - 17x22cm","p":1.97,"img":"https://fd9-photos.leclercdrive.fr/image.ashx?id=1642325&use=l&cat=p&typeid=i","cat":284697},{"id":10055,"n":"KoverBook Clairefontaine - 96p Grands carreaux - 21x29.7cm","p":2.97,"img":"https://fd9-photos.leclercdrive.fr/image.ashx?id=1641830&use=l&cat=p&typeid=i","cat":284697},{"id":10069,"n":"Gâteaux moelleux Pépito  Pépites de chocolat - 150g","p":1.21,"u":"8,07 €/KG","img":"https://fd9-photos.leclercdrive.fr/image.ashx?id=2374396&use=l&cat=p&typeid=i","cat":284495},{"id":10073,"n":"Tablette chocolat Bio Village Bio Chocolat au lait - 100g","p":1.89,"u":"18,90 €/KG","img":"https://fd9-photos.leclercdrive.fr/image.ashx?id=1957003&use=l&cat=p&typeid=i","cat":284497},{"id":10074,"n":"Tablette de chocolat Equador Noir et menthe 100g","p":1.19,"u":"11,90 €/KG","img":"https://fd9-photos.leclercdrive.fr/image.ashx?id=2368527&use=l&cat=p&typeid=i","cat":284956},{"id":10075,"n":"Tablette de chocolat Equador Amandes éffilées orange 100g","p":1.73,"u":"17,30 €/KG","img":"https://fd9-photos.leclercdrive.fr/image.ashx?id=2368524&use=l&cat=p&typeid=i","cat":284956},{"id":10076,"n":"Tablette chocolat Equador Noir framboise 100g","p":1.82,"u":"18,20 €/KG","img":"https://fd9-photos.leclercdrive.fr/image.ashx?id=2834290&use=l&cat=p&typeid=i","cat":284956},{"id":10086,"n":"Fondants Autour du Dessert Chocolat x2 - 180g","p":1.99,"u":"11,06 €/KG","img":"https://fd9-photos.leclercdrive.fr/image.ashx?id=2886540&use=l&cat=p&typeid=i","cat":284267},{"id":10091,"n":"Filets maquereaux Pêche Océan Tomate basilic - 169g","p":1.46,"u":"8,64 €/KG","img":"https://fd9-photos.leclercdrive.fr/image.ashx?id=2394657&use=l&cat=p&typeid=i","cat":303868},{"id":10092,"n":"Palets de légumes Notre Jardin Courgettes Carottes - x8 300g","p":1.74,"u":"5,80 €/KG","img":"https://fd9-photos.leclercdrive.fr/image.ashx?id=2878711&use=l&cat=p&typeid=i","cat":319802},{"id":10093,"n":"Palets légumes Notre Jardin Poireaux Carottes - x8 300g","p":1.99,"u":"6,63 €/KG","img":"https://fd9-photos.leclercdrive.fr/image.ashx?id=2878708&use=l&cat=p&typeid=i","cat":319802},{"id":10114,"n":"Essuie-tout Uni Vert Compact Ecologique - x2","p":2.7,"u":"1,35 €/P","img":"https://fd9-photos.leclercdrive.fr/image.ashx?id=1957078&use=l&cat=p&typeid=i","cat":284635},{"id":10122,"n":"Mini gratins Côté Table Aux 3 légumes - x4 480g","p":3.12,"u":"6,50 €/KG","img":"https://fd9-photos.leclercdrive.fr/image.ashx?id=2074419&use=l&cat=p&typeid=i","cat":319802},{"id":10124,"n":"Bâtonnets poulet Pic'Express x18 400g","p":5.13,"u":"12,83 €/KG","img":"https://fd9-photos.leclercdrive.fr/image.ashx?id=2054954&use=l&cat=p&typeid=i","cat":319780},{"id":10125,"n":"Rösti Pom'Lisse 600g","p":1.39,"u":"2,32 €/KG","img":"https://fd9-photos.leclercdrive.fr/image.ashx?id=2704648&use=l&cat=p&typeid=i","cat":319792},{"id":10154,"n":"Boules pralinées Jacquot Chocolat lait - 1kg","p":9.37,"u":"9,37 €/KG","img":"https://fd9-photos.leclercdrive.fr/image.ashx?id=2303300&use=l&cat=p&typeid=i","cat":327595},{"id":10163,"n":"Palets légumes Notre Jardin Choux-fleurs Brocolis - x8 300g","p":2.1,"u":"7,00 €/KG","img":"https://fd9-photos.leclercdrive.fr/image.ashx?id=2878714&use=l&cat=p&typeid=i","cat":319802},{"id":10192,"n":"Olives Vertes Tramier  Dénoyautées 160g","p":1.73,"u":"10,81 €/KG","img":"https://fd9-photos.leclercdrive.fr/image.ashx?id=2363829&use=l&cat=p&typeid=i","cat":284458},{"id":10211,"n":"Pâtes Nouilles Turini 1kg","p":1.35,"u":"1,35 €/KG","img":"https://fd9-photos.leclercdrive.fr/image.ashx?id=2980761&use=l&cat=p&typeid=i","cat":284427},{"id":10215,"n":"Sauce Basquaise Rustica Aux 2 poivrons - 400g","p":1.29,"u":"3,23 €/KG","img":"https://fd9-photos.leclercdrive.fr/image.ashx?id=2887398&use=l&cat=p&typeid=i","cat":287599},{"id":10216,"n":"Sauce Aigre Douce Rustica Légumes croquants - 400g","p":1.28,"u":"3,20 €/KG","img":"https://fd9-photos.leclercdrive.fr/image.ashx?id=2887401&use=l&cat=p&typeid=i","cat":287599},{"id":10217,"n":"Sauce Curry Rustica Légumes et lait de coco - 400g","p":1.31,"u":"3,28 €/KG","img":"https://fd9-photos.leclercdrive.fr/image.ashx?id=2887404&use=l&cat=p&typeid=i","cat":287599},{"id":10220,"n":"Tampons Doulys Compact Normal - x20","p":2.24,"u":"0,11 €/P","img":"https://fd9-photos.leclercdrive.fr/image.ashx?id=2965464&use=l&cat=p&typeid=i","cat":284626},{"id":10223,"n":"Framboises entières  Douceur du Verger 1kg","p":9.61,"u":"9,61 €/KG","img":"https://fd9-photos.leclercdrive.fr/image.ashx?id=2620881&use=l&cat=p&typeid=i","cat":284268},{"id":10227,"n":"Mini gratins Côté Table Dauphinois - x4 480g","p":2.99,"u":"6,23 €/KG","img":"https://fd9-photos.leclercdrive.fr/image.ashx?id=2627640&use=l&cat=p&typeid=i","cat":319802},{"id":10231,"n":"Confiture Douceur du verger Framboises - Allégée - 340g","p":1.24,"u":"3,65 €/KG","img":"https://fd9-photos.leclercdrive.fr/image.ashx?id=2965473&use=l&cat=p&typeid=i","cat":284480},{"id":10244,"n":"Thon entier Pêche Océan Naturel - 280g","p":3.72,"u":"13,29 €/KG","img":"https://fd9-photos.leclercdrive.fr/image.ashx?id=2941414&use=l&cat=p&typeid=i","cat":303867},{"id":10344,"n":"Petit Beurre Pocket P'ti Déli 3x12 sachets 300g","p":1.68,"u":"5,60 €/KG","img":"https://fd9-photos.leclercdrive.fr/image.ashx?id=1965518&use=l&cat=p&typeid=i","cat":284487},{"id":10346,"n":"Vinaigrette allégée Rustica Balsamique huile d'olive - 50cl","p":2.49,"u":"4,98 €/L","img":"https://fd9-photos.leclercdrive.fr/image.ashx?id=1972913&use=l&cat=p&typeid=i","cat":284456},{"id":10348,"n":"Huile de noix Rustica 50cl","p":4.68,"u":"9,36 €/L","img":"https://fd9-photos.leclercdrive.fr/image.ashx?id=2523703&use=l&cat=p&typeid=i","cat":284453},{"id":10351,"n":"Sacs à couche Mots d'Enfant Parfumés - x50","p":1.6,"u":"0,03 €/P","img":"https://fd9-photos.leclercdrive.fr/image.ashx?id=1886564&use=l&cat=p&typeid=i","cat":284737},{"id":10356,"n":"Bloc bureau Esquisse - 80 pages Seyes - 21x31.5cm","p":2.79,"img":"https://fd9-photos.leclercdrive.fr/image.ashx?id=2943187&use=l&cat=p&typeid=i","cat":284697},{"id":10360,"n":"Taille-crayon métal Esquisse 2 trous","p":0.7,"img":"https://fd9-photos.leclercdrive.fr/image.ashx?id=1678709&use=l&cat=p&typeid=i","cat":334133},{"id":10382,"n":"Choucroute Royale Côté Table 400g","p":1.99,"u":"4,98 €/KG","img":"https://fd9-photos.leclercdrive.fr/image.ashx?id=2977147&use=l&cat=p&typeid=i","cat":284441},{"id":10398,"n":"Biscuit apéritif ancel Bretzels Maxi - 200g","p":0.8,"u":"4,00 €/KG","img":"https://fd9-photos.leclercdrive.fr/image.ashx?id=2991813&use=l&cat=p&typeid=i","cat":297000},{"id":10405,"n":"Steak tartare 5%mg Charal Viande bovine - 250g","p":5.5,"u":"22,00 €/KG","img":"https://fd9-photos.leclercdrive.fr/image.ashx?id=2731741&use=l&cat=p&typeid=i","cat":284332},{"id":10408,"n":"Boisson végétale Riz nature Bjorg Bio - 1L","p":2.0,"u":"2,00 €/L","img":"https://fd9-photos.leclercdrive.fr/image.ashx?id=2970915&use=l&cat=p&typeid=i","cat":316067},{"id":10417,"n":"AOP Fitou rouge Réserve Saint Esteve - 75cl","p":3.99,"pp":2.79,"u":"3,72 €/L","img":"https://fd9-photos.leclercdrive.fr/image.ashx?id=2407295&use=l&cat=p&typeid=i","cat":289556},{"id":10465,"n":"Adoucissant Hyperdou Pure caresse - 3x250ml","p":1.19,"u":"1,59 €/L","img":"https://fd9-photos.leclercdrive.fr/image.ashx?id=2809078&use=l&cat=p&typeid=i","cat":284650},{"id":10527,"n":"Pommes Rissolées McCain  1kg","p":2.57,"u":"2,57 €/KG","img":"https://fd9-photos.leclercdrive.fr/image.ashx?id=2911309&use=l&cat=p&typeid=i","cat":319792},{"id":10591,"n":"Spray vitrocéramique Clair 500ml","p":3.42,"u":"6,84 €/L","img":"https://fd9-photos.leclercdrive.fr/image.ashx?id=2049052&use=l&cat=p&typeid=i","cat":325363},{"id":10634,"n":"Poulet Label Rouge Noir  IGP Volailles du Maine  1,25kg","p":10.55,"u":"8,44 €/KG","img":"https://fd9-photos.leclercdrive.fr/image.ashx?id=2370200&use=l&cat=p&typeid=i","cat":284336},{"id":10637,"n":"Crème entière Délisse Fluide - 30% MG - 2x25cl","p":2.72,"u":"5,44 €/L","img":"https://fd9-photos.leclercdrive.fr/image.ashx?id=1734547&use=l&cat=p&typeid=i","cat":284381},{"id":10638,"n":"Crème légère fluide UHT Délisse 12%mg - 2x25cl","p":2.36,"u":"4,72 €/L","img":"https://fd9-photos.leclercdrive.fr/image.ashx?id=1732042&use=l&cat=p&typeid=i","cat":284381},{"id":10641,"n":"Yaourts lait entier nature Bio Bio village - 4x125g","p":0.95,"u":"1,90 €/KG","img":"https://fd9-photos.leclercdrive.fr/image.ashx?id=2077421&use=l&cat=p&typeid=i","cat":284409},{"id":10655,"n":"IGP Pays d'Oc rouge Cabernet Sauvignon 12.5% vol - 75cl","p":2.64,"u":"3,52 €/L","img":"https://fd9-photos.leclercdrive.fr/image.ashx?id=2189904&use=l&cat=p&typeid=i","cat":289556},{"id":10658,"n":"Beurre gastronomique Président Doux - 82% MG - 125g","p":1.72,"u":"13,76 €/KG","img":"https://fd9-photos.leclercdrive.fr/image.ashx?id=2740592&use=l&cat=p&typeid=i","cat":284379},{"id":10690,"n":"Poêlée côté sud Paysan Breton 750g","p":3.66,"u":"4,88 €/KG","img":"https://fd9-photos.leclercdrive.fr/image.ashx?id=2882397&use=l&cat=p&typeid=i","cat":319823},{"id":10703,"n":"Thon blanc entier Connétable Huile d'olive - 160g","p":3.0,"u":"18,75 €/KG","img":"https://fd9-photos.leclercdrive.fr/image.ashx?id=2910127&use=l&cat=p&typeid=i","cat":303867},{"id":10713,"n":"Rillettes maquereaux moutarde Les Mouettes d'Arvor - 125g","p":3.09,"u":"24,72 €/KG","img":"https://fd9-photos.leclercdrive.fr/image.ashx?id=1891147&use=l&cat=p&typeid=i","cat":303868},{"id":10714,"n":"Rillette saumon Mouette d'Arvor Citron Aneth - 125g","p":3.09,"u":"24,72 €/KG","img":"https://fd9-photos.leclercdrive.fr/image.ashx?id=1891153&use=l&cat=p&typeid=i","cat":305147},{"id":10718,"n":"AOC Côtes du Marmandais rouge La Vieille Eglise - 75cl","p":3.55,"u":"4,73 €/L","img":"https://fd9-photos.leclercdrive.fr/image.ashx?id=2734801&use=l&cat=p&typeid=i","cat":289556},{"id":10727,"n":"IGP Pays d'oc blanc Roche Mazet Sauvignon 12% vol - 75 cl","p":3.1,"u":"4,13 €/L","img":"https://fd9-photos.leclercdrive.fr/image.ashx?id=2342024&use=l&cat=p&typeid=i","cat":289557},{"id":10766,"n":"Pain d'épices P'tit Déli 350g","p":1.81,"u":"5,17 €/KG","img":"https://fd9-photos.leclercdrive.fr/image.ashx?id=1073701&use=l&cat=p&typeid=i","cat":284493},{"id":10767,"n":"Riz cantonais Comptoir du Grain Express 2 min - 250g","p":1.19,"u":"4,76 €/KG","img":"https://fd9-photos.leclercdrive.fr/image.ashx?id=2441198&use=l&cat=p&typeid=i","cat":287600},{"id":10781,"n":"Chair de tomate Notre Jardin Nature - 400g","p":1.99,"u":"4,98 €/KG","img":"https://fd9-photos.leclercdrive.fr/image.ashx?id=2590436&use=l&cat=p&typeid=i","cat":312608},{"id":10785,"n":"Mogette cuisinée NRT De Vendée - 820g","p":3.01,"u":"3,67 €/KG","img":"https://fd9-photos.leclercdrive.fr/image.ashx?id=2771384&use=l&cat=p&typeid=i","cat":312606},{"id":10787,"n":"Huile de colza Bio Village Bio - 75cl","p":3.79,"u":"5,05 €/L","img":"https://fd9-photos.leclercdrive.fr/image.ashx?id=1236382&use=l&cat=p&typeid=i","cat":284453},{"id":10788,"n":"Moutarde de Dijon Bio Village Bio - 200g","p":1.54,"u":"7,70 €/KG","img":"https://fd9-photos.leclercdrive.fr/image.ashx?id=2607954&use=l&cat=p&typeid=i","cat":288850},{"id":10795,"n":"Moutarde de Dijon NRT À l'ancienne - 200g","p":1.39,"u":"6,95 €/KG","img":"https://fd9-photos.leclercdrive.fr/image.ashx?id=2644921&use=l&cat=p&typeid=i","cat":288850},{"id":10796,"n":"Terrine Côté Table Sanglier cognac - 180g","p":2.99,"u":"16,61 €/KG","img":"https://fd9-photos.leclercdrive.fr/image.ashx?id=2519423&use=l&cat=p&typeid=i","cat":305149},{"id":10919,"n":"Crème dessert La Laitière Pot de crème choco noir- 4x100g","p":2.36,"u":"5,90 €/KG","img":"https://fd9-photos.leclercdrive.fr/image.ashx?id=2224049&use=l&cat=p&typeid=i","cat":285041},{"id":10927,"n":"Noix de cajou grilées Eco+ Salées - 125g","p":1.34,"u":"10,72 €/KG","img":"https://fd9-photos.leclercdrive.fr/image.ashx?id=2991112&use=l&cat=p&typeid=i","cat":284448},{"id":10928,"n":"Mélange Eco+ Graines et raisin - 200g","p":1.45,"u":"7,25 €/KG","img":"https://fd9-photos.leclercdrive.fr/image.ashx?id=2780713&use=l&cat=p&typeid=i","cat":284448},{"id":10930,"n":"Chocolat pâtissier Eco+ Spécial dessert 200g","p":1.59,"u":"7,95 €/KG","img":"https://fd9-photos.leclercdrive.fr/image.ashx?id=2793140&use=l&cat=p&typeid=i","cat":285562},{"id":10933,"n":"Huile olive Eco+ Extra vierge - 1L","p":6.67,"u":"6,67 €/L","img":"https://fd9-photos.leclercdrive.fr/image.ashx?id=3002500&use=l&cat=p&typeid=i","cat":284453},{"id":10938,"n":"Barquette chien Eco+ Au boeuf - 300g","p":0.52,"u":"1,73 €/KG","img":"https://fd9-photos.leclercdrive.fr/image.ashx?id=2052829&use=l&cat=p&typeid=i","cat":284673},{"id":10945,"n":"Boules de graisse Eco+ x6 - 540g","p":0.75,"u":"1,39 €/KG","img":"https://fd9-photos.leclercdrive.fr/image.ashx?id=2220275&use=l&cat=p&typeid=i","cat":284678},{"id":10956,"n":"Pain de campagne tranché   400g","p":1.2,"u":"3,00 €/KG","img":"https://fd9-photos.leclercdrive.fr/image.ashx?id=2062918&use=l&cat=p&typeid=i","cat":284359},{"id":10979,"n":"Haricots Verts Bonduelle Extra-fins 1kg","p":2.86,"u":"2,86 €/KG","img":"https://fd9-photos.leclercdrive.fr/image.ashx?id=2876152&use=l&cat=p&typeid=i","cat":319805},{"id":10994,"n":"Gâteaux P'tit Déli Pépites de chocolat 10x30g","p":1.89,"u":"6,30 €/KG","img":"https://fd9-photos.leclercdrive.fr/image.ashx?id=1947354&use=l&cat=p&typeid=i","cat":284495},{"id":11003,"n":"Compote Douceur du Verger Coupelle pomme poire - 4x100g","p":1.34,"u":"3,35 €/KG","img":"https://fd9-photos.leclercdrive.fr/image.ashx?id=2663488&use=l&cat=p&typeid=i","cat":284508},{"id":11024,"n":"Mayonnaise Rustica A la moutarde de Dijon - 175g","p":0.66,"u":"3,77 €/KG","img":"https://fd9-photos.leclercdrive.fr/image.ashx?id=2175462&use=l&cat=p&typeid=i","cat":298295},{"id":11033,"n":"Compote Douceur du Verger Gourdes pomme - 4x90g","p":0.99,"u":"2,75 €/KG","img":"https://fd9-photos.leclercdrive.fr/image.ashx?id=2837042&use=l&cat=p&typeid=i","cat":284508},{"id":11034,"n":"Terrine de campagne Côté Table Porc confit - 2x180g","p":2.79,"u":"7,75 €/KG","img":"https://fd9-photos.leclercdrive.fr/image.ashx?id=2519426&use=l&cat=p&typeid=i","cat":305149},{"id":11037,"n":"Sauce tomate Italienne Zapetti - 3x190g","p":3.38,"u":"5,93 €/KG","img":"https://fd9-photos.leclercdrive.fr/image.ashx?id=2579975&use=l&cat=p&typeid=i","cat":288384},{"id":11042,"n":"Crêpes Côté Table Fromage fondu x20 1kg","p":3.29,"u":"3,29 €/KG","img":"https://fd9-photos.leclercdrive.fr/image.ashx?id=2756849&use=l&cat=p&typeid=i","cat":319776},{"id":11046,"n":"Duo de riz Camargue Bio village Bio  - 500g","p":3.9,"u":"7,80 €/KG","img":"https://fd9-photos.leclercdrive.fr/image.ashx?id=2147429&use=l&cat=p&typeid=i","cat":284428},{"id":11070,"n":"Soupe instantanée Royco  Oignons & Croûtons - 4x200ml","p":1.48,"u":"18,50 €/KG","img":"https://fd9-photos.leclercdrive.fr/image.ashx?id=2650985&use=l&cat=p&typeid=i","cat":293527},{"id":11153,"n":"Truite fumée Ovive Pyrénées 4 tranches - 120g","p":5.89,"u":"49,08 €/KG","img":"https://fd9-photos.leclercdrive.fr/image.ashx?id=2887848&use=l&cat=p&typeid=i","cat":285188},{"id":11176,"n":"Lait céréales bébé Blédiner 6m Courgette soir - 2x250ml","p":1.71,"u":"3,42 €/L","img":"https://fd9-photos.leclercdrive.fr/image.ashx?id=2960147&use=l&cat=p&typeid=i","cat":312239},{"id":11178,"n":"Plat bébé soir Blédiner 12 mois Pâtes tomate courgette - 2x200g","p":2.21,"u":"5,53 €/KG","img":"https://fd9-photos.leclercdrive.fr/image.ashx?id=2902966&use=l&cat=p&typeid=i","cat":312239},{"id":11292,"n":"AOC Clairette de Die Jaillance Esprit de terroirTradition 75cl","p":5.95,"u":"7,93 €/L","img":"https://fd9-photos.leclercdrive.fr/image.ashx?id=2453499&use=l&cat=p&typeid=i","cat":284545},{"id":11308,"n":"Couscous Tipiak - Grain moyen Prêt en 4 min - 1kg","p":1.65,"u":"1,65 €/KG","img":"https://fd9-photos.leclercdrive.fr/image.ashx?id=2947826&use=l&cat=p&typeid=i","cat":284429},{"id":11309,"n":"Fromage de Brebis Le Brebiou  Des Pyrénées - 180g","p":3.02,"u":"16,78 €/KG","img":"https://fd9-photos.leclercdrive.fr/image.ashx?id=2472855&use=l&cat=p&typeid=i","cat":314031},{"id":11310,"n":"Crème Chantilly Isigny Ste Mère Sucrée et vanillée - 250g","p":2.37,"u":"9,48 €/KG","img":"https://fd9-photos.leclercdrive.fr/image.ashx?id=3004384&use=l&cat=p&typeid=i","cat":284382},{"id":11365,"n":"Crème aux oeufs La Laitière Vanille - 4x100g","p":1.76,"u":"4,40 €/KG","img":"https://fd9-photos.leclercdrive.fr/image.ashx?id=3007987&use=l&cat=p&typeid=i","cat":284419},{"id":11367,"n":"Yaourt à la grecque YAOS Nature - 4x150g","p":2.1,"u":"3,50 €/KG","img":"https://fd9-photos.leclercdrive.fr/image.ashx?id=2365006&use=l&cat=p&typeid=i","cat":314999},{"id":11386,"n":"Saucisse de Toulouse Socopa x4 400g","p":3.9,"u":"9,75 €/KG","img":"https://fd9-photos.leclercdrive.fr/image.ashx?id=2264689&use=l&cat=p&typeid=i","cat":284334},{"id":11391,"n":"Crème caramel Bonne Maman Aux oeufs frais - 4x100g","p":2.05,"u":"5,13 €/KG","img":"https://fd9-photos.leclercdrive.fr/image.ashx?id=1987563&use=l&cat=p&typeid=i","cat":284419},{"id":11399,"n":"Beurre ovale Le Marin 82% MG - 250g","p":2.95,"u":"11,80 €/KG","img":"https://fd9-photos.leclercdrive.fr/image.ashx?id=2896949&use=l&cat=p&typeid=i","cat":284379},{"id":11455,"n":"Pasta Box Sodebo Tortellini Ricotta Épinards - 280g","p":2.57,"u":"9,18 €/KG","img":"https://fd9-photos.leclercdrive.fr/image.ashx?id=2919778&use=l&cat=p&typeid=i","cat":334983},{"id":11464,"n":"Pointe de brie Président Crémeux - 200g","p":1.94,"u":"9,70 €/KG","img":"https://fd9-photos.leclercdrive.fr/image.ashx?id=2029841&use=l&cat=p&typeid=i","cat":314033},{"id":11465,"n":"Beurre La Motte Président Demi-sel - 80%MG - 250g","p":3.19,"u":"12,76 €/KG","img":"https://fd9-photos.leclercdrive.fr/image.ashx?id=2896970&use=l&cat=p&typeid=i","cat":284379},{"id":11477,"n":"Yaourts à la Grecque Au lait de brebis - 2x150g","p":2.37,"u":"7,90 €/KG","img":"https://fd9-photos.leclercdrive.fr/image.ashx?id=2188443&use=l&cat=p&typeid=i","cat":314999},{"id":11478,"n":"Ma Pièmontaise jambon Pierre Martinet - 500g","p":3.04,"u":"6,08 €/KG","img":"https://fd9-photos.leclercdrive.fr/image.ashx?id=2873937&use=l&cat=p&typeid=i","cat":333657},{"id":11490,"n":"Taboulé Pierre Martinet 5 légumes - 500g","p":2.45,"u":"4,90 €/KG","img":"https://fd9-photos.leclercdrive.fr/image.ashx?id=2877901&use=l&cat=p&typeid=i","cat":333657},{"id":11499,"n":"Lait Bio entier Lactel UHT Bouteille - 6x1l","p":12.0,"u":"2,00 €/L","img":"https://fd9-photos.leclercdrive.fr/image.ashx?id=2892775&use=l&cat=p&typeid=i","cat":285610},{"id":11501,"n":"Yaourts Mamie Nova Cerise griotte - 2x150g","p":1.26,"u":"4,20 €/KG","img":"https://fd9-photos.leclercdrive.fr/image.ashx?id=2912245&use=l&cat=p&typeid=i","cat":284410},{"id":11503,"n":"Crème gourmande Mamie Nova Vanille bourbon 2x150g","p":1.59,"u":"5,30 €/KG","img":"https://fd9-photos.leclercdrive.fr/image.ashx?id=2909017&use=l&cat=p&typeid=i","cat":285041},{"id":11507,"n":"Yaourts Mamie Nova Noix de coco - 2x150g","p":1.23,"u":"4,10 €/KG","img":"https://fd9-photos.leclercdrive.fr/image.ashx?id=2888488&use=l&cat=p&typeid=i","cat":284410},{"id":11508,"n":"Lait céréales Blédidej 6 mois Biscuit  - 4x250ml","p":3.46,"u":"3,46 €/L","img":"https://fd9-photos.leclercdrive.fr/image.ashx?id=2921040&use=l&cat=p&typeid=i","cat":312226},{"id":11509,"n":"Feuille de brick Tablier Blanc 8 feuilles - 136g","p":0.77,"u":"5,66 €/KG","img":"https://fd9-photos.leclercdrive.fr/image.ashx?id=1938558&use=l&cat=p&typeid=i","cat":333681},{"id":11516,"n":"Mi-bas voile résistant Tissaia Beige foncé taille unique - x3","p":2.7,"u":"0,90 €/P","img":"https://fd9-photos.leclercdrive.fr/image.ashx?id=2193347&use=l&cat=p&typeid=i","cat":334130},{"id":11527,"n":"Essuie-tout blanc Mimosa Super absorbant - x6","p":3.74,"u":"0,62 €/P","img":"https://fd9-photos.leclercdrive.fr/image.ashx?id=2352225&use=l&cat=p&typeid=i","cat":284635},{"id":11530,"n":"Crème gourmande Mamie Nova Cappucino 2x150g","p":1.53,"u":"5,10 €/KG","img":"https://fd9-photos.leclercdrive.fr/image.ashx?id=2909023&use=l&cat=p&typeid=i","cat":285041},{"id":11561,"n":"Boisson sans alcool D'Artigny Classic - 75cl","p":3.25,"u":"4,33 €/L","img":"https://fd9-photos.leclercdrive.fr/image.ashx?id=2804430&use=l&cat=p&typeid=i","cat":289460},{"id":11596,"n":"Ciboulette  20g","p":0.99,"u":"49,50 €/KG","img":"https://fd9-photos.leclercdrive.fr/image.ashx?id=588960&use=l&cat=p&typeid=i","cat":293607},{"id":11602,"n":"Menthe  20g","p":0.99,"u":"49,50 €/KG","img":"https://fd9-photos.leclercdrive.fr/image.ashx?id=588969&use=l&cat=p&typeid=i","cat":293607},{"id":11611,"n":"Avocats mûrs à point  Panier du Primeur x2","p":3.39,"u":"1,70 €/P","img":"https://fd9-photos.leclercdrive.fr/image.ashx?id=2373012&use=l&cat=p&typeid=i","cat":284352},{"id":11639,"n":"Mi-bas Well Elastivoile Satiné ibiza taille U x2","p":4.45,"img":"https://fd9-photos.leclercdrive.fr/image.ashx?id=2056389&use=l&cat=p&typeid=i","cat":334130},{"id":11645,"n":"Mi-bas Well Actiwell Circulation ibiza T36/38 x1","p":3.7,"img":"https://fd9-photos.leclercdrive.fr/image.ashx?id=2056413&use=l&cat=p&typeid=i","cat":334130},{"id":11646,"n":"Mi-bas Well Actiwell Circulation noir T36/38 x1","p":3.7,"img":"https://fd9-photos.leclercdrive.fr/image.ashx?id=2587542&use=l&cat=p&typeid=i","cat":334130},{"id":11684,"n":"Collants Well Elastivoile Résistant noir T3","p":3.45,"img":"https://fd9-photos.leclercdrive.fr/image.ashx?id=2056545&use=l&cat=p&typeid=i","cat":334130},{"id":11737,"n":"Mi-bas mousse Tissaia Noir taille unique - x3","p":1.95,"u":"0,65 €/P","img":"https://fd9-photos.leclercdrive.fr/image.ashx?id=2193320&use=l&cat=p&typeid=i","cat":334130},{"id":11739,"n":"Mi-bas mousse Tissaia Beige clair Taille unique - x3","p":1.95,"u":"0,65 €/P","img":"https://fd9-photos.leclercdrive.fr/image.ashx?id=2193326&use=l&cat=p&typeid=i","cat":334130},{"id":11809,"n":"Collants Well Elastivoile Résistant ibiza T4","p":3.45,"img":"https://fd9-photos.leclercdrive.fr/image.ashx?id=2560837&use=l&cat=p&typeid=i","cat":334130},{"id":11810,"n":"Collant Well Elastivoile Résistant noir T4","p":3.45,"img":"https://fd9-photos.leclercdrive.fr/image.ashx?id=2056374&use=l&cat=p&typeid=i","cat":334130},{"id":11880,"n":"AOC Vouvray brut Les Caractères - 75cl","p":5.99,"u":"7,99 €/L","img":"https://fd9-photos.leclercdrive.fr/image.ashx?id=2308698&use=l&cat=p&typeid=i","cat":284544},{"id":11886,"n":"IGP Pays d'Oc Gris vin rosé Rives & Terrasses 12.5% BIB 3L","p":8.49,"u":"2,83 €/L","img":"https://fd9-photos.leclercdrive.fr/image.ashx?id=2602745&use=l&cat=p&typeid=i","cat":289560},{"id":12000,"n":"Couscous Comptoir du Grain Grain moyen - 5x100g","p":0.84,"u":"1,68 €/KG","img":"https://fd9-photos.leclercdrive.fr/image.ashx?id=3012815&use=l&cat=p&typeid=i","cat":284429},{"id":12012,"n":"Riz Vivien Paille superfino Spécial risotto - 1kg","p":3.33,"u":"3,33 €/KG","img":"https://fd9-photos.leclercdrive.fr/image.ashx?id=2280296&use=l&cat=p&typeid=i","cat":284428},{"id":12014,"n":"Riz Basmati Vivien Paille 1kg","p":3.53,"u":"3,53 €/KG","img":"https://fd9-photos.leclercdrive.fr/image.ashx?id=2326361&use=l&cat=p&typeid=i","cat":284428},{"id":12015,"n":"Riz long Vivien Paille Bomba perliz cello 1kg","p":2.89,"u":"2,89 €/KG","img":"https://fd9-photos.leclercdrive.fr/image.ashx?id=2284085&use=l&cat=p&typeid=i","cat":284428},{"id":12078,"n":"Pâte à tartiner Nustikao 400g","p":1.83,"u":"4,58 €/KG","img":"https://fd9-photos.leclercdrive.fr/image.ashx?id=2856411&use=l&cat=p&typeid=i","cat":284481},{"id":12080,"n":"Boisson énergisante X-tense Canette - 25cl","p":0.39,"u":"1,56 €/L","img":"https://fd9-photos.leclercdrive.fr/image.ashx?id=2956041&use=l&cat=p&typeid=i","cat":284533},{"id":12102,"n":"Roquette Notre Jardin  - 125g","p":1.42,"u":"11,36 €/KG","img":"https://fd9-photos.leclercdrive.fr/image.ashx?id=2720157&use=l&cat=p&typeid=i","cat":284353},{"id":12116,"n":"Sauce aigre douce Suzi Wan 400g","p":1.54,"u":"3,85 €/KG","img":"https://fd9-photos.leclercdrive.fr/image.ashx?id=2024300&use=l&cat=p&typeid=i","cat":288992},{"id":12122,"n":"Vermicelles de riz Suzi Wan 250g","p":1.98,"u":"7,92 €/KG","img":"https://fd9-photos.leclercdrive.fr/image.ashx?id=3002183&use=l&cat=p&typeid=i","cat":288992},{"id":12129,"n":"Vermicelles soja Suzi Wan 100g","p":2.06,"u":"20,60 €/KG","img":"https://fd9-photos.leclercdrive.fr/image.ashx?id=2886259&use=l&cat=p&typeid=i","cat":288992},{"id":12131,"n":"Crème coco Suzi Wan 200ml","p":1.29,"u":"6,45 €/L","img":"https://fd9-photos.leclercdrive.fr/image.ashx?id=2886250&use=l&cat=p&typeid=i","cat":288992},{"id":12235,"n":"Tapenade olives vertes NRT 90g","p":1.84,"u":"20,44 €/KG","img":"https://fd9-photos.leclercdrive.fr/image.ashx?id=2839986&use=l&cat=p&typeid=i","cat":284451},{"id":12236,"n":"Spaghetti d'Alsace NRT 250g","p":1.39,"u":"5,56 €/KG","img":"https://fd9-photos.leclercdrive.fr/image.ashx?id=2839983&use=l&cat=p&typeid=i","cat":284427},{"id":12242,"n":"Rillettes de saumon MSC Ronde des mers - 150g","p":1.99,"u":"13,27 €/KG","img":"https://fd9-photos.leclercdrive.fr/image.ashx?id=2552424&use=l&cat=p&typeid=i","cat":285191},{"id":12243,"n":"Rillettes de thon MSC Ronde des mers - 150g","p":1.99,"u":"13,27 €/KG","img":"https://fd9-photos.leclercdrive.fr/image.ashx?id=2644873&use=l&cat=p&typeid=i","cat":285191},{"id":12249,"n":"Torsades d'Alsace NRT 250g","p":1.39,"u":"5,56 €/KG","img":"https://fd9-photos.leclercdrive.fr/image.ashx?id=2839980&use=l&cat=p&typeid=i","cat":284427},{"id":12258,"n":"Gros sel de l'Ile de Ré NRT Sachet -1kg","p":1.69,"u":"1,69 €/KG","img":"https://fd9-photos.leclercdrive.fr/image.ashx?id=2644912&use=l&cat=p&typeid=i","cat":284457},{"id":12259,"n":"Fromage Mimolette vieille NRT  Label Rouge  - 200g","p":3.65,"u":"18,25 €/KG","img":"https://fd9-photos.leclercdrive.fr/image.ashx?id=2934829&use=l&cat=p&typeid=i","cat":314034},{"id":12261,"n":"Double concentré tomates Turini 3X70g","p":2.15,"u":"10,24 €/KG","img":"https://fd9-photos.leclercdrive.fr/image.ashx?id=2623962&use=l&cat=p&typeid=i","cat":288384},{"id":12331,"n":"Bonbons Fisherman's Friend Eucalyptus - 3x25g","p":2.01,"u":"26,80 €/KG","img":"https://fd9-photos.leclercdrive.fr/image.ashx?id=2654026&use=l&cat=p&typeid=i","cat":304256},{"id":12362,"n":"Thon entier Pêche Océan Naturel - 2x140g","p":3.75,"u":"13,39 €/KG","img":"https://fd9-photos.leclercdrive.fr/image.ashx?id=2941423&use=l&cat=p&typeid=i","cat":303867},{"id":12365,"n":"Couscous royal Côté Table Volaille et merguez 980g","p":3.69,"u":"3,77 €/KG","img":"https://fd9-photos.leclercdrive.fr/image.ashx?id=3015054&use=l&cat=p&typeid=i","cat":325094},{"id":12373,"n":"Moutarde Rustica Mi-forte - 415g","p":1.27,"u":"3,06 €/KG","img":"https://fd9-photos.leclercdrive.fr/image.ashx?id=1961437&use=l&cat=p&typeid=i","cat":288850},{"id":12374,"n":"Purée de tomates Turini 3x200g","p":1.19,"u":"1,98 €/KG","img":"https://fd9-photos.leclercdrive.fr/image.ashx?id=2174684&use=l&cat=p&typeid=i","cat":288384},{"id":12376,"n":"Pâtes Alphabet Turini 500g","p":0.99,"u":"1,98 €/KG","img":"https://fd9-photos.leclercdrive.fr/image.ashx?id=3014185&use=l&cat=p&typeid=i","cat":284427},{"id":12380,"n":"Infusion Tiséa Digestion facilitée x25","p":0.99,"u":"24,75 €/KG","img":"https://fd9-photos.leclercdrive.fr/image.ashx?id=2696253&use=l&cat=p&typeid=i","cat":293234},{"id":12384,"n":"Thon entier Pêche Océan Huile de tournesol - 3x80g","p":2.49,"u":"10,38 €/KG","img":"https://fd9-photos.leclercdrive.fr/image.ashx?id=778226&use=l&cat=p&typeid=i","cat":303867},{"id":12399,"n":"Apéritif anisé Cantanis Sans alcool - 1L","p":2.25,"u":"2,25 €/L","img":"https://fd9-photos.leclercdrive.fr/image.ashx?id=2520011&use=l&cat=p&typeid=i","cat":284549},{"id":12402,"n":"Crème de mûres Auguste Muniot 15%vol. - 50cl","p":4.58,"u":"9,16 €/L","img":"https://fd9-photos.leclercdrive.fr/image.ashx?id=2541525&use=l&cat=p&typeid=i","cat":286032},{"id":12424,"n":"Pâtes Spaghetti Turini 3min - 500g","p":0.78,"u":"1,56 €/KG","img":"https://fd9-photos.leclercdrive.fr/image.ashx?id=2607464&use=l&cat=p&typeid=i","cat":284427},{"id":12426,"n":"Pâtes Cheveux d'anges Turini 1kg","p":1.61,"u":"1,61 €/KG","img":"https://fd9-photos.leclercdrive.fr/image.ashx?id=2980788&use=l&cat=p&typeid=i","cat":284427},{"id":12437,"n":"Sel fin de l'île de Ré NRT 250g","p":1.35,"u":"5,40 €/KG","img":"https://fd9-photos.leclercdrive.fr/image.ashx?id=2644909&use=l&cat=p&typeid=i","cat":284457},{"id":12438,"n":"Vinaigre Balsamique MAILLE Velours de Modène - 25cl","p":3.34,"u":"13,36 €/L","img":"https://fd9-photos.leclercdrive.fr/image.ashx?id=2889994&use=l&cat=p&typeid=i","cat":298543},{"id":12441,"n":"Moutarde Amora Fine et douce  - 435g","p":1.67,"u":"3,84 €/KG","img":"https://fd9-photos.leclercdrive.fr/image.ashx?id=2507608&use=l&cat=p&typeid=i","cat":288850},{"id":12453,"n":"Soda Jean's Cola sans Caféine Zéro - Bouteille - 1,5L","p":0.96,"u":"0,64 €/L","img":"https://fd9-photos.leclercdrive.fr/image.ashx?id=2637865&use=l&cat=p&typeid=i","cat":284530},{"id":12464,"n":"Soda Jean's Cola Zéro Bouteille - 1,5L","p":0.45,"u":"0,30 €/L","img":"https://fd9-photos.leclercdrive.fr/image.ashx?id=2637883&use=l&cat=p&typeid=i","cat":284530},{"id":12467,"n":"Jus multifruits Jafaden Pur jus - 1L","p":1.99,"u":"1,99 €/L","img":"https://fd9-photos.leclercdrive.fr/image.ashx?id=1881090&use=l&cat=p&typeid=i","cat":284917},{"id":12469,"n":"100% Pur jus d'orange Jafaden  Sans pulpe - 1L","p":1.99,"u":"1,99 €/L","img":"https://fd9-photos.leclercdrive.fr/image.ashx?id=2496884&use=l&cat=p&typeid=i","cat":284521},{"id":12470,"n":"Pur Jus de raisin Bio Village Bio - 1L","p":2.29,"u":"2,29 €/L","img":"https://fd9-photos.leclercdrive.fr/image.ashx?id=2901518&use=l&cat=p&typeid=i","cat":284915},{"id":12471,"n":"Thon entier Pêche Océan Huile de tournesol - 160g","p":1.63,"u":"10,19 €/KG","img":"https://fd9-photos.leclercdrive.fr/image.ashx?id=2476116&use=l&cat=p&typeid=i","cat":303867},{"id":12506,"n":"Marshmallows Copains Copines Vanille 300g","p":1.25,"u":"4,17 €/KG","img":"https://fd9-photos.leclercdrive.fr/image.ashx?id=1965083&use=l&cat=p&typeid=i","cat":304250},{"id":12512,"n":"Vinaigre de vin aux noix Maille - 50cl","p":1.96,"u":"3,92 €/L","img":"https://fd9-photos.leclercdrive.fr/image.ashx?id=2875999&use=l&cat=p&typeid=i","cat":298543},{"id":12513,"n":"Cornichons Maille Malossol A la russe 440g","p":3.78,"u":"8,59 €/KG","img":"https://fd9-photos.leclercdrive.fr/image.ashx?id=2076023&use=l&cat=p&typeid=i","cat":284458},{"id":12517,"n":"Fritelle Lay's Goût bacon  - 80g","p":0.82,"u":"10,25 €/KG","img":"https://fd9-photos.leclercdrive.fr/image.ashx?id=2138479&use=l&cat=p&typeid=i","cat":284449},{"id":12521,"n":"Miettes de thon Pêche Océan Huile de tournesol - 3x80g","p":2.35,"u":"9,79 €/KG","img":"https://fd9-photos.leclercdrive.fr/image.ashx?id=2943608&use=l&cat=p&typeid=i","cat":303867},{"id":12527,"n":"Chocolat Pâtissier Tablette dOr Noir - 200g","p":1.79,"u":"8,95 €/KG","img":"https://fd9-photos.leclercdrive.fr/image.ashx?id=2308964&use=l&cat=p&typeid=i","cat":285562},{"id":12529,"n":"Moutarde de Dijon Rustica  195g","p":1.25,"u":"6,41 €/KG","img":"https://fd9-photos.leclercdrive.fr/image.ashx?id=1921604&use=l&cat=p&typeid=i","cat":288850},{"id":12532,"n":"Café en grains Plantation Tradition - 1kg","p":10.15,"u":"10,15 €/KG","img":"https://fd9-photos.leclercdrive.fr/image.ashx?id=1900276&use=l&cat=p&typeid=i","cat":293237},{"id":12551,"n":"Raviolis légumes Bio Village Bio - 700g","p":2.53,"u":"3,61 €/KG","img":"https://fd9-photos.leclercdrive.fr/image.ashx?id=2485107&use=l&cat=p&typeid=i","cat":284442},{"id":12555,"n":"Mogette cuite au naturel NRT De Vendée - 530g","p":3.19,"u":"6,02 €/KG","img":"https://fd9-photos.leclercdrive.fr/image.ashx?id=2771025&use=l&cat=p&typeid=i","cat":312606},{"id":12557,"n":"Vinaigrette Rustica Echalote - 50cl","p":1.27,"u":"2,54 €/L","img":"https://fd9-photos.leclercdrive.fr/image.ashx?id=1972901&use=l&cat=p&typeid=i","cat":284456},{"id":12564,"n":"Châtaignes Notre Jardin Entières - 420g","p":5.09,"u":"12,12 €/KG","img":"https://fd9-photos.leclercdrive.fr/image.ashx?id=1965527&use=l&cat=p&typeid=i","cat":312612},{"id":12565,"n":"Haricots beurre Notre Jardin Extra fins - 220g","p":1.88,"u":"8,55 €/KG","img":"https://fd9-photos.leclercdrive.fr/image.ashx?id=790574&use=l&cat=p&typeid=i","cat":312606},{"id":12567,"n":"Andouillettes de Troyes NRT  2x150g","p":3.49,"u":"11,63 €/KG","img":"https://fd9-photos.leclercdrive.fr/image.ashx?id=1912304&use=l&cat=p&typeid=i","cat":316012},{"id":12573,"n":"Eponges Mamison salle de bain Décorées x2","p":0.99,"u":"0,50 €/P","img":"https://fd9-photos.leclercdrive.fr/image.ashx?id=2199055&use=l&cat=p&typeid=i","cat":284667},{"id":12581,"n":"Soupe Déshydratée Thaï KNORR Nouilles & Champignons - 70cl","p":1.35,"u":"1,93 €/L","img":"https://fd9-photos.leclercdrive.fr/image.ashx?id=2772554&use=l&cat=p&typeid=i","cat":284463},{"id":12584,"n":"Pain grillé bio Bio Village Blé complet x12 - 250g","p":1.77,"u":"7,08 €/KG","img":"https://fd9-photos.leclercdrive.fr/image.ashx?id=2124744&use=l&cat=p&typeid=i","cat":284479},{"id":12587,"n":"Compote Douceur du Verger Gourdes multivariétés - 12x90g","p":3.93,"u":"3,64 €/KG","img":"https://fd9-photos.leclercdrive.fr/image.ashx?id=2837039&use=l&cat=p&typeid=i","cat":284508},{"id":12588,"n":"Sel régénérant Visior Lave-vaisselle - 4x1kg","p":2.69,"u":"0,67 €/KG","img":"https://fd9-photos.leclercdrive.fr/image.ashx?id=590649&use=l&cat=p&typeid=i","cat":284657},{"id":12591,"n":"Soupe déshydratée Knorr 9 légumes - 75cl","p":0.9,"u":"1,20 €/L","img":"https://fd9-photos.leclercdrive.fr/image.ashx?id=2790585&use=l&cat=p&typeid=i","cat":284463},{"id":12593,"n":"Soupe déshydratée Knorr 9 légumes - 105g","p":0.91,"u":"8,67 €/KG","img":"https://fd9-photos.leclercdrive.fr/image.ashx?id=2875930&use=l&cat=p&typeid=i","cat":284463},{"id":12601,"n":"Oignon Rustica Coupés - 100g","p":2.14,"u":"21,40 €/KG","img":"https://fd9-photos.leclercdrive.fr/image.ashx?id=2365466&use=l&cat=p&typeid=i","cat":319804},{"id":12602,"n":"Ciboulette Rustica Coupé - 50g","p":1.65,"u":"33,00 €/KG","img":"https://fd9-photos.leclercdrive.fr/image.ashx?id=2365460&use=l&cat=p&typeid=i","cat":319804},{"id":12605,"n":"Cornichons Maille Le Mini 210g","p":2.77,"u":"13,19 €/KG","img":"https://fd9-photos.leclercdrive.fr/image.ashx?id=2877310&use=l&cat=p&typeid=i","cat":284458},{"id":12606,"n":"Marmite bouillon Knorr Poule - 224g","p":2.11,"u":"9,42 €/KG","img":"https://fd9-photos.leclercdrive.fr/image.ashx?id=2960288&use=l&cat=p&typeid=i","cat":288379},{"id":12611,"n":"Crozets au Sarrasin NRT 400g","p":2.3,"u":"5,75 €/KG","img":"https://fd9-photos.leclercdrive.fr/image.ashx?id=2856220&use=l&cat=p&typeid=i","cat":284427},{"id":12634,"n":"Olives de Nyons AOP NRT Noires - 230g","p":3.48,"u":"15,13 €/KG","img":"https://fd9-photos.leclercdrive.fr/image.ashx?id=2704888&use=l&cat=p&typeid=i","cat":284458},{"id":12669,"n":"Sauce Burger AMORA 260g","p":1.52,"u":"5,85 €/KG","img":"https://fd9-photos.leclercdrive.fr/image.ashx?id=2893853&use=l&cat=p&typeid=i","cat":318431},{"id":12670,"n":"Basilic Rustica Coupé - 50g","p":1.69,"u":"33,80 €/KG","img":"https://fd9-photos.leclercdrive.fr/image.ashx?id=2365463&use=l&cat=p&typeid=i","cat":319804},{"id":12674,"n":"Nids d'Alsace NRT 250g","p":1.39,"u":"5,56 €/KG","img":"https://fd9-photos.leclercdrive.fr/image.ashx?id=2839968&use=l&cat=p&typeid=i","cat":284427},{"id":12675,"n":"Pizza Cuite sur pierre Turini 4 fromages - 400g","p":2.71,"u":"6,78 €/KG","img":"https://fd9-photos.leclercdrive.fr/image.ashx?id=1701840&use=l&cat=p&typeid=i","cat":284256},{"id":12676,"n":"Pizza Cuite sur pierre Turini Chorizo - 400g","p":2.69,"u":"6,73 €/KG","img":"https://fd9-photos.leclercdrive.fr/image.ashx?id=1693784&use=l&cat=p&typeid=i","cat":284256},{"id":12685,"n":"Biscuit P'tit Beurres chocolait P'tit Déli 268g","p":2.69,"u":"10,04 €/KG","img":"https://fd9-photos.leclercdrive.fr/image.ashx?id=2473975&use=l&cat=p&typeid=i","cat":284488},{"id":12691,"n":"Pizza Familiale 4 from. Turini Cuite sur pierre - 570g","p":3.7,"u":"6,49 €/KG","img":"https://fd9-photos.leclercdrive.fr/image.ashx?id=2815220&use=l&cat=p&typeid=i","cat":284256},{"id":12706,"n":"Dentifrice Dentamyl Soin complet 75ml","p":0.76,"u":"10,13 €/L","img":"https://fd9-photos.leclercdrive.fr/image.ashx?id=2276480&use=l&cat=p&typeid=i","cat":284612},{"id":12712,"n":"Sauce Poivrons Aubergine Turini 190g","p":1.79,"u":"9,42 €/KG","img":"https://fd9-photos.leclercdrive.fr/image.ashx?id=1888440&use=l&cat=p&typeid=i","cat":287599},{"id":12729,"n":"Pânés poulet Le Gaulois x2 -  200g","p":2.05,"u":"10,25 €/KG","img":"https://fd9-photos.leclercdrive.fr/image.ashx?id=2261660&use=l&cat=p&typeid=i","cat":333684},{"id":12733,"n":"Bacon Herta superposé x15 150g","p":2.06,"u":"13,73 €/KG","img":"https://fd9-photos.leclercdrive.fr/image.ashx?id=2889325&use=l&cat=p&typeid=i","cat":316007},{"id":12739,"n":"Friand viande Côté Table 2x110g","p":1.65,"u":"7,50 €/KG","img":"https://fd9-photos.leclercdrive.fr/image.ashx?id=2820436&use=l&cat=p&typeid=i","cat":333671},{"id":12741,"n":"Emmental fromage râpé bio Bio village - 100g","p":1.49,"u":"14,90 €/KG","img":"https://fd9-photos.leclercdrive.fr/image.ashx?id=2034757&use=l&cat=p&typeid=i","cat":314035},{"id":12816,"n":"Dentifrice blancheur Dentamyl Soin complet 75ml","p":0.98,"u":"13,07 €/L","img":"https://fd9-photos.leclercdrive.fr/image.ashx?id=2489110&use=l&cat=p&typeid=i","cat":284612},{"id":12838,"n":"Foie de volaille Le Gaulois Confit - 300g","p":3.02,"u":"10,07 €/KG","img":"https://fd9-photos.leclercdrive.fr/image.ashx?id=2732719&use=l&cat=p&typeid=i","cat":284715},{"id":12916,"n":"Infusion bio Bio Village Digestion x20 - 30g","p":1.55,"u":"51,67 €/KG","img":"https://fd9-photos.leclercdrive.fr/image.ashx?id=2961710&use=l&cat=p&typeid=i","cat":293234},{"id":12917,"n":"Infusion bio Bio Village Pour le soir x20 - 30g","p":1.75,"u":"58,33 €/KG","img":"https://fd9-photos.leclercdrive.fr/image.ashx?id=2553926&use=l&cat=p&typeid=i","cat":293234},{"id":12930,"n":"Mélange forestier Notre Jardin 450g","p":2.56,"u":"5,69 €/KG","img":"https://fd9-photos.leclercdrive.fr/image.ashx?id=825783&use=l&cat=p&typeid=i","cat":319823},{"id":12939,"n":"Lait Bio demi-écrémé Grandlait Candia Bouteille - 6x1L","p":10.0,"u":"1,67 €/L","img":"https://fd9-photos.leclercdrive.fr/image.ashx?id=2735086&use=l&cat=p&typeid=i","cat":284377},{"id":12965,"n":"Crêpes dentelles chocolat NRT 100g","p":1.82,"u":"18,20 €/KG","img":"https://fd9-photos.leclercdrive.fr/image.ashx?id=2770265&use=l&cat=p&typeid=i","cat":284490},{"id":12966,"n":"Assortiment biscuits fins P'tit Déli 200g","p":2.39,"u":"11,95 €/KG","img":"https://fd9-photos.leclercdrive.fr/image.ashx?id=2554578&use=l&cat=p&typeid=i","cat":284490},{"id":13253,"n":"Crayons de couleur Esquisse x18","p":1.45,"u":"0,08 €/P","img":"https://fd9-photos.leclercdrive.fr/image.ashx?id=2943169&use=l&cat=p&typeid=i","cat":284696},{"id":13279,"n":"Rapporteur Esquisse 180° 12cm","p":0.65,"img":"https://fd9-photos.leclercdrive.fr/image.ashx?id=1928725&use=l&cat=p&typeid=i","cat":334133},{"id":13291,"n":"Mini gomme encre Esquisse Double usage - x2","p":0.79,"u":"0,40 €/P","img":"https://fd9-photos.leclercdrive.fr/image.ashx?id=1701966&use=l&cat=p&typeid=i","cat":334133},{"id":13292,"n":"Ardoise velleda Bic  Feutre + effaceur 19x26cm","p":3.37,"img":"https://fd9-photos.leclercdrive.fr/image.ashx?id=2314900&use=l&cat=p&typeid=i","cat":334133},{"id":13300,"n":"Tube de colle liquide Esquisse Transparente gel - 30ml","p":1.1,"u":"36,67 €/L","img":"https://fd9-photos.leclercdrive.fr/image.ashx?id=1928779&use=l&cat=p&typeid=i","cat":334133},{"id":13308,"n":"Chemises Esquisse 24x32cm x15","p":3.3,"img":"https://fd9-photos.leclercdrive.fr/image.ashx?id=1678706&use=l&cat=p&typeid=i","cat":284745},{"id":13321,"n":"Stylo bille Bic 4 couleurs - x1","p":1.27,"img":"https://fd9-photos.leclercdrive.fr/image.ashx?id=2730874&use=l&cat=p&typeid=i","cat":284696},{"id":13339,"n":"Anchois entiers Connétable Huile d'olive - 100g","p":2.1,"u":"21,00 €/KG","img":"https://fd9-photos.leclercdrive.fr/image.ashx?id=2807570&use=l&cat=p&typeid=i","cat":305147},{"id":13342,"n":"Thon entier Le Savoureux Huile d'olive - 160g","p":3.24,"u":"20,25 €/KG","img":"https://fd9-photos.leclercdrive.fr/image.ashx?id=2960159&use=l&cat=p&typeid=i","cat":303867},{"id":13345,"n":"Thon blanc entier Connétable MSC - Naturel - 112g","p":3.37,"u":"30,09 €/KG","img":"https://fd9-photos.leclercdrive.fr/image.ashx?id=2943990&use=l&cat=p&typeid=i","cat":303867},{"id":13349,"n":"Etui de mines pour compas Maped 10 mines de 2mm","p":0.99,"img":"https://fd9-photos.leclercdrive.fr/image.ashx?id=2508957&use=l&cat=p&typeid=i","cat":334133},{"id":13350,"n":"Pâté Hénaff 260g","p":3.37,"u":"12,96 €/KG","img":"https://fd9-photos.leclercdrive.fr/image.ashx?id=2662178&use=l&cat=p&typeid=i","cat":305149},{"id":13364,"n":"Agrafes n°10 Maped x2000","p":1.62,"img":"https://fd9-photos.leclercdrive.fr/image.ashx?id=2962254&use=l&cat=p&typeid=i","cat":334133},{"id":13381,"n":"Brosse effaçable Maped Pour ardoise pierre et blanches","p":1.03,"img":"https://fd9-photos.leclercdrive.fr/image.ashx?id=2508954&use=l&cat=p&typeid=i","cat":334133},{"id":13407,"n":"Galettes Traou Mad de Pont-Aven x12 sachets fraîcheur 100g","p":2.33,"u":"23,30 €/KG","img":"https://fd9-photos.leclercdrive.fr/image.ashx?id=2996563&use=l&cat=p&typeid=i","cat":284487},{"id":13425,"n":"Beurre Moulé Paysan Breton Demi-sel - 80% MG - 500g","p":6.25,"u":"12,50 €/KG","img":"https://fd9-photos.leclercdrive.fr/image.ashx?id=2774499&use=l&cat=p&typeid=i","cat":284379},{"id":13428,"n":"Beurre Moulé Paysan Breton Demi-sel - 80% MG - 125g","p":1.7,"u":"13,60 €/KG","img":"https://fd9-photos.leclercdrive.fr/image.ashx?id=2939766&use=l&cat=p&typeid=i","cat":284379},{"id":13434,"n":"Dessert Empresure Malo Chocolat - 4x125g","p":1.87,"u":"3,74 €/KG","img":"https://fd9-photos.leclercdrive.fr/image.ashx?id=2842684&use=l&cat=p&typeid=i","cat":285041},{"id":13446,"n":"La Poêlée Celtique  Paysan Breton - 1kg","p":2.93,"u":"2,93 €/KG","img":"https://fd9-photos.leclercdrive.fr/image.ashx?id=2882394&use=l&cat=p&typeid=i","cat":319823},{"id":13503,"n":"Biscottes bio Bio Village Au germe de blé x36 - 300g","p":1.99,"u":"6,63 €/KG","img":"https://fd9-photos.leclercdrive.fr/image.ashx?id=1960425&use=l&cat=p&typeid=i","cat":284479},{"id":13532,"n":"Purée pomme de terre Pom'lisse Saveur d'antan - 4x125g - 500g","p":2.49,"u":"4,98 €/KG","img":"https://fd9-photos.leclercdrive.fr/image.ashx?id=2929867&use=l&cat=p&typeid=i","cat":284431},{"id":13559,"n":"Thé breakfast Britley 50 sachets - 100g","p":1.22,"u":"12,20 €/KG","img":"https://fd9-photos.leclercdrive.fr/image.ashx?id=2854225&use=l&cat=p&typeid=i","cat":293233},{"id":13583,"n":"Fromage L'Ortolan Léger Fromagerie Milleret -  250g","p":3.06,"u":"12,24 €/KG","img":"https://fd9-photos.leclercdrive.fr/image.ashx?id=2450916&use=l&cat=p&typeid=i","cat":314036},{"id":13585,"n":"Fleur de sel de l'Ile de Ré NRT 125g","p":2.49,"u":"19,92 €/KG","img":"https://fd9-photos.leclercdrive.fr/image.ashx?id=2644915&use=l&cat=p&typeid=i","cat":284457},{"id":13589,"n":"Fromage Brillat Savarin NRT  IGP - 200g","p":3.39,"u":"16,95 €/KG","img":"https://fd9-photos.leclercdrive.fr/image.ashx?id=2771064&use=l&cat=p&typeid=i","cat":329558},{"id":13605,"n":"Panés de colin Pêche Océan Colin d'Alaska - 200g","p":1.99,"u":"9,95 €/KG","img":"https://fd9-photos.leclercdrive.fr/image.ashx?id=2953605&use=l&cat=p&typeid=i","cat":284344},{"id":13639,"n":"Nougat tendre de Montélimar NRT  sachet 200g","p":3.49,"u":"17,45 €/KG","img":"https://fd9-photos.leclercdrive.fr/image.ashx?id=2954136&use=l&cat=p&typeid=i","cat":304249},{"id":13643,"n":"Biscuits nappés Bio Village Bio Chocolat au lait 200g","p":2.43,"u":"12,15 €/KG","img":"https://fd9-photos.leclercdrive.fr/image.ashx?id=1937516&use=l&cat=p&typeid=i","cat":284488},{"id":13648,"n":"Biscuit Croc Break P'tit Déli Lait et goût chocolat - 300g","p":1.24,"u":"4,13 €/KG","img":"https://fd9-photos.leclercdrive.fr/image.ashx?id=719346&use=l&cat=p&typeid=i","cat":284488},{"id":13649,"n":"Pansement Primoplast Cicatrisant hydrocolloïde x8","p":5.95,"img":"https://fd9-photos.leclercdrive.fr/image.ashx?id=2856480&use=l&cat=p&typeid=i","cat":284630},{"id":13663,"n":"Mini-crêpes fourrées Tokapi  Comté - 65g","p":1.96,"u":"30,15 €/KG","img":"https://fd9-photos.leclercdrive.fr/image.ashx?id=2853892&use=l&cat=p&typeid=i","cat":297000},{"id":13678,"n":"Croûtons salade Epi d'Or Ail et fines herbes - 60g","p":0.6,"u":"10,00 €/KG","img":"https://fd9-photos.leclercdrive.fr/image.ashx?id=2606040&use=l&cat=p&typeid=i","cat":284464},{"id":13679,"n":"Croûtons salade Epi d'Or Nature - 60g","p":0.6,"u":"10,00 €/KG","img":"https://fd9-photos.leclercdrive.fr/image.ashx?id=2084937&use=l&cat=p&typeid=i","cat":284464},{"id":13681,"n":"Pâté pur porc Côtés Table 2 Foie 1 campagne - 3x78g","p":1.9,"u":"8,12 €/KG","img":"https://fd9-photos.leclercdrive.fr/image.ashx?id=2518505&use=l&cat=p&typeid=i","cat":305149},{"id":13682,"n":"Pâté de campagne Côté Table Pur porc - 3x78g","p":1.85,"u":"7,91 €/KG","img":"https://fd9-photos.leclercdrive.fr/image.ashx?id=2478763&use=l&cat=p&typeid=i","cat":305149},{"id":13683,"n":"Pâté de foie Côté Table Pur porc - 3x78g","p":1.99,"u":"8,50 €/KG","img":"https://fd9-photos.leclercdrive.fr/image.ashx?id=2518502&use=l&cat=p&typeid=i","cat":305149},{"id":13684,"n":"Bouillon de légumes Rustica Cubes - 12x10g","p":0.67,"u":"5,58 €/KG","img":"https://fd9-photos.leclercdrive.fr/image.ashx?id=1753198&use=l&cat=p&typeid=i","cat":288379},{"id":13685,"n":"Bouillon de volaille Rustica Cubes - 12x10g","p":0.8,"u":"6,67 €/KG","img":"https://fd9-photos.leclercdrive.fr/image.ashx?id=1880027&use=l&cat=p&typeid=i","cat":288379},{"id":13694,"n":"Riz long Comptoir du Grain 500g","p":1.47,"u":"2,94 €/KG","img":"https://fd9-photos.leclercdrive.fr/image.ashx?id=2076661&use=l&cat=p&typeid=i","cat":284428},{"id":13696,"n":"Soufflés Snack's Tokapi Cacahuète - 90g","p":0.47,"u":"5,22 €/KG","img":"https://fd9-photos.leclercdrive.fr/image.ashx?id=2677026&use=l&cat=p&typeid=i","cat":284449},{"id":13698,"n":"Légumes couscous Notre Jardin 400g","p":1.43,"u":"3,58 €/KG","img":"https://fd9-photos.leclercdrive.fr/image.ashx?id=2468831&use=l&cat=p&typeid=i","cat":312612},{"id":13700,"n":"Gaufrettes fourrées Tokapi Fromage - 75g","p":0.95,"u":"12,67 €/KG","img":"https://fd9-photos.leclercdrive.fr/image.ashx?id=2067929&use=l&cat=p&typeid=i","cat":297000},{"id":13701,"n":"Riz Thaï Comptoir du Grain Sélection Riz long - 500g","p":1.79,"u":"3,58 €/KG","img":"https://fd9-photos.leclercdrive.fr/image.ashx?id=2565610&use=l&cat=p&typeid=i","cat":284428},{"id":13703,"n":"Petits pois Notre Jardin A l'étuvée - Très fins - 560g","p":1.29,"u":"2,30 €/KG","img":"https://fd9-photos.leclercdrive.fr/image.ashx?id=2691018&use=l&cat=p&typeid=i","cat":312607},{"id":13715,"n":"Croquettes chat Purina One Stérilisé - Boeuf/Blé-1.5kg","p":6.7,"u":"4,47 €/KG","img":"https://fd9-photos.leclercdrive.fr/image.ashx?id=2488040&use=l&cat=p&typeid=i","cat":284680},{"id":13719,"n":"Croquettes chat Purina One Adulte - Poulet/Céréales -1.5kg","p":6.37,"u":"4,25 €/KG","img":"https://fd9-photos.leclercdrive.fr/image.ashx?id=2537682&use=l&cat=p&typeid=i","cat":284680},{"id":13731,"n":"Barquettes chats Gourmet Gold Les mousselines - 12x85g","p":5.49,"u":"5,38 €/KG","img":"https://fd9-photos.leclercdrive.fr/image.ashx?id=2967046&use=l&cat=p&typeid=i","cat":285286},{"id":13733,"n":"Barquettes chats Gourmet Gold Les terrines - 12x85g","p":5.62,"u":"5,51 €/KG","img":"https://fd9-photos.leclercdrive.fr/image.ashx?id=2979069&use=l&cat=p&typeid=i","cat":285286},{"id":13770,"n":"Croissants surgelés Epi d'Or Cuisson four - 6x60g","p":2.58,"u":"7,17 €/KG","img":"https://fd9-photos.leclercdrive.fr/image.ashx?id=1983595&use=l&cat=p&typeid=i","cat":284267},{"id":13776,"n":"Mouchoirs blancs 3 plis Caresse Boîte - x110","p":1.35,"u":"0,01 €/P","img":"https://fd9-photos.leclercdrive.fr/image.ashx?id=1554136&use=l&cat=p&typeid=i","cat":284638},{"id":13777,"n":"Lingettes bébé Eco+ Epaisses - x72","p":0.72,"u":"0,01 €/P","img":"https://fd9-photos.leclercdrive.fr/image.ashx?id=2874672&use=l&cat=p&typeid=i","cat":284738},{"id":13782,"n":"Déodorant Manava anti-traces 200ml","p":1.29,"u":"6,45 €/L","img":"https://fd9-photos.leclercdrive.fr/image.ashx?id=1993179&use=l&cat=p&typeid=i","cat":284595},{"id":13784,"n":"Gel douche et shampooing Carré Homme Energisante - 250ml","p":1.15,"u":"4,60 €/L","img":"https://fd9-photos.leclercdrive.fr/image.ashx?id=1544231&use=l&cat=p&typeid=i","cat":284619},{"id":13785,"n":"Shampooing Vitanove Réparateur - 250ml","p":1.45,"u":"5,80 €/L","img":"https://fd9-photos.leclercdrive.fr/image.ashx?id=1879257&use=l&cat=p&typeid=i","cat":284606},{"id":13787,"n":"Shampooing Vitanove Extra Color - 250ml","p":1.56,"u":"6,24 €/L","img":"https://fd9-photos.leclercdrive.fr/image.ashx?id=1889779&use=l&cat=p&typeid=i","cat":284606},{"id":13789,"n":"Shampooing Vitanove Lissant - 250ml","p":1.79,"u":"7,16 €/L","img":"https://fd9-photos.leclercdrive.fr/image.ashx?id=1907456&use=l&cat=p&typeid=i","cat":284606},{"id":13790,"n":"Après-shampooing Vitanove Lissant - 200ml","p":1.49,"u":"7,45 €/L","img":"https://fd9-photos.leclercdrive.fr/image.ashx?id=2618314&use=l&cat=p&typeid=i","cat":284607},{"id":13811,"n":"Nettoyant visage Argile Garnier Peaux à imperfections - 150ml","p":4.34,"u":"28,93 €/L","img":"https://fd9-photos.leclercdrive.fr/image.ashx?id=2867548&use=l&cat=p&typeid=i","cat":284603},{"id":13819,"n":"Laque cheveux L'Oréal Paris Elnett Fixation Normale - 400ml","p":8.19,"u":"20,48 €/L","img":"https://fd9-photos.leclercdrive.fr/image.ashx?id=2386497&use=l&cat=p&typeid=i","cat":284609},{"id":13992,"n":"Recharge savon mains Manava Gel lavande - 250ml","p":0.69,"u":"2,76 €/L","img":"https://fd9-photos.leclercdrive.fr/image.ashx?id=2935477&use=l&cat=p&typeid=i","cat":284597},{"id":13995,"n":"Bandes extensibles Primoplast 4mx6cm - x2","p":1.29,"img":"https://fd9-photos.leclercdrive.fr/image.ashx?id=2856444&use=l&cat=p&typeid=i","cat":284630},{"id":13998,"n":"Pâte feuilletée Eco+ A dérouler - 230g","p":0.53,"u":"2,30 €/KG","img":"https://fd9-photos.leclercdrive.fr/image.ashx?id=2794178&use=l&cat=p&typeid=i","cat":333681},{"id":14007,"n":"Jambon de Bayonne IGP NRT 4 Grandes Tranches - 120g","p":3.63,"u":"30,25 €/KG","img":"https://fd9-photos.leclercdrive.fr/image.ashx?id=2670428&use=l&cat=p&typeid=i","cat":316007},{"id":14018,"n":"Chocolat Pâtissier Tablette dOr Noir corsé - 64% cacao - 200g","p":2.09,"u":"10,45 €/KG","img":"https://fd9-photos.leclercdrive.fr/image.ashx?id=3005537&use=l&cat=p&typeid=i","cat":285562},{"id":14023,"n":"Rasoir Carré Homme 3 lames - x1","p":3.99,"img":"https://fd9-photos.leclercdrive.fr/image.ashx?id=2704621&use=l&cat=p&typeid=i","cat":284616},{"id":14027,"n":"Lingettes Hygiène intime Doulys x20","p":1.8,"img":"https://fd9-photos.leclercdrive.fr/image.ashx?id=1760077&use=l&cat=p&typeid=i","cat":284627},{"id":14029,"n":"Fromage Neufchâtel AOP  Nos Régions ont du Talent 200g","p":2.64,"u":"13,20 €/KG","img":"https://fd9-photos.leclercdrive.fr/image.ashx?id=2071227&use=l&cat=p&typeid=i","cat":329558},{"id":14033,"n":"Crochets anti-mites Insectivor Cèdre 2x3ml","p":1.99,"u":"331,67 €/L","img":"https://fd9-photos.leclercdrive.fr/image.ashx?id=2849575&use=l&cat=p&typeid=i","cat":298368},{"id":14038,"n":"Cassoulet au confit canard NRT - 420g","p":2.75,"u":"6,55 €/KG","img":"https://fd9-photos.leclercdrive.fr/image.ashx?id=2723222&use=l&cat=p&typeid=i","cat":284440},{"id":14051,"n":"Confiture extra bio Bio Village Myrtilles - 370g","p":2.29,"u":"6,19 €/KG","img":"https://fd9-photos.leclercdrive.fr/image.ashx?id=2965620&use=l&cat=p&typeid=i","cat":284480},{"id":14061,"n":"Confiture poires williams NRT De la Valée du Rhône - 315g","p":2.83,"u":"8,98 €/KG","img":"https://fd9-photos.leclercdrive.fr/image.ashx?id=2699792&use=l&cat=p&typeid=i","cat":284480},{"id":14062,"n":"Préparation framboises NRT Du Massif Central - 315g","p":4.02,"u":"12,76 €/KG","img":"https://fd9-photos.leclercdrive.fr/image.ashx?id=2699813&use=l&cat=p&typeid=i","cat":284480},{"id":14063,"n":"Préparation NRT Agrumes de Corse - 315g","p":2.82,"u":"8,95 €/KG","img":"https://fd9-photos.leclercdrive.fr/image.ashx?id=779352&use=l&cat=p&typeid=i","cat":284480},{"id":14064,"n":"Préparation NRT Abricots d'Occitanie - 315g","p":2.87,"u":"9,11 €/KG","img":"https://fd9-photos.leclercdrive.fr/image.ashx?id=779372&use=l&cat=p&typeid=i","cat":284480},{"id":14068,"n":"Miel Nid d'Abeille A tartiner - 500 g","p":3.19,"u":"6,38 €/KG","img":"https://fd9-photos.leclercdrive.fr/image.ashx?id=2188787&use=l&cat=p&typeid=i","cat":287643},{"id":14075,"n":"Lait de coco Tables du monde 400ml","p":1.52,"u":"3,80 €/L","img":"https://fd9-photos.leclercdrive.fr/image.ashx?id=1960758&use=l&cat=p&typeid=i","cat":288992},{"id":14081,"n":"Ratatouille Bio Village Bio A la provençale - 650g","p":2.35,"u":"3,62 €/KG","img":"https://fd9-photos.leclercdrive.fr/image.ashx?id=2762513&use=l&cat=p&typeid=i","cat":312612},{"id":14082,"n":"Miel de fleurs bio Bio Village 500g","p":4.99,"u":"9,98 €/KG","img":"https://fd9-photos.leclercdrive.fr/image.ashx?id=751557&use=l&cat=p&typeid=i","cat":287643},{"id":14084,"n":"Confiture bio Bio Village Oranges - 370g","p":2.26,"u":"6,11 €/KG","img":"https://fd9-photos.leclercdrive.fr/image.ashx?id=2965623&use=l&cat=p&typeid=i","cat":284480},{"id":14087,"n":"Quenelles de veau Coté Table Sauce financière 400g","p":1.85,"u":"4,63 €/KG","img":"https://fd9-photos.leclercdrive.fr/image.ashx?id=2977864&use=l&cat=p&typeid=i","cat":284441},{"id":14088,"n":"Garnit bouchée reine Coté Table 400g","p":1.79,"u":"4,48 €/KG","img":"https://fd9-photos.leclercdrive.fr/image.ashx?id=2977150&use=l&cat=p&typeid=i","cat":284441},{"id":14094,"n":"Confiture pêches de vigne NRT De la Valée du Rhône - 315g","p":3.03,"u":"9,62 €/KG","img":"https://fd9-photos.leclercdrive.fr/image.ashx?id=2657286&use=l&cat=p&typeid=i","cat":284480},{"id":14099,"n":"Spray nettoyant Eco+ avec Javel 750ml","p":0.87,"u":"1,16 €/L","img":"https://fd9-photos.leclercdrive.fr/image.ashx?id=2837003&use=l&cat=p&typeid=i","cat":325357},{"id":14111,"n":"Houmous Tables du Monde 200g","p":1.43,"u":"7,15 €/KG","img":"https://fd9-photos.leclercdrive.fr/image.ashx?id=2872258&use=l&cat=p&typeid=i","cat":315999},{"id":14114,"n":"Brosse à dents Dentamyl Médium x4","p":0.99,"u":"0,25 €/P","img":"https://fd9-photos.leclercdrive.fr/image.ashx?id=2790922&use=l&cat=p&typeid=i","cat":284614},{"id":14118,"n":"Carottes râpées Eco+ Assaisonnées - 500g","p":0.84,"u":"1,68 €/KG","img":"https://fd9-photos.leclercdrive.fr/image.ashx?id=2850805&use=l&cat=p&typeid=i","cat":333657},{"id":14122,"n":"Bâtonnets crâbe Eco+ x24 - 400g","p":1.25,"u":"3,13 €/KG","img":"https://fd9-photos.leclercdrive.fr/image.ashx?id=3001193&use=l&cat=p&typeid=i","cat":285189},{"id":14124,"n":"Rosette pur porc Eco+ 12 tranches - 150g","p":1.26,"u":"8,40 €/KG","img":"https://fd9-photos.leclercdrive.fr/image.ashx?id=2728222&use=l&cat=p&typeid=i","cat":316007},{"id":14131,"n":"Désodorisant Visior Lave-vaisselle Citron - x2","p":1.29,"u":"0,65 €/P","img":"https://fd9-photos.leclercdrive.fr/image.ashx?id=2951119&use=l&cat=p&typeid=i","cat":284657},{"id":14132,"n":"Bloc wc javel Syphon 2x40g","p":1.46,"u":"18,25 €/KG","img":"https://fd9-photos.leclercdrive.fr/image.ashx?id=2302540&use=l&cat=p&typeid=i","cat":284662},{"id":14135,"n":"Brosse à dents Eco+ Médium x2","p":0.23,"u":"0,12 €/P","img":"https://fd9-photos.leclercdrive.fr/image.ashx?id=2783783&use=l&cat=p&typeid=i","cat":284614},{"id":14140,"n":"Savon extra-doux Manava Douceur d'amande 6x100g","p":3.16,"u":"5,27 €/KG","img":"https://fd9-photos.leclercdrive.fr/image.ashx?id=2331312&use=l&cat=p&typeid=i","cat":284597},{"id":14154,"n":"Bonbons gélifiés Eco+ Frites - 200g","p":1.11,"u":"5,55 €/KG","img":"https://fd9-photos.leclercdrive.fr/image.ashx?id=2774066&use=l&cat=p&typeid=i","cat":304250},{"id":14155,"n":"Gnocchi Turini à poêler 300g","p":0.89,"u":"2,97 €/KG","img":"https://fd9-photos.leclercdrive.fr/image.ashx?id=2254517&use=l&cat=p&typeid=i","cat":333682},{"id":14158,"n":"Fromage Mystère du Prieuré Lait pasteurisé - 340g","p":2.65,"u":"7,79 €/KG","img":"https://fd9-photos.leclercdrive.fr/image.ashx?id=2804172&use=l&cat=p&typeid=i","cat":329184},{"id":14164,"n":"Roquefort AOP Eco+ Lait cru brebis 150g","p":2.16,"u":"14,40 €/KG","img":"https://fd9-photos.leclercdrive.fr/image.ashx?id=1938495&use=l&cat=p&typeid=i","cat":314032},{"id":14165,"n":"Crème de soin cheveux Vitanove Boucles sans rinçage 200ml","p":1.29,"u":"6,45 €/L","img":"https://fd9-photos.leclercdrive.fr/image.ashx?id=1947997&use=l&cat=p&typeid=i","cat":284608},{"id":14170,"n":"Nettoyant lave-vaisselle Visior 250ml","p":2.65,"u":"10,60 €/L","img":"https://fd9-photos.leclercdrive.fr/image.ashx?id=776479&use=l&cat=p&typeid=i","cat":284657},{"id":14179,"n":"Betteraves rouges Bio Village Bio - 200g","p":1.99,"u":"9,95 €/KG","img":"https://fd9-photos.leclercdrive.fr/image.ashx?id=1910047&use=l&cat=p&typeid=i","cat":333657},{"id":14187,"n":"Masque réparateur Vitanove Secs abîmés cassants 300ml","p":2.64,"u":"8,80 €/L","img":"https://fd9-photos.leclercdrive.fr/image.ashx?id=2931769&use=l&cat=p&typeid=i","cat":284608},{"id":14190,"n":"Savon mains en crème Manava nourrissante à l'amande - 300ml","p":0.9,"u":"3,00 €/L","img":"https://fd9-photos.leclercdrive.fr/image.ashx?id=2935471&use=l&cat=p&typeid=i","cat":284597},{"id":14201,"n":"Filets de Morue Ronde des Mers Prêt à cuisiner 400g","p":7.99,"u":"19,98 €/KG","img":"https://fd9-photos.leclercdrive.fr/image.ashx?id=2694221&use=l&cat=p&typeid=i","cat":284342},{"id":14212,"n":"Lotion après-rasage Carré Homme Marine tonifiant 100ml","p":2.61,"u":"26,10 €/L","img":"https://fd9-photos.leclercdrive.fr/image.ashx?id=2854219&use=l&cat=p&typeid=i","cat":288147},{"id":14218,"n":"Dentifrice enfant Dentamyl Bubble gum - 3 à 6 ans - 50ml","p":0.89,"u":"17,80 €/L","img":"https://fd9-photos.leclercdrive.fr/image.ashx?id=2075185&use=l&cat=p&typeid=i","cat":288898},{"id":14219,"n":"Dentifrice enfant Dentamyl Menthe - 7 à 13 ans - 75ml","p":0.74,"u":"9,87 €/L","img":"https://fd9-photos.leclercdrive.fr/image.ashx?id=2489113&use=l&cat=p&typeid=i","cat":288898},{"id":14220,"n":"Shampooing Vitanove Volumateur - 250ml","p":1.79,"u":"7,16 €/L","img":"https://fd9-photos.leclercdrive.fr/image.ashx?id=1909519&use=l&cat=p&typeid=i","cat":284606},{"id":14223,"n":"Dépoussiérant meubles Clair Multi-surfaces 300ml","p":1.03,"u":"3,43 €/L","img":"https://fd9-photos.leclercdrive.fr/image.ashx?id=2531098&use=l&cat=p&typeid=i","cat":325364},{"id":14224,"n":"Gel wc Syphon surpuissant 750ml","p":1.07,"u":"1,43 €/L","img":"https://fd9-photos.leclercdrive.fr/image.ashx?id=2558790&use=l&cat=p&typeid=i","cat":284662},{"id":14236,"n":"Jambon cru Eco+ 8 tranches - 150g","p":1.77,"u":"11,80 €/KG","img":"https://fd9-photos.leclercdrive.fr/image.ashx?id=2917638&use=l&cat=p&typeid=i","cat":316007},{"id":14260,"n":"Crottin Chavignol NRT AOP  Fromage de chèvre - 2x60g","p":3.75,"u":"31,25 €/KG","img":"https://fd9-photos.leclercdrive.fr/image.ashx?id=2519432&use=l&cat=p&typeid=i","cat":314031},{"id":14271,"n":"Crème de marrons NRT De l'Ardèche - 325g","p":3.03,"u":"9,32 €/KG","img":"https://fd9-photos.leclercdrive.fr/image.ashx?id=1173619&use=l&cat=p&typeid=i","cat":284481},{"id":14273,"n":"Fromage Pont-l'Evêque AOP  Nos Régions ont du Talent 220g","p":2.65,"u":"12,05 €/KG","img":"https://fd9-photos.leclercdrive.fr/image.ashx?id=2356344&use=l&cat=p&typeid=i","cat":329558},{"id":14276,"n":"Cassoulet au confit canard NRT - 840g","p":4.99,"u":"5,94 €/KG","img":"https://fd9-photos.leclercdrive.fr/image.ashx?id=2723213&use=l&cat=p&typeid=i","cat":284440},{"id":14278,"n":"Carottes râpées Bio Bio village - 200g","p":1.73,"u":"8,65 €/KG","img":"https://fd9-photos.leclercdrive.fr/image.ashx?id=1890274&use=l&cat=p&typeid=i","cat":333657},{"id":14280,"n":"Bûche Sainte Maure Touraine NRT AOP - Fromage de chèvre - 250g","p":5.07,"u":"20,28 €/KG","img":"https://fd9-photos.leclercdrive.fr/image.ashx?id=2422608&use=l&cat=p&typeid=i","cat":314031},{"id":14282,"n":"Préparation citrons NRT De Corse -  315g","p":2.69,"u":"8,54 €/KG","img":"https://fd9-photos.leclercdrive.fr/image.ashx?id=2699810&use=l&cat=p&typeid=i","cat":284480},{"id":14285,"n":"Fromage Emmental Eco+ Râpé - 200g","p":1.5,"u":"7,50 €/KG","img":"https://fd9-photos.leclercdrive.fr/image.ashx?id=1950818&use=l&cat=p&typeid=i","cat":314035},{"id":14292,"n":"Eau aromatisée Volvic Zest  Citron - 1,5L","p":1.06,"u":"0,71 €/L","img":"https://fd9-photos.leclercdrive.fr/image.ashx?id=2730253&use=l&cat=p&typeid=i","cat":284537},{"id":14293,"n":"Eau aromatisée Volvic Zest Citron - 6x50cl","p":3.18,"u":"1,06 €/L","img":"https://fd9-photos.leclercdrive.fr/image.ashx?id=2730256&use=l&cat=p&typeid=i","cat":284537},{"id":14316,"n":"Lasagnes saumon Côté Table 1kg","p":7.26,"u":"7,26 €/KG","img":"https://fd9-photos.leclercdrive.fr/image.ashx?id=2790928&use=l&cat=p&typeid=i","cat":284254},{"id":14327,"n":"Poêlée Côté Table Franc-Comtoise - 900g","p":4.19,"u":"4,66 €/KG","img":"https://fd9-photos.leclercdrive.fr/image.ashx?id=2048440&use=l&cat=p&typeid=i","cat":319823},{"id":14329,"n":"Brandade de morue Côté Table MSC - 300g","p":2.72,"u":"9,07 €/KG","img":"https://fd9-photos.leclercdrive.fr/image.ashx?id=2779187&use=l&cat=p&typeid=i","cat":284254},{"id":14330,"n":"Poêlée de légumes Notre Jardin Légumes grillés - 750g","p":3.11,"u":"4,15 €/KG","img":"https://fd9-photos.leclercdrive.fr/image.ashx?id=2771369&use=l&cat=p&typeid=i","cat":319823},{"id":14334,"n":"Ratatouille Notre Jardin Cuisinée 750g","p":2.85,"u":"3,80 €/KG","img":"https://fd9-photos.leclercdrive.fr/image.ashx?id=2328959&use=l&cat=p&typeid=i","cat":319823},{"id":14336,"n":"Pavé saumon Pêche Océan ASC Atlantique -  500g","p":11.19,"u":"22,38 €/KG","img":"https://fd9-photos.leclercdrive.fr/image.ashx?id=2953728&use=l&cat=p&typeid=i","cat":319786},{"id":14344,"n":"Pain de mie Nature Harrys Longue conservation - 550g","p":2.07,"u":"3,76 €/KG","img":"https://fd9-photos.leclercdrive.fr/image.ashx?id=2518109&use=l&cat=p&typeid=i","cat":284477},{"id":14359,"n":"Change complet Chorys Taille L - x20","p":10.7,"u":"0,54 €/P","img":"https://fd9-photos.leclercdrive.fr/image.ashx?id=2946163&use=l&cat=p&typeid=i","cat":284628},{"id":14371,"n":"Mousse à la crème Duodélisse Nature - 4x100g","p":1.49,"u":"3,73 €/KG","img":"https://fd9-photos.leclercdrive.fr/image.ashx?id=2387334&use=l&cat=p&typeid=i","cat":284409},{"id":14376,"n":"Dés de fromage Les Croisés Ail et fines herbes - 120g","p":1.54,"u":"12,83 €/KG","img":"https://fd9-photos.leclercdrive.fr/image.ashx?id=2741616&use=l&cat=p&typeid=i","cat":314027},{"id":14381,"n":"Palets bretons NRT 100g","p":1.83,"u":"18,30 €/KG","img":"https://fd9-photos.leclercdrive.fr/image.ashx?id=2622299&use=l&cat=p&typeid=i","cat":284487},{"id":14427,"n":"Pastis Ricard Anisé 45% vol - 70cl","p":15.3,"u":"21,86 €/L","img":"https://fd9-photos.leclercdrive.fr/image.ashx?id=2976776&use=l&cat=p&typeid=i","cat":284548},{"id":14431,"n":"Rhum Lagoa 40%vol - 1L","p":13.59,"u":"13,59 €/L","img":"https://fd9-photos.leclercdrive.fr/image.ashx?id=2966481&use=l&cat=p&typeid=i","cat":284550},{"id":14434,"n":"Pastis de Marseille Vivalis 45%vol - 70cl","p":12.88,"u":"18,40 €/L","img":"https://fd9-photos.leclercdrive.fr/image.ashx?id=2590406&use=l&cat=p&typeid=i","cat":284548},{"id":14440,"n":"Bière blonde Desquiles Canette - 5.9%vol. - 50cl","p":1.35,"u":"2,70 €/L","img":"https://fd9-photos.leclercdrive.fr/image.ashx?id=2637877&use=l&cat=p&typeid=i","cat":334853},{"id":14447,"n":"Sirop Frucci Thé Pêche - 75cl","p":3.2,"u":"4,27 €/L","img":"https://fd9-photos.leclercdrive.fr/image.ashx?id=764952&use=l&cat=p&typeid=i","cat":295020},{"id":14452,"n":"Sirop Sport Citron - 1L","p":2.37,"u":"2,37 €/L","img":"https://fd9-photos.leclercdrive.fr/image.ashx?id=3011182&use=l&cat=p&typeid=i","cat":295020},{"id":14458,"n":"Biscuits tablette Eco+ Chocolat au lait - 150g","p":0.98,"u":"6,53 €/KG","img":"https://fd9-photos.leclercdrive.fr/image.ashx?id=2682750&use=l&cat=p&typeid=i","cat":284488},{"id":14494,"n":"Coquilles Saint-Jacques Tipiak À la bretonne - 4x90g","p":6.37,"u":"17,69 €/KG","img":"https://fd9-photos.leclercdrive.fr/image.ashx?id=2559754&use=l&cat=p&typeid=i","cat":319775},{"id":14512,"n":"Sachets glaçons Elembal x15","p":0.8,"img":"https://fd9-photos.leclercdrive.fr/image.ashx?id=2671810&use=l&cat=p&typeid=i","cat":334134},{"id":14536,"n":"Escalope Fine Dinde LR x2  IGP Volailles du Maine  - 240g","p":5.8,"u":"24,17 €/KG","img":"https://fd9-photos.leclercdrive.fr/image.ashx?id=2250567&use=l&cat=p&typeid=i","cat":284337},{"id":14538,"n":"Aiguillettes poulet Le Gaulois Jaune - 210g","p":3.8,"u":"18,10 €/KG","img":"https://fd9-photos.leclercdrive.fr/image.ashx?id=2315107&use=l&cat=p&typeid=i","cat":284336},{"id":14543,"n":"Serviettes papier Homeside Double épaisseur 33x33cm - x100","p":2.29,"img":"https://fd9-photos.leclercdrive.fr/image.ashx?id=1659678&use=l&cat=p&typeid=i","cat":334134},{"id":14544,"n":"Serviettes papier Homeside Triple épaisseur 40x40 x50","p":2.99,"u":"0,06 €/P","img":"https://fd9-photos.leclercdrive.fr/image.ashx?id=1659681&use=l&cat=p&typeid=i","cat":334134},{"id":14574,"n":"Serviette incontinence Chorys Normal - x12","p":1.99,"u":"0,17 €/P","img":"https://fd9-photos.leclercdrive.fr/image.ashx?id=2393848&use=l&cat=p&typeid=i","cat":284628},{"id":14582,"n":"Bandes de cire froide Siliss Corps - Peaux sensibles - x40","p":2.21,"u":"0,06 €/P","img":"https://fd9-photos.leclercdrive.fr/image.ashx?id=2530795&use=l&cat=p&typeid=i","cat":325351},{"id":14625,"n":"Boisson énergétique Powerade Ice storm - 50cl","p":1.05,"pp":0.69,"u":"1,38 €/L","img":"https://fd9-photos.leclercdrive.fr/image.ashx?id=2970756&use=l&cat=p&typeid=i","cat":284533},{"id":14626,"n":"Boisson aux fruits Oasis Saveur Pêche Abricot - 2L","p":2.28,"u":"1,14 €/L","img":"https://fd9-photos.leclercdrive.fr/image.ashx?id=2688635&use=l&cat=p&typeid=i","cat":295018},{"id":14633,"n":"AOP Bordeaux rouge La Croix d'Austéran - 75cl","p":4.55,"u":"6,07 €/L","img":"https://fd9-photos.leclercdrive.fr/image.ashx?id=1672093&use=l&cat=p&typeid=i","cat":289556},{"id":14637,"n":"Biscuits P'tit Déli ronds Chocolat noir 200g","p":1.34,"u":"6,70 €/KG","img":"https://fd9-photos.leclercdrive.fr/image.ashx?id=2884207&use=l&cat=p&typeid=i","cat":284488},{"id":14654,"n":"Soupe liquide Liebig  Potiron - Brique 1L","p":2.75,"u":"2,75 €/L","img":"https://fd9-photos.leclercdrive.fr/image.ashx?id=2785355&use=l&cat=p&typeid=i","cat":284462},{"id":14657,"n":"Eponges gratounette Spontex x2","p":2.41,"u":"1,21 €/P","img":"https://fd9-photos.leclercdrive.fr/image.ashx?id=2392292&use=l&cat=p&typeid=i","cat":284667},{"id":14659,"n":"Gel désinfectant mains Sanytol Au thé vert - 250ml","p":3.43,"u":"13,72 €/L","img":"https://fd9-photos.leclercdrive.fr/image.ashx?id=1754056&use=l&cat=p&typeid=i","cat":284630},{"id":14660,"n":"Gel désinfectant mains Sanytol Au thé vert - 75ml","p":1.94,"u":"25,87 €/L","img":"https://fd9-photos.leclercdrive.fr/image.ashx?id=2338730&use=l&cat=p&typeid=i","cat":284630},{"id":14661,"n":"Lingettes Hygiène Intime Usage Quotidien Intima Hamamélis x20","p":2.03,"u":"0,10 €/P","img":"https://fd9-photos.leclercdrive.fr/image.ashx?id=2886675&use=l&cat=p&typeid=i","cat":284627},{"id":14675,"n":"boisson végétale lait d'amande  bio bjorg intense - 1L","p":2.7,"u":"2,70 €/L","img":"https://fd9-photos.leclercdrive.fr/image.ashx?id=2970918&use=l&cat=p&typeid=i","cat":316067},{"id":14688,"n":"Biscuits Bjorg Fourrés Chocolat lait bio 225g","p":2.94,"u":"13,07 €/KG","img":"https://fd9-photos.leclercdrive.fr/image.ashx?id=2970927&use=l&cat=p&typeid=i","cat":284488},{"id":14690,"n":"Chocolat Alter Eco Noir Intense Max Havelaar Bio - 100g","p":2.52,"u":"25,20 €/KG","img":"https://fd9-photos.leclercdrive.fr/image.ashx?id=2906523&use=l&cat=p&typeid=i","cat":284956},{"id":14691,"n":"Chocolat Alter Eco Noir Absolu Pérou 85% cacao bio - 100g","p":2.7,"u":"27,00 €/KG","img":"https://fd9-photos.leclercdrive.fr/image.ashx?id=2906535&use=l&cat=p&typeid=i","cat":284956},{"id":14692,"n":"Laque Cheveux L'Oréal Paris Elnett Fixation Forte - 400ml","p":8.61,"u":"21,53 €/L","img":"https://fd9-photos.leclercdrive.fr/image.ashx?id=2007386&use=l&cat=p&typeid=i","cat":284609},{"id":14694,"n":"Chocolat lait Bio Alter Eco Noisettes Max Havelaar - 100g","p":2.58,"u":"25,80 €/KG","img":"https://fd9-photos.leclercdrive.fr/image.ashx?id=2967292&use=l&cat=p&typeid=i","cat":284497},{"id":14706,"n":"Sucre de canne Bio Alter Eco  Muscovado complet poudre 500g","p":2.86,"u":"5,72 €/KG","img":"https://fd9-photos.leclercdrive.fr/image.ashx?id=2928894&use=l&cat=p&typeid=i","cat":284502},{"id":14713,"n":"Rasoirs jetables Bic Twin Lady x8","p":1.64,"u":"0,21 €/P","img":"https://fd9-photos.leclercdrive.fr/image.ashx?id=2887569&use=l&cat=p&typeid=i","cat":325352},{"id":14762,"n":"Piles TechPlus Foxter AA/LR6 - x4","p":1.99,"img":"https://fd9-photos.leclercdrive.fr/image.ashx?id=2162165&use=l&cat=p&typeid=i","cat":300572},{"id":14763,"n":"Shampooing Pétrol Hahn Force -  250ml","p":2.28,"u":"9,12 €/L","img":"https://fd9-photos.leclercdrive.fr/image.ashx?id=2104450&use=l&cat=p&typeid=i","cat":284621},{"id":14764,"n":"Piles TechPlus Foxter AAA/LR3 - x4","p":1.99,"img":"https://fd9-photos.leclercdrive.fr/image.ashx?id=2162162&use=l&cat=p&typeid=i","cat":300572},{"id":14814,"n":"Compotes pommes Andros 4x100g","p":1.23,"u":"3,08 €/KG","img":"https://fd9-photos.leclercdrive.fr/image.ashx?id=2883925&use=l&cat=p&typeid=i","cat":284416},{"id":14827,"n":"Bloc notes adhésif Esquisse  76mmx76mm - 2x100","p":1.25,"img":"https://fd9-photos.leclercdrive.fr/image.ashx?id=1678694&use=l&cat=p&typeid=i","cat":334133},{"id":14873,"n":"Pastilles javel La Croix x40","p":1.87,"u":"13,96 €/KG","img":"https://fd9-photos.leclercdrive.fr/image.ashx?id=2679693&use=l&cat=p&typeid=i","cat":284661},{"id":14880,"n":"Compote Charles & Alice Pommes Mangues - 4x100g","p":1.4,"u":"3,50 €/KG","img":"https://fd9-photos.leclercdrive.fr/image.ashx?id=2757347&use=l&cat=p&typeid=i","cat":284416},{"id":14887,"n":"Compote Charles & Alice Pommes - 4x100g","p":1.4,"u":"3,50 €/KG","img":"https://fd9-photos.leclercdrive.fr/image.ashx?id=2757677&use=l&cat=p&typeid=i","cat":284416},{"id":14888,"n":"Compote Charles & Alice Pommes Poires - 4x100g","p":1.43,"u":"3,58 €/KG","img":"https://fd9-photos.leclercdrive.fr/image.ashx?id=2936902&use=l&cat=p&typeid=i","cat":284416},{"id":14892,"n":"Yaourts allégés Sveltesse   Café - 4x125g","p":1.56,"u":"3,12 €/KG","img":"https://fd9-photos.leclercdrive.fr/image.ashx?id=3009215&use=l&cat=p&typeid=i","cat":315000},{"id":14900,"n":"Saucisson sec Saint-Azay 15 tranches - 150g","p":2.19,"u":"14,60 €/KG","img":"https://fd9-photos.leclercdrive.fr/image.ashx?id=2631432&use=l&cat=p&typeid=i","cat":316007},{"id":14901,"n":"Mozzarella di Buffala AOP Les Croisés - 125g","p":1.65,"u":"13,20 €/KG","img":"https://fd9-photos.leclercdrive.fr/image.ashx?id=2146137&use=l&cat=p&typeid=i","cat":314026},{"id":14904,"n":"Fromage frais nature Bio Bio village - 3.5% MG - 500g","p":1.75,"u":"3,50 €/KG","img":"https://fd9-photos.leclercdrive.fr/image.ashx?id=2839944&use=l&cat=p&typeid=i","cat":284409},{"id":14911,"n":"Bloc WC cuvette Harpic  Eau Bleue - x2","p":1.25,"u":"16,45 €/KG","img":"https://fd9-photos.leclercdrive.fr/image.ashx?id=2264743&use=l&cat=p&typeid=i","cat":284662},{"id":14918,"n":"Dessert fruitier framboise Douceur du Verger s/sucre 4x97g","p":1.49,"u":"3,84 €/KG","img":"https://fd9-photos.leclercdrive.fr/image.ashx?id=3009785&use=l&cat=p&typeid=i","cat":284416},{"id":14919,"n":"Compote Douceur du Verger Pomme Abricot - 4x97g","p":1.23,"u":"3,17 €/KG","img":"https://fd9-photos.leclercdrive.fr/image.ashx?id=2406396&use=l&cat=p&typeid=i","cat":284416},{"id":14923,"n":"Brocolis fleurettes Bio Village Bio - 600g","p":2.21,"u":"3,68 €/KG","img":"https://fd9-photos.leclercdrive.fr/image.ashx?id=2891788&use=l&cat=p&typeid=i","cat":319805},{"id":14924,"n":"Lasagnes chèvre épinards Côté Table - 500g","p":2.95,"u":"5,90 €/KG","img":"https://fd9-photos.leclercdrive.fr/image.ashx?id=2047031&use=l&cat=p&typeid=i","cat":284254},{"id":14931,"n":"Rhum blanc Old Nick 40%vol - 1L","p":14.83,"u":"14,83 €/L","img":"https://fd9-photos.leclercdrive.fr/image.ashx?id=2483750&use=l&cat=p&typeid=i","cat":284550},{"id":14932,"n":"Rhum blanc Saint James 40% vol - 70cl","p":11.34,"u":"16,20 €/L","img":"https://fd9-photos.leclercdrive.fr/image.ashx?id=2970948&use=l&cat=p&typeid=i","cat":284550},{"id":14934,"n":"Gin Gibson 37.5%vol - 70cl","p":11.48,"u":"16,40 €/L","img":"https://fd9-photos.leclercdrive.fr/image.ashx?id=2755396&use=l&cat=p&typeid=i","cat":284550},{"id":14945,"n":"Whisky Johnnie Walker Red Blended Scotch 40%vol - 70cl","p":15.83,"u":"22,61 €/L","img":"https://fd9-photos.leclercdrive.fr/image.ashx?id=2457446&use=l&cat=p&typeid=i","cat":284547},{"id":14983,"n":"Pastis de Marseille Vivalis 45%vol - 1,5L","p":25.35,"u":"16,90 €/L","img":"https://fd9-photos.leclercdrive.fr/image.ashx?id=2820418&use=l&cat=p&typeid=i","cat":284548},{"id":14993,"n":"Bière blonde Leffe Rituel 9% - 6x25cl","p":5.68,"u":"3,79 €/L","img":"https://fd9-photos.leclercdrive.fr/image.ashx?id=2548285&use=l&cat=p&typeid=i","cat":334852},{"id":15007,"n":"Protège-slips Doulys Ultra-mince Normal Plié - x30","p":1.19,"u":"0,04 €/P","img":"https://fd9-photos.leclercdrive.fr/image.ashx?id=2816109&use=l&cat=p&typeid=i","cat":284625},{"id":15010,"n":"Serviette incontinence Chorys Extra - x10","p":1.99,"u":"0,20 €/P","img":"https://fd9-photos.leclercdrive.fr/image.ashx?id=2393851&use=l&cat=p&typeid=i","cat":284628},{"id":15016,"n":"AOP Crémant d'Alsace Wolfberger Brut - 75cl","p":7.32,"u":"9,76 €/L","img":"https://fd9-photos.leclercdrive.fr/image.ashx?id=2323502&use=l&cat=p&typeid=i","cat":284544},{"id":15022,"n":"Jus de pamplemousse rose Bio Bio Village - 1L","p":3.82,"u":"3,82 €/L","img":"https://fd9-photos.leclercdrive.fr/image.ashx?id=2901524&use=l&cat=p&typeid=i","cat":284914},{"id":15025,"n":"Nectar Jafaden Pomme kiwi - 1L","p":2.35,"u":"2,35 €/L","img":"https://fd9-photos.leclercdrive.fr/image.ashx?id=2895771&use=l&cat=p&typeid=i","cat":284915},{"id":15036,"n":"Huile sèche corps bio Bio Naïa Spray - 100ml","p":4.59,"u":"45,90 €/L","img":"https://fd9-photos.leclercdrive.fr/image.ashx?id=2610196&use=l&cat=p&typeid=i","cat":325349},{"id":15039,"n":"Crème visage bio Bio Naïa Hydratante 50ml","p":1.99,"u":"39,80 €/L","img":"https://fd9-photos.leclercdrive.fr/image.ashx?id=1729317&use=l&cat=p&typeid=i","cat":325345},{"id":15053,"n":"Déodorant Manava Grenade - 200ml","p":1.39,"u":"6,95 €/L","img":"https://fd9-photos.leclercdrive.fr/image.ashx?id=1848058&use=l&cat=p&typeid=i","cat":284595},{"id":15058,"n":"Biscuits tablettes Bio Village Bio Chocolat au lait 150g","p":2.38,"u":"15,87 €/KG","img":"https://fd9-photos.leclercdrive.fr/image.ashx?id=2650819&use=l&cat=p&typeid=i","cat":284488},{"id":15060,"n":"Biscuits tablettes Bio Village Bio Chocolat noir 150g","p":2.39,"u":"15,93 €/KG","img":"https://fd9-photos.leclercdrive.fr/image.ashx?id=2708943&use=l&cat=p&typeid=i","cat":284488},{"id":15066,"n":"Savon douceur Manava Bouquet fleurs blanches 4x100g","p":1.45,"u":"3,63 €/KG","img":"https://fd9-photos.leclercdrive.fr/image.ashx?id=2358342&use=l&cat=p&typeid=i","cat":284597},{"id":15095,"n":"Boisson végétale Noisette Bio  Bjorg- 1L","p":2.67,"u":"2,67 €/L","img":"https://fd9-photos.leclercdrive.fr/image.ashx?id=2972970&use=l&cat=p&typeid=i","cat":316067},{"id":15131,"n":"Nectar multifruits Jafaden 2L","p":2.49,"u":"1,25 €/L","img":"https://fd9-photos.leclercdrive.fr/image.ashx?id=2956032&use=l&cat=p&typeid=i","cat":284917},{"id":15139,"n":"Boisson instantanée cacao Eco+ Granules - 800g","p":3.12,"u":"3,90 €/KG","img":"https://fd9-photos.leclercdrive.fr/image.ashx?id=2843093&use=l&cat=p&typeid=i","cat":293235},{"id":15145,"n":"Champignons Tables du Monde Noirs déshydratés 25g","p":2.49,"u":"99,60 €/KG","img":"https://fd9-photos.leclercdrive.fr/image.ashx?id=2920166&use=l&cat=p&typeid=i","cat":288992},{"id":15146,"n":"Génoises fourrées P'tit Déli Citron - 150g","p":1.98,"u":"13,20 €/KG","img":"https://fd9-photos.leclercdrive.fr/image.ashx?id=2482499&use=l&cat=p&typeid=i","cat":284489},{"id":15149,"n":"Petit Beurre P'tit Déli Pépites chocolat x24 200g","p":1.87,"u":"9,35 €/KG","img":"https://fd9-photos.leclercdrive.fr/image.ashx?id=2072060&use=l&cat=p&typeid=i","cat":284487},{"id":15159,"n":"Fécule de maïs Tablier Blanc 400g","p":1.19,"u":"2,98 €/KG","img":"https://fd9-photos.leclercdrive.fr/image.ashx?id=2853690&use=l&cat=p&typeid=i","cat":288382},{"id":15163,"n":"Sablés fourrés P'tit Déli Noisette 125g","p":1.92,"u":"15,36 €/KG","img":"https://fd9-photos.leclercdrive.fr/image.ashx?id=2426770&use=l&cat=p&typeid=i","cat":284487},{"id":15181,"n":"Boisson aux fruits Oasis Saveur Fraise Framboise - 2L","p":2.38,"u":"1,19 €/L","img":"https://fd9-photos.leclercdrive.fr/image.ashx?id=2677819&use=l&cat=p&typeid=i","cat":295018},{"id":15183,"n":"Filets de maquereaux Saupiquet Escabèche - 169g","p":2.01,"u":"11,89 €/KG","img":"https://fd9-photos.leclercdrive.fr/image.ashx?id=2829970&use=l&cat=p&typeid=i","cat":303868},{"id":15206,"n":"Pineau des Charentes Reynac Blanc 17%vol 75cl","p":9.18,"u":"12,24 €/L","img":"https://fd9-photos.leclercdrive.fr/image.ashx?id=2105536&use=l&cat=p&typeid=i","cat":284913},{"id":15244,"n":"Galette Goulibeur Broyé du Poitou pur beurre 380g","p":5.18,"u":"13,63 €/KG","img":"https://fd9-photos.leclercdrive.fr/image.ashx?id=2850590&use=l&cat=p&typeid=i","cat":293600},{"id":15245,"n":"15 galettes Broyés du Poitou Pur beurre 3x5 280g","p":3.95,"u":"14,11 €/KG","img":"https://fd9-photos.leclercdrive.fr/image.ashx?id=2389452&use=l&cat=p&typeid=i","cat":284487},{"id":15256,"n":"Barre chocolat au lait Lion x6 barres - 252g","p":2.49,"u":"9,88 €/KG","img":"https://fd9-photos.leclercdrive.fr/image.ashx?id=2736991&use=l&cat=p&typeid=i","cat":284498},{"id":15267,"n":"Moutarde Moutarderie du Moulin Fine et forte - 200g","p":4.23,"u":"21,15 €/KG","img":"https://fd9-photos.leclercdrive.fr/image.ashx?id=1754704&use=l&cat=p&typeid=i","cat":288850},{"id":15272,"n":"Bière Blanche de Ré 5% - 33cl","p":3.1,"u":"9,39 €/L","img":"https://fd9-photos.leclercdrive.fr/image.ashx?id=2089391&use=l&cat=p&typeid=i","cat":334878},{"id":15275,"n":"Bière Blonde de Ré 5,8% - 33cl","p":3.1,"u":"9,39 €/L","img":"https://fd9-photos.leclercdrive.fr/image.ashx?id=2367943&use=l&cat=p&typeid=i","cat":334872},{"id":15276,"n":"Bière Ambrée de Ré 5,8% - 33cl","p":3.1,"u":"9,39 €/L","img":"https://fd9-photos.leclercdrive.fr/image.ashx?id=2367946&use=l&cat=p&typeid=i","cat":334852},{"id":15288,"n":"Mouchoirs blancs 4 plis Caresse Mini étuis x15","p":1.16,"u":"0,08 €/P","img":"https://fd9-photos.leclercdrive.fr/image.ashx?id=2032309&use=l&cat=p&typeid=i","cat":284638},{"id":15296,"n":"Gros sel Courret Sac 1kg","p":1.65,"u":"1,65 €/KG","img":"https://fd9-photos.leclercdrive.fr/image.ashx?id=2099249&use=l&cat=p&typeid=i","cat":284457},{"id":15342,"n":"Chocolat Eco+ Noir - 5x100g","p":3.78,"u":"7,56 €/KG","img":"https://fd9-photos.leclercdrive.fr/image.ashx?id=2946145&use=l&cat=p&typeid=i","cat":284956},{"id":15384,"n":"Wings party Mexicain Maître Coq 400g","p":4.77,"u":"11,93 €/KG","img":"https://fd9-photos.leclercdrive.fr/image.ashx?id=2094307&use=l&cat=p&typeid=i","cat":333685},{"id":15476,"n":"Eau nettoyante Mots d'Enfants Hydratante - 250ml","p":1.93,"u":"7,72 €/L","img":"https://fd9-photos.leclercdrive.fr/image.ashx?id=3015048&use=l&cat=p&typeid=i","cat":284741},{"id":15499,"n":"Ruban adhésif Crystal Scotch Dévidoir 25mx19mm x1","p":1.95,"img":"https://fd9-photos.leclercdrive.fr/image.ashx?id=2753587&use=l&cat=p&typeid=i","cat":334133},{"id":15500,"n":"Ruban adhésif Magic Scotch Dévidoir 25mx19mm x1","p":1.95,"img":"https://fd9-photos.leclercdrive.fr/image.ashx?id=2753590&use=l&cat=p&typeid=i","cat":334133},{"id":15513,"n":"Gâteau cacao Oreo Lu Rouleaux Vanille - 154g","p":0.93,"u":"6,04 €/KG","img":"https://fd9-photos.leclercdrive.fr/image.ashx?id=3002282&use=l&cat=p&typeid=i","cat":284488},{"id":15525,"n":"Mini gâches briochettes NRT Chocolat noir x8 - 360g","p":2.79,"u":"7,75 €/KG","img":"https://fd9-photos.leclercdrive.fr/image.ashx?id=2670440&use=l&cat=p&typeid=i","cat":284478},{"id":15544,"n":"Crackers Tokapi  Fromage et graines - 65g","p":1.34,"u":"20,62 €/KG","img":"https://fd9-photos.leclercdrive.fr/image.ashx?id=2075247&use=l&cat=p&typeid=i","cat":297000},{"id":15564,"n":"Chips paysannes Pom'lisse Nature - 150g","p":0.99,"u":"6,60 €/KG","img":"https://fd9-photos.leclercdrive.fr/image.ashx?id=2927854&use=l&cat=p&typeid=i","cat":284447},{"id":15590,"n":"pain complet 3 céréales bio  bjorg 500g","p":2.36,"u":"4,72 €/KG","img":"https://fd9-photos.leclercdrive.fr/image.ashx?id=2752951&use=l&cat=p&typeid=i","cat":325069},{"id":15592,"n":"Fromage enfant Ficello Nature à effilocher x8 - 168g","p":3.4,"u":"20,24 €/KG","img":"https://fd9-photos.leclercdrive.fr/image.ashx?id=2375376&use=l&cat=p&typeid=i","cat":314030},{"id":15602,"n":"Bière La Goudale 7.2%vol. - 75cl","p":2.4,"u":"3,20 €/L","img":"https://fd9-photos.leclercdrive.fr/image.ashx?id=2830153&use=l&cat=p&typeid=i","cat":334852},{"id":15615,"n":"Multifruits Jafaden 100% Pur jus - 1,5L","p":1.99,"u":"1,33 €/L","img":"https://fd9-photos.leclercdrive.fr/image.ashx?id=2890000&use=l&cat=p&typeid=i","cat":284917},{"id":15646,"n":"Saumon Atlantique Connétable 112g","p":4.22,"u":"37,68 €/KG","img":"https://fd9-photos.leclercdrive.fr/image.ashx?id=2960162&use=l&cat=p&typeid=i","cat":305147},{"id":15703,"n":"Jus de citron de Sicile Citros 20cl","p":0.96,"u":"4,80 €/L","img":"https://fd9-photos.leclercdrive.fr/image.ashx?id=2469130&use=l&cat=p&typeid=i","cat":288383},{"id":15737,"n":"Laque Cheveux L'Oréal Paris Elnett Fixation Normale - 150ml","p":4.74,"u":"31,60 €/L","img":"https://fd9-photos.leclercdrive.fr/image.ashx?id=2056005&use=l&cat=p&typeid=i","cat":284609},{"id":15741,"n":"Tampons Doulys Compact Super - x20","p":2.35,"u":"0,12 €/P","img":"https://fd9-photos.leclercdrive.fr/image.ashx?id=2965470&use=l&cat=p&typeid=i","cat":284626},{"id":15746,"n":"Soupe Liquide Liebig  Bisque de Homard - 300g","p":2.4,"u":"8,00 €/KG","img":"https://fd9-photos.leclercdrive.fr/image.ashx?id=2651390&use=l&cat=p&typeid=i","cat":287366},{"id":15801,"n":"IGP Pays d'Oc rosé Cinsault Syrah Ormes de Cambras 12% 75cl","p":2.67,"u":"3,56 €/L","img":"https://fd9-photos.leclercdrive.fr/image.ashx?id=2105158&use=l&cat=p&typeid=i","cat":289558},{"id":15805,"n":"Boisson énergisante Red Bull sans sucres, 4x250ml","p":3.98,"u":"3,98 €/L","img":"https://fd9-photos.leclercdrive.fr/image.ashx?id=3009371&use=l&cat=p&typeid=i","cat":284533},{"id":15807,"n":"Boisson aux fruits Oasis Goût Pomme Cassis Framboise 2L","p":2.44,"u":"1,22 €/L","img":"https://fd9-photos.leclercdrive.fr/image.ashx?id=3014452&use=l&cat=p&typeid=i","cat":295018},{"id":15808,"n":"AOC Côtes du Rhône rosé Prestige Cellier Dauphins 75cl","p":3.46,"u":"4,61 €/L","img":"https://fd9-photos.leclercdrive.fr/image.ashx?id=2829988&use=l&cat=p&typeid=i","cat":289558},{"id":15875,"n":"Eau de Cologne Bien Etre Naturelle - 250ml","p":4.35,"u":"17,40 €/L","img":"https://fd9-photos.leclercdrive.fr/image.ashx?id=2353665&use=l&cat=p&typeid=i","cat":291525},{"id":15889,"n":"Huile sèche Petit Marseillais Sublimante - 150ml","p":6.13,"u":"40,87 €/L","img":"https://fd9-photos.leclercdrive.fr/image.ashx?id=2830138&use=l&cat=p&typeid=i","cat":325349},{"id":15895,"n":"Soin cheveux nutrition Garnier Cheveu bouclé à frisé - 200ml","p":2.37,"u":"11,85 €/L","img":"https://fd9-photos.leclercdrive.fr/image.ashx?id=2985354&use=l&cat=p&typeid=i","cat":284608},{"id":15908,"n":"Shampooing Pétrol Hahn original Cheveux normaux 250ml","p":2.38,"u":"9,52 €/L","img":"https://fd9-photos.leclercdrive.fr/image.ashx?id=2480512&use=l&cat=p&typeid=i","cat":284621},{"id":15909,"n":"Shampooing Pétrol Hahn Anti-chûte 250ml","p":2.33,"u":"9,32 €/L","img":"https://fd9-photos.leclercdrive.fr/image.ashx?id=2450649&use=l&cat=p&typeid=i","cat":284606},{"id":15910,"n":"Lait de toilette Mixa Bébé  Très Doux - 400ml","p":3.48,"u":"8,70 €/L","img":"https://fd9-photos.leclercdrive.fr/image.ashx?id=2548672&use=l&cat=p&typeid=i","cat":284740},{"id":15912,"n":"Mousse à raser Williams Peau sensible 200ml","p":1.63,"u":"8,15 €/L","img":"https://fd9-photos.leclercdrive.fr/image.ashx?id=2785976&use=l&cat=p&typeid=i","cat":284617},{"id":15916,"n":"Baume après rasage Nivéa For Men Hydratant - 100ml","p":6.1,"u":"61,00 €/L","img":"https://fd9-photos.leclercdrive.fr/image.ashx?id=2981653&use=l&cat=p&typeid=i","cat":288147},{"id":15919,"n":"Soin hydratant L'Oréal Paris Men Expert Anti-fatigue - 50ml","p":5.79,"u":"115,80 €/L","img":"https://fd9-photos.leclercdrive.fr/image.ashx?id=2811278&use=l&cat=p&typeid=i","cat":284622},{"id":15929,"n":"Masque nutri-extrême Dessange Cheveux Très Secs - 250ml","p":5.7,"u":"22,80 €/L","img":"https://fd9-photos.leclercdrive.fr/image.ashx?id=2458742&use=l&cat=p&typeid=i","cat":284608},{"id":15937,"n":"Serviette Hygienique Vania  Maxi confort normal plus - x16","p":1.76,"u":"0,11 €/P","img":"https://fd9-photos.leclercdrive.fr/image.ashx?id=2908027&use=l&cat=p&typeid=i","cat":284624},{"id":15969,"n":"Gel nettoyant canalisations  Destop Javel Agrumes - 750ml","p":2.58,"u":"3,44 €/L","img":"https://fd9-photos.leclercdrive.fr/image.ashx?id=2885956&use=l&cat=p&typeid=i","cat":284908},{"id":16020,"n":"Gambas ASC Pêche Océan Géantes tigrées 8/12pièces 400g","p":10.8,"u":"27,00 €/KG","img":"https://fd9-photos.leclercdrive.fr/image.ashx?id=1469048&use=l&cat=p&typeid=i","cat":319787},{"id":16025,"n":"Yaourts Lait entier Bio Village Bio Fraise morceaux - 4x125g","p":1.5,"u":"3,00 €/KG","img":"https://fd9-photos.leclercdrive.fr/image.ashx?id=1954236&use=l&cat=p&typeid=i","cat":284410},{"id":16031,"n":"Epinards en branches Bio Bio Village - 600g","p":1.65,"u":"2,75 €/KG","img":"https://fd9-photos.leclercdrive.fr/image.ashx?id=2891800&use=l&cat=p&typeid=i","cat":319805},{"id":16033,"n":"Choux-fleurs Bio Bio Village En fleurettes - 600g","p":1.99,"u":"3,32 €/KG","img":"https://fd9-photos.leclercdrive.fr/image.ashx?id=2891794&use=l&cat=p&typeid=i","cat":319805},{"id":16034,"n":"Petits pois Bio Bio Village Très fins - 600g","p":2.39,"u":"3,98 €/KG","img":"https://fd9-photos.leclercdrive.fr/image.ashx?id=2891791&use=l&cat=p&typeid=i","cat":319805},{"id":16043,"n":"Crevettes cuites Pêche Océan Décortiquées - MSC - 200g","p":3.49,"u":"17,45 €/KG","img":"https://fd9-photos.leclercdrive.fr/image.ashx?id=2478766&use=l&cat=p&typeid=i","cat":319787},{"id":16046,"n":"Fromage de chèvre Les Croisés Frais rond - 200g","p":1.89,"u":"9,45 €/KG","img":"https://fd9-photos.leclercdrive.fr/image.ashx?id=2281099&use=l&cat=p&typeid=i","cat":314031},{"id":16061,"n":"Sauce Tomates Barilla Basilic - 400g","p":1.67,"u":"4,18 €/KG","img":"https://fd9-photos.leclercdrive.fr/image.ashx?id=2832518&use=l&cat=p&typeid=i","cat":287599},{"id":16062,"n":"Sauce Pesto Genovese Barilla Au basilic frais - 190g","p":1.98,"u":"10,42 €/KG","img":"https://fd9-photos.leclercdrive.fr/image.ashx?id=2737585&use=l&cat=p&typeid=i","cat":287599},{"id":16063,"n":"Sauce Pesto Barilla Rosso - 200g","p":1.95,"u":"9,75 €/KG","img":"https://fd9-photos.leclercdrive.fr/image.ashx?id=2308348&use=l&cat=p&typeid=i","cat":287599},{"id":16065,"n":"Bouillon de boeuf Maggi 8 tablettes 80g","p":0.88,"u":"11,00 €/KG","img":"https://fd9-photos.leclercdrive.fr/image.ashx?id=2729932&use=l&cat=p&typeid=i","cat":288379},{"id":16076,"n":"Sauce Italienne Zapetti 3x95g","p":2.33,"u":"8,18 €/KG","img":"https://fd9-photos.leclercdrive.fr/image.ashx?id=2579978&use=l&cat=p&typeid=i","cat":288384},{"id":16077,"n":"Sauce tomate cuisinée Zapetti 3x95g","p":1.59,"u":"5,58 €/KG","img":"https://fd9-photos.leclercdrive.fr/image.ashx?id=2579981&use=l&cat=p&typeid=i","cat":288384},{"id":16153,"n":"Biscuits petit déj Bio Village Bio Chocolat / Noisettes - 200g","p":2.08,"u":"10,40 €/KG","img":"https://fd9-photos.leclercdrive.fr/image.ashx?id=2371560&use=l&cat=p&typeid=i","cat":284491},{"id":16171,"n":"Riz Thaï Bio Village Bio - 500g","p":2.45,"u":"4,90 €/KG","img":"https://fd9-photos.leclercdrive.fr/image.ashx?id=2441510&use=l&cat=p&typeid=i","cat":284428},{"id":16172,"n":"Mini Barres chocolatées Lion x18 barres - 350g","p":3.89,"u":"11,11 €/KG","img":"https://fd9-photos.leclercdrive.fr/image.ashx?id=2925553&use=l&cat=p&typeid=i","cat":284498},{"id":16206,"n":"Pop corn Menguy's Goût sucré 3x90g","p":1.7,"u":"6,30 €/KG","img":"https://fd9-photos.leclercdrive.fr/image.ashx?id=2966020&use=l&cat=p&typeid=i","cat":304249},{"id":16254,"n":"Câpres surfines Rustica Au vinaigre - 60g","p":1.23,"u":"20,50 €/KG","img":"https://fd9-photos.leclercdrive.fr/image.ashx?id=1677666&use=l&cat=p&typeid=i","cat":284458},{"id":16271,"n":"Maïs Géant Vert extra croquant sans résidu pesticides - 285g","p":1.14,"u":"4,00 €/KG","img":"https://fd9-photos.leclercdrive.fr/image.ashx?id=2754267&use=l&cat=p&typeid=i","cat":312611},{"id":16272,"n":"Maïs Géant Vert extra tendre sans résidu pesticides - 285g","p":1.12,"u":"3,93 €/KG","img":"https://fd9-photos.leclercdrive.fr/image.ashx?id=2462448&use=l&cat=p&typeid=i","cat":312611},{"id":16303,"n":"Petits oignons Rustica Vinaigre doux - 190g","p":0.79,"u":"4,16 €/KG","img":"https://fd9-photos.leclercdrive.fr/image.ashx?id=2916683&use=l&cat=p&typeid=i","cat":284458},{"id":16429,"n":"Oeufs frais plein air Bio Bio village - x10","p":3.41,"u":"0,34 €/P","img":"https://fd9-photos.leclercdrive.fr/image.ashx?id=1523342&use=l&cat=p&typeid=i","cat":284378},{"id":16430,"n":"Lait de coco bio Jardin Bio Bio - 400ml","p":2.4,"u":"6,00 €/L","img":"https://fd9-photos.leclercdrive.fr/image.ashx?id=2790132&use=l&cat=p&typeid=i","cat":288992},{"id":16431,"n":"Raviolis bio boeuf Jardin Bio 72cl","p":4.55,"u":"6,32 €/L","img":"https://fd9-photos.leclercdrive.fr/image.ashx?id=2972469&use=l&cat=p&typeid=i","cat":284442},{"id":16432,"n":"Pâte brisée Bio  Bio village - 230g","p":1.99,"u":"8,65 €/KG","img":"https://fd9-photos.leclercdrive.fr/image.ashx?id=2274177&use=l&cat=p&typeid=i","cat":333681},{"id":16433,"n":"Pâte feuilletée Bio Bio village - 230g","p":1.65,"u":"7,17 €/KG","img":"https://fd9-photos.leclercdrive.fr/image.ashx?id=2969006&use=l&cat=p&typeid=i","cat":333681},{"id":16434,"n":"Raviolis aux 3 fromages Bio Bio village - 250g","p":2.9,"u":"11,60 €/KG","img":"https://fd9-photos.leclercdrive.fr/image.ashx?id=596363&use=l&cat=p&typeid=i","cat":333682},{"id":16435,"n":"Tagliatelles fraîches Bio Bio village - 250g","p":1.39,"u":"5,56 €/KG","img":"https://fd9-photos.leclercdrive.fr/image.ashx?id=1879969&use=l&cat=p&typeid=i","cat":333682},{"id":16436,"n":"Pâtes torsades Bio Village Bio -  500g","p":0.85,"u":"1,70 €/KG","img":"https://fd9-photos.leclercdrive.fr/image.ashx?id=2625367&use=l&cat=p&typeid=i","cat":284427},{"id":16438,"n":"Riz long Bio Village Bio - 500g","p":1.94,"u":"3,88 €/KG","img":"https://fd9-photos.leclercdrive.fr/image.ashx?id=2582996&use=l&cat=p&typeid=i","cat":284428},{"id":16439,"n":"Riz Basmati Bio Village Bio - 500g","p":1.5,"u":"3,00 €/KG","img":"https://fd9-photos.leclercdrive.fr/image.ashx?id=2441507&use=l&cat=p&typeid=i","cat":284428},{"id":16490,"n":"Yaourt nature 0% MG Bio Bio village - 4x125g","p":1.34,"u":"2,68 €/KG","img":"https://fd9-photos.leclercdrive.fr/image.ashx?id=2077427&use=l&cat=p&typeid=i","cat":315000},{"id":16492,"n":"Légumes pour couscous bio Jardin Bio - 660g","p":2.64,"u":"3,67 €/L","img":"https://fd9-photos.leclercdrive.fr/image.ashx?id=2534887&use=l&cat=p&typeid=i","cat":312612},{"id":16493,"n":"Pâte à tartiner bio Jardin Bio Cacao noisettes - 350g","p":3.65,"u":"10,43 €/KG","img":"https://fd9-photos.leclercdrive.fr/image.ashx?id=2918844&use=l&cat=p&typeid=i","cat":284481},{"id":16520,"n":"Mayonnaise Eco+ Bocal - 470g","p":1.17,"u":"2,49 €/KG","img":"https://fd9-photos.leclercdrive.fr/image.ashx?id=2954322&use=l&cat=p&typeid=i","cat":298295},{"id":16522,"n":"Soufflés cacahuète Eco+ 100g","p":0.34,"u":"3,40 €/KG","img":"https://fd9-photos.leclercdrive.fr/image.ashx?id=2678785&use=l&cat=p&typeid=i","cat":284449},{"id":16524,"n":"Pâtes Eco+ Spaghetti - 1kg","p":1.02,"u":"1,02 €/KG","img":"https://fd9-photos.leclercdrive.fr/image.ashx?id=2517178&use=l&cat=p&typeid=i","cat":284427},{"id":16525,"n":"Purée de pommes de terre Eco+ Déshydratée 4x125g","p":1.39,"u":"2,78 €/KG","img":"https://fd9-photos.leclercdrive.fr/image.ashx?id=2961656&use=l&cat=p&typeid=i","cat":284431},{"id":16526,"n":"Assortiment biscuits salés Eco+ 350g","p":1.06,"u":"3,03 €/KG","img":"https://fd9-photos.leclercdrive.fr/image.ashx?id=2613255&use=l&cat=p&typeid=i","cat":297000},{"id":16536,"n":"Sucre Eco+ En morceaux - 1kg","p":1.33,"u":"1,33 €/KG","img":"https://fd9-photos.leclercdrive.fr/image.ashx?id=2174651&use=l&cat=p&typeid=i","cat":284502},{"id":16547,"n":"Barquette chiens Eco+ A la Volaille - 300g","p":0.52,"u":"1,73 €/KG","img":"https://fd9-photos.leclercdrive.fr/image.ashx?id=2052727&use=l&cat=p&typeid=i","cat":284673},{"id":16550,"n":"Limonade Eco+ 1,5L","p":0.38,"u":"0,25 €/L","img":"https://fd9-photos.leclercdrive.fr/image.ashx?id=2245752&use=l&cat=p&typeid=i","cat":284531},{"id":16552,"n":"Jus de pomme abc Eco+ 1L","p":0.85,"u":"0,85 €/L","img":"https://fd9-photos.leclercdrive.fr/image.ashx?id=2802269&use=l&cat=p&typeid=i","cat":284522},{"id":16554,"n":"Soda cola light 1,5l","p":0.4,"u":"0,27 €/L","img":"https://fd9-photos.leclercdrive.fr/image.ashx?id=2071234&use=l&cat=p&typeid=i","cat":284530},{"id":16558,"n":"Thé glacé pêche Eco  2L","p":1.25,"u":"0,63 €/L","img":"https://fd9-photos.leclercdrive.fr/image.ashx?id=2764955&use=l&cat=p&typeid=i","cat":295019},{"id":16560,"n":"Lingettes multi-usages Eco+ Citron x50","p":0.62,"img":"https://fd9-photos.leclercdrive.fr/image.ashx?id=2958675&use=l&cat=p&typeid=i","cat":325358},{"id":16561,"n":"Eau de javel Eco+ Bidon - 5L","p":1.09,"u":"0,22 €/L","img":"https://fd9-photos.leclercdrive.fr/image.ashx?id=2883913&use=l&cat=p&typeid=i","cat":284661},{"id":16570,"n":"Saucisse sèche droite Eco+ 250g","p":1.78,"u":"7,12 €/KG","img":"https://fd9-photos.leclercdrive.fr/image.ashx?id=2845137&use=l&cat=p&typeid=i","cat":316006},{"id":16571,"n":"Tagliatelles fraiches Eco+ 500g","p":1.4,"u":"2,80 €/KG","img":"https://fd9-photos.leclercdrive.fr/image.ashx?id=2751850&use=l&cat=p&typeid=i","cat":333682},{"id":16577,"n":"Crème sous pression Eco+ Crème légère et sucrée - 250g","p":1.69,"u":"6,76 €/KG","img":"https://fd9-photos.leclercdrive.fr/image.ashx?id=2856242&use=l&cat=p&typeid=i","cat":284382},{"id":16582,"n":"Pommes frites Eco+ 2,5kg","p":2.81,"u":"1,12 €/KG","img":"https://fd9-photos.leclercdrive.fr/image.ashx?id=1292399&use=l&cat=p&typeid=i","cat":319791},{"id":16583,"n":"Pommes rissolées surgelées Eco+ 1kg","p":1.11,"u":"1,11 €/KG","img":"https://fd9-photos.leclercdrive.fr/image.ashx?id=2085934&use=l&cat=p&typeid=i","cat":319792},{"id":16642,"n":"Génoises fourrées P'tit Déli Agrumes - 150g","p":1.09,"u":"7,27 €/KG","img":"https://fd9-photos.leclercdrive.fr/image.ashx?id=2482502&use=l&cat=p&typeid=i","cat":284489},{"id":16701,"n":"Bouchées RAFFAELLO Noix de coco Amandes - 180g","p":4.71,"u":"26,17 €/KG","img":"https://fd9-photos.leclercdrive.fr/image.ashx?id=2937857&use=l&cat=p&typeid=i","cat":327595},{"id":16737,"n":"Viande hachée 15% MG Férial 500g","p":6.99,"u":"13,98 €/KG","img":"https://fd9-photos.leclercdrive.fr/image.ashx?id=2273337&use=l&cat=p&typeid=i","cat":284332},{"id":16741,"n":"Viande hachée 5% MG Férial 350g","p":5.6,"u":"16,00 €/KG","img":"https://fd9-photos.leclercdrive.fr/image.ashx?id=1932969&use=l&cat=p&typeid=i","cat":284332},{"id":16742,"n":"Steak haché Férial 15%mg - 800g","p":10.37,"u":"12,96 €/KG","img":"https://fd9-photos.leclercdrive.fr/image.ashx?id=2904004&use=l&cat=p&typeid=i","cat":284332},{"id":16747,"n":"Viande hachée 15% MG Férial 350g","p":5.23,"u":"14,94 €/KG","img":"https://fd9-photos.leclercdrive.fr/image.ashx?id=1932966&use=l&cat=p&typeid=i","cat":284332},{"id":16765,"n":"Steak haché Férial pur boeuf 5%mg - 250g","p":4.15,"u":"16,60 €/KG","img":"https://fd9-photos.leclercdrive.fr/image.ashx?id=2241450&use=l&cat=p&typeid=i","cat":284332},{"id":16782,"n":"Steak haché Férial 15%mg 250g","p":3.69,"u":"14,76 €/KG","img":"https://fd9-photos.leclercdrive.fr/image.ashx?id=2241453&use=l&cat=p&typeid=i","cat":284332},{"id":16803,"n":"AOC Champagne Président Germain Brut - 75cl","p":24.9,"u":"33,20 €/L","img":"https://fd9-photos.leclercdrive.fr/image.ashx?id=1567645&use=l&cat=p&typeid=i","cat":284542},{"id":16841,"n":"Génoises fourrées P'tit Déli Framboise cassis - 150g","p":1.06,"u":"7,07 €/KG","img":"https://fd9-photos.leclercdrive.fr/image.ashx?id=2473981&use=l&cat=p&typeid=i","cat":284489},{"id":16842,"n":"Spéculoos P'tit Déli 2x250g","p":1.47,"u":"2,94 €/KG","img":"https://fd9-photos.leclercdrive.fr/image.ashx?id=2046364&use=l&cat=p&typeid=i","cat":284487},{"id":16847,"n":"Chewing-gum Freedent white Menthe douce 70g","p":2.14,"u":"30,57 €/KG","img":"https://fd9-photos.leclercdrive.fr/image.ashx?id=2237289&use=l&cat=p&typeid=i","cat":304251},{"id":16848,"n":"Chewing gum Freedent white Menthe verte 70g","p":2.13,"u":"30,43 €/KG","img":"https://fd9-photos.leclercdrive.fr/image.ashx?id=2355899&use=l&cat=p&typeid=i","cat":304251},{"id":16849,"n":"Chewing-gum Freedent white Menthe forte 70g","p":2.13,"u":"30,43 €/KG","img":"https://fd9-photos.leclercdrive.fr/image.ashx?id=2237292&use=l&cat=p&typeid=i","cat":304251},{"id":16920,"n":"Coeurs d'artichaut Notre Jardin 240g","p":2.49,"u":"10,38 €/KG","img":"https://fd9-photos.leclercdrive.fr/image.ashx?id=2501994&use=l&cat=p&typeid=i","cat":312611},{"id":17014,"n":"Fromage apéritif Apéricube Sélection festive 48 cubes","p":4.17,"u":"16,68 €/KG","img":"https://fd9-photos.leclercdrive.fr/image.ashx?id=2882665&use=l&cat=p&typeid=i","cat":314027},{"id":17036,"n":"Mouchoirs blancs 3 plis Caresse Boîte mouchoirs papier x90","p":1.04,"u":"0,01 €/P","img":"https://fd9-photos.leclercdrive.fr/image.ashx?id=1286020&use=l&cat=p&typeid=i","cat":284638},{"id":17104,"n":"Tuiles Tokapi  Nature - 170g","p":1.35,"u":"7,94 €/KG","img":"https://fd9-photos.leclercdrive.fr/image.ashx?id=2119537&use=l&cat=p&typeid=i","cat":287899},{"id":17105,"n":"Chips Tuiles Tokapi Crème oignon - 170g","p":1.35,"u":"7,94 €/KG","img":"https://fd9-photos.leclercdrive.fr/image.ashx?id=2081681&use=l&cat=p&typeid=i","cat":287899},{"id":17108,"n":"Brume d'eau pure Inell 150ml","p":1.25,"u":"8,33 €/L","img":"https://fd9-photos.leclercdrive.fr/image.ashx?id=2712980&use=l&cat=p&typeid=i","cat":290295},{"id":17112,"n":"Limonade Bio village Bio - 1L","p":0.96,"u":"0,96 €/L","img":"https://fd9-photos.leclercdrive.fr/image.ashx?id=2632900&use=l&cat=p&typeid=i","cat":284531},{"id":17113,"n":"Cidre bouché Bio village Bio 4% vol - 75cl","p":2.29,"u":"3,05 €/L","img":"https://fd9-photos.leclercdrive.fr/image.ashx?id=2907255&use=l&cat=p&typeid=i","cat":334880},{"id":17133,"n":"Empresure café Malo 4x125g","p":2.06,"u":"4,12 €/KG","img":"https://fd9-photos.leclercdrive.fr/image.ashx?id=2756275&use=l&cat=p&typeid=i","cat":285041},{"id":17158,"n":"Mozzarella Bio  Bio village - 125g","p":1.21,"u":"9,68 €/KG","img":"https://fd9-photos.leclercdrive.fr/image.ashx?id=2077436&use=l&cat=p&typeid=i","cat":314026},{"id":17189,"n":"Biscuit petit dej P'tit Déli Miel/pépites chocolat - 400g","p":2.15,"u":"5,38 €/KG","img":"https://fd9-photos.leclercdrive.fr/image.ashx?id=1977377&use=l&cat=p&typeid=i","cat":284491},{"id":17220,"n":"Nettoyant spray Clair Anti-calcaire 750ml","p":0.94,"u":"1,25 €/L","img":"https://fd9-photos.leclercdrive.fr/image.ashx?id=597569&use=l&cat=p&typeid=i","cat":325362},{"id":17223,"n":"Mouchoirs blancs 3 plis Caresse Boîte déco décor aléatoire x70","p":1.52,"u":"0,02 €/P","img":"https://fd9-photos.leclercdrive.fr/image.ashx?id=2380806&use=l&cat=p&typeid=i","cat":284638},{"id":17290,"n":"Pâtes Alpina Avoine - 500g","p":1.54,"u":"3,08 €/KG","img":"https://fd9-photos.leclercdrive.fr/image.ashx?id=2789856&use=l&cat=p&typeid=i","cat":284427},{"id":17293,"n":"Génoise mix milk Balconi Pâtissier x10 280g","p":1.86,"u":"10,33 €/KG","img":"https://fd9-photos.leclercdrive.fr/image.ashx?id=2878411&use=l&cat=p&typeid=i","cat":284495},{"id":17294,"n":"Pâtes crozets nature Alpina 400g","p":2.68,"u":"6,70 €/KG","img":"https://fd9-photos.leclercdrive.fr/image.ashx?id=2795072&use=l&cat=p&typeid=i","cat":284427},{"id":17295,"n":"Pâtes crozets Alpina Savoie Au sarrasin - 400g","p":2.86,"u":"7,15 €/KG","img":"https://fd9-photos.leclercdrive.fr/image.ashx?id=2795075&use=l&cat=p&typeid=i","cat":284427},{"id":17303,"n":"Gros sel de mer iodé Baleine 1kg","p":0.66,"u":"0,66 €/KG","img":"https://fd9-photos.leclercdrive.fr/image.ashx?id=2788526&use=l&cat=p&typeid=i","cat":284457},{"id":17338,"n":"Feutres de coloriage Esquisse Lavable - Pointe moyenne x24","p":2.3,"img":"https://fd9-photos.leclercdrive.fr/image.ashx?id=2727659&use=l&cat=p&typeid=i","cat":284696},{"id":17340,"n":"Pizza Cuite sur pierre Turini  Poulet rôti poivrons - 400g","p":2.23,"u":"5,58 €/KG","img":"https://fd9-photos.leclercdrive.fr/image.ashx?id=2815235&use=l&cat=p&typeid=i","cat":284256},{"id":17348,"n":"Lanières poivrons Notre Jardin 600g","p":2.15,"u":"3,58 €/KG","img":"https://fd9-photos.leclercdrive.fr/image.ashx?id=2996018&use=l&cat=p&typeid=i","cat":319805},{"id":17362,"n":"Moules ASC Pêche Océan Décortiquées - 500g","p":3.38,"u":"6,76 €/KG","img":"https://fd9-photos.leclercdrive.fr/image.ashx?id=2860070&use=l&cat=p&typeid=i","cat":319787},{"id":17390,"n":"Tampon à récurer Mamison x3","p":0.68,"u":"0,23 €/P","img":"https://fd9-photos.leclercdrive.fr/image.ashx?id=3015389&use=l&cat=p&typeid=i","cat":284667},{"id":17392,"n":"Mouchoirs blanc 4 plis Univert Etuis x15 - Ecolabel","p":1.95,"u":"0,13 €/P","img":"https://fd9-photos.leclercdrive.fr/image.ashx?id=1972540&use=l&cat=p&typeid=i","cat":284638},{"id":17410,"n":"Gel anticalcaire Texil 750ml","p":2.59,"u":"3,45 €/L","img":"https://fd9-photos.leclercdrive.fr/image.ashx?id=2988939&use=l&cat=p&typeid=i","cat":284653},{"id":17413,"n":"Sacs congélation zip Elembal Petit modèle x25","p":1.45,"u":"0,06 €/P","img":"https://fd9-photos.leclercdrive.fr/image.ashx?id=2113031&use=l&cat=p&typeid=i","cat":334134},{"id":17414,"n":"Activateur de lavage Textil Spécial blanc 10 tablettes","p":2.1,"u":"9,33 €/KG","img":"https://fd9-photos.leclercdrive.fr/image.ashx?id=2964565&use=l&cat=p&typeid=i","cat":284651},{"id":17423,"n":"IGP Côtes de Gascogne vin blanc Terrasses d'Autan - 75cl","p":2.99,"u":"3,99 €/L","img":"https://fd9-photos.leclercdrive.fr/image.ashx?id=2886448&use=l&cat=p&typeid=i","cat":289557},{"id":17425,"n":"Fromage blanc Délisse Vanille 2,5%MG - 8x100g","p":2.82,"u":"3,53 €/KG","img":"https://fd9-photos.leclercdrive.fr/image.ashx?id=3012827&use=l&cat=p&typeid=i","cat":284409},{"id":17469,"n":"Biscuits P'tit Déli Bâtonnets Chocolat blanc 150g","p":1.7,"u":"11,33 €/KG","img":"https://fd9-photos.leclercdrive.fr/image.ashx?id=2470195&use=l&cat=p&typeid=i","cat":284488},{"id":17476,"n":"Boudins noirs aux oignons Tradilège x3 - 375g","p":2.65,"u":"7,07 €/KG","img":"https://fd9-photos.leclercdrive.fr/image.ashx?id=1540488&use=l&cat=p&typeid=i","cat":316012},{"id":17478,"n":"Boudins noirs Tradilège Aux pommes 3x125g","p":3.55,"u":"9,47 €/KG","img":"https://fd9-photos.leclercdrive.fr/image.ashx?id=1728544&use=l&cat=p&typeid=i","cat":316012},{"id":17571,"n":"Crème entière fluide UHT Délisse - Brique 30%mg - 1L","p":4.25,"u":"4,25 €/L","img":"https://fd9-photos.leclercdrive.fr/image.ashx?id=2509980&use=l&cat=p&typeid=i","cat":284381},{"id":17584,"n":"Dissolvant Maybelline New York Manucure Express - 125ml","p":2.9,"u":"23,20 €/L","img":"https://fd9-photos.leclercdrive.fr/image.ashx?id=2348367&use=l&cat=p&typeid=i","cat":325347},{"id":17627,"n":"Mini bûches glacées Eskiss Assortiment - 311g","p":2.29,"u":"7,36 €/KG","img":"https://fd9-photos.leclercdrive.fr/image.ashx?id=2791263&use=l&cat=p&typeid=i","cat":284266},{"id":17653,"n":"Fromage apéritif Apéricube Best of des saveurs 48 cubes","p":4.17,"u":"16,68 €/KG","img":"https://fd9-photos.leclercdrive.fr/image.ashx?id=2882662&use=l&cat=p&typeid=i","cat":314027},{"id":17694,"n":"Couches bébé Mots d'Enfants T4+ Ultra confort - 9/20kg - x144","p":20.5,"u":"0,14 €/P","img":"https://fd9-photos.leclercdrive.fr/image.ashx?id=1981459&use=l&cat=p&typeid=i","cat":284737},{"id":17709,"n":"Sauce au poivre Knorr A la crème fraiche - 30cl","p":1.37,"u":"4,57 €/L","img":"https://fd9-photos.leclercdrive.fr/image.ashx?id=2985096&use=l&cat=p&typeid=i","cat":288381},{"id":17710,"n":"Sauce Hollandaise Knorr Au jus de citron - 30cl","p":1.44,"u":"4,80 €/L","img":"https://fd9-photos.leclercdrive.fr/image.ashx?id=2985099&use=l&cat=p&typeid=i","cat":288381},{"id":17717,"n":"Blanc de poulet Tradilège x4 160g","p":1.36,"u":"8,50 €/KG","img":"https://fd9-photos.leclercdrive.fr/image.ashx?id=2925738&use=l&cat=p&typeid=i","cat":316010},{"id":17718,"n":"Blanc de dinde Tradilège 4 tranches 160g","p":1.65,"u":"10,31 €/KG","img":"https://fd9-photos.leclercdrive.fr/image.ashx?id=2394735&use=l&cat=p&typeid=i","cat":316010},{"id":17767,"n":"Gambas entières Pêche Océan ASC - 400g","p":8.99,"u":"22,48 €/KG","img":"https://fd9-photos.leclercdrive.fr/image.ashx?id=1469051&use=l&cat=p&typeid=i","cat":319787},{"id":17768,"n":"Boudins blancs au porto Tradilège x3 - 375g","p":3.78,"u":"10,08 €/KG","img":"https://fd9-photos.leclercdrive.fr/image.ashx?id=2080795&use=l&cat=p&typeid=i","cat":316012},{"id":17783,"n":"Chocolats Ferrero Rocher x24 pralines - 300g","p":8.79,"u":"29,30 €/KG","img":"https://fd9-photos.leclercdrive.fr/image.ashx?id=2944999&use=l&cat=p&typeid=i","cat":327600},{"id":17813,"n":"Détachant Texil avant lavage 500ml","p":1.75,"u":"3,50 €/L","img":"https://fd9-photos.leclercdrive.fr/image.ashx?id=2958708&use=l&cat=p&typeid=i","cat":284651},{"id":17845,"n":"Saumon crème fraîche Marie Fondue poireaux 400g","p":4.93,"u":"12,33 €/KG","img":"https://fd9-photos.leclercdrive.fr/image.ashx?id=2996785&use=l&cat=p&typeid=i","cat":319786},{"id":17899,"n":"Knacks pur porc Tradilège Fumées au bois x10 - 350g","p":1.55,"u":"4,43 €/KG","img":"https://fd9-photos.leclercdrive.fr/image.ashx?id=2174753&use=l&cat=p&typeid=i","cat":316012},{"id":17901,"n":"Macaroni d'Alsace NRT 250g","p":1.39,"u":"5,56 €/KG","img":"https://fd9-photos.leclercdrive.fr/image.ashx?id=2839989&use=l&cat=p&typeid=i","cat":284427},{"id":17917,"n":"Nettoyant canalisations Ouragan Fraîcheur mentholée - 1L","p":3.24,"u":"3,24 €/L","img":"https://fd9-photos.leclercdrive.fr/image.ashx?id=2367544&use=l&cat=p&typeid=i","cat":284662},{"id":17931,"n":"Soupe Crème de potiron Knorr Déshydratée - 1L","p":1.38,"u":"1,38 €/L","img":"https://fd9-photos.leclercdrive.fr/image.ashx?id=2790813&use=l&cat=p&typeid=i","cat":284463},{"id":17932,"n":"Soupe forestière Knorr Déshydratée - 750ml","p":1.05,"u":"1,40 €/L","img":"https://fd9-photos.leclercdrive.fr/image.ashx?id=2790810&use=l&cat=p&typeid=i","cat":284463},{"id":17995,"n":"Acide chlorhydrique Phébus Détartrant puissant 1L","p":2.27,"u":"2,27 €/L","img":"https://fd9-photos.leclercdrive.fr/image.ashx?id=2432088&use=l&cat=p&typeid=i","cat":300576},{"id":18000,"n":"Lait céréales Blédidej 12 mois Chocolat biscuité - 4x250ml","p":3.45,"u":"3,45 €/L","img":"https://fd9-photos.leclercdrive.fr/image.ashx?id=2921028&use=l&cat=p&typeid=i","cat":312226},{"id":18003,"n":"Lait céréales Blédidej 12 mois Vanille chocolat - 4x250ml","p":3.4,"u":"3,40 €/L","img":"https://fd9-photos.leclercdrive.fr/image.ashx?id=2921031&use=l&cat=p&typeid=i","cat":312226},{"id":18066,"n":"Nouilles chinoises Suzi Wan En nid - 250g","p":1.62,"u":"6,48 €/KG","img":"https://fd9-photos.leclercdrive.fr/image.ashx?id=2886253&use=l&cat=p&typeid=i","cat":288992},{"id":18090,"n":"Alcool ménager Mieuxa Vanille 1L","p":4.07,"u":"4,07 €/L","img":"https://fd9-photos.leclercdrive.fr/image.ashx?id=2446023&use=l&cat=p&typeid=i","cat":300576},{"id":18100,"n":"Lait céréales bébé Blédiner 12m Légumes soir - 2x250ml","p":1.79,"u":"3,58 €/L","img":"https://fd9-photos.leclercdrive.fr/image.ashx?id=2960144&use=l&cat=p&typeid=i","cat":312239},{"id":18102,"n":"Lait céréales bébé Blédiner 6m Légume soir - 4x250ml","p":3.58,"u":"3,58 €/L","img":"https://fd9-photos.leclercdrive.fr/image.ashx?id=2730061&use=l&cat=p&typeid=i","cat":312239},{"id":18124,"n":"Pêche poire cerise  Douceur du Verger - 4x70g","p":2.79,"u":"9,96 €/KG","img":"https://fd9-photos.leclercdrive.fr/image.ashx?id=2149378&use=l&cat=p&typeid=i","cat":284507},{"id":18207,"n":"Lingettes démaquillantes Inell x25","p":1.34,"u":"0,05 €/P","img":"https://fd9-photos.leclercdrive.fr/image.ashx?id=1751563&use=l&cat=p&typeid=i","cat":284603},{"id":18208,"n":"Lingettes démaquillantes Inell x25","p":1.34,"u":"0,05 €/P","img":"https://fd9-photos.leclercdrive.fr/image.ashx?id=2752622&use=l&cat=p&typeid=i","cat":284603},{"id":18218,"n":"Chipolatas Férial x6 - 330g","p":3.49,"u":"10,58 €/KG","img":"https://fd9-photos.leclercdrive.fr/image.ashx?id=1938522&use=l&cat=p&typeid=i","cat":284334},{"id":18219,"n":"Merguez Férial x6 - 330g","p":4.19,"u":"12,70 €/KG","img":"https://fd9-photos.leclercdrive.fr/image.ashx?id=2307451&use=l&cat=p&typeid=i","cat":284334},{"id":18221,"n":"Lardons supérieurs Tradilège Nature - 2x100g","p":1.85,"u":"9,25 €/KG","img":"https://fd9-photos.leclercdrive.fr/image.ashx?id=2933340&use=l&cat=p&typeid=i","cat":316011},{"id":18223,"n":"Lardons supérieurs Tradilège Fumés - 2x100g","p":1.85,"u":"9,25 €/KG","img":"https://fd9-photos.leclercdrive.fr/image.ashx?id=2933343&use=l&cat=p&typeid=i","cat":316011},{"id":18224,"n":"Allumettes Tradilège Nature - 2x100g","p":1.75,"u":"8,75 €/KG","img":"https://fd9-photos.leclercdrive.fr/image.ashx?id=2933349&use=l&cat=p&typeid=i","cat":316011},{"id":18225,"n":"Allumettes Tradilège Fumées - 2x100g","p":1.75,"u":"8,75 €/KG","img":"https://fd9-photos.leclercdrive.fr/image.ashx?id=2933346&use=l&cat=p&typeid=i","cat":316011},{"id":18227,"n":"Lardons supérieurs Tradilège Nature - 160g","p":1.5,"u":"9,38 €/KG","img":"https://fd9-photos.leclercdrive.fr/image.ashx?id=2275385&use=l&cat=p&typeid=i","cat":316011},{"id":18230,"n":"Lardons supérieurs Tradilège Fumés - 160g","p":1.48,"u":"9,25 €/KG","img":"https://fd9-photos.leclercdrive.fr/image.ashx?id=2275388&use=l&cat=p&typeid=i","cat":316011},{"id":18233,"n":"Poitrine Fumée Tradilège Tranches fines - 2x7T - 200g","p":2.48,"u":"12,40 €/KG","img":"https://fd9-photos.leclercdrive.fr/image.ashx?id=2059193&use=l&cat=p&typeid=i","cat":316011},{"id":18234,"n":"Jambon blanc Tradilège A l'italienne 4 tranches 120g","p":2.19,"u":"18,25 €/KG","img":"https://fd9-photos.leclercdrive.fr/image.ashx?id=1736029&use=l&cat=p&typeid=i","cat":316009},{"id":18235,"n":"Mousse de foie Tradilège Supérieure 180g","p":1.24,"u":"6,89 €/KG","img":"https://fd9-photos.leclercdrive.fr/image.ashx?id=1410754&use=l&cat=p&typeid=i","cat":316008},{"id":18238,"n":"Mousse de canard Tradilège 180g","p":1.15,"u":"6,39 €/KG","img":"https://fd9-photos.leclercdrive.fr/image.ashx?id=2285045&use=l&cat=p&typeid=i","cat":316008},{"id":18241,"n":"Pâté de campagne Tradilège Supérieur 180g","p":1.25,"u":"6,94 €/KG","img":"https://fd9-photos.leclercdrive.fr/image.ashx?id=1413066&use=l&cat=p&typeid=i","cat":316008},{"id":18245,"n":"Rillettes du Mans Tradilège 220g","p":1.45,"u":"6,59 €/KG","img":"https://fd9-photos.leclercdrive.fr/image.ashx?id=2548124&use=l&cat=p&typeid=i","cat":316008},{"id":18246,"n":"Rillettes du Mans Tradilège 400g","p":2.32,"u":"5,80 €/KG","img":"https://fd9-photos.leclercdrive.fr/image.ashx?id=2580385&use=l&cat=p&typeid=i","cat":316008},{"id":18250,"n":"Saucisses Francfort Tradilège x4 240g","p":2.07,"u":"8,63 €/KG","img":"https://fd9-photos.leclercdrive.fr/image.ashx?id=1847644&use=l&cat=p&typeid=i","cat":316012},{"id":18251,"n":"Knacks Tradilège Fumées au bois - x4 - 140g","p":1.05,"u":"7,50 €/KG","img":"https://fd9-photos.leclercdrive.fr/image.ashx?id=2174750&use=l&cat=p&typeid=i","cat":316012},{"id":18257,"n":"Saucisses Cocktail Tradilège 400g","p":2.82,"u":"7,05 €/KG","img":"https://fd9-photos.leclercdrive.fr/image.ashx?id=2174759&use=l&cat=p&typeid=i","cat":316012},{"id":18259,"n":"Saucisson à l'ail Tradilège Fumé - 300g","p":2.08,"u":"6,93 €/KG","img":"https://fd9-photos.leclercdrive.fr/image.ashx?id=1887559&use=l&cat=p&typeid=i","cat":316006},{"id":18260,"n":"Saucisson à l'ail Tradilège Nature - 300g","p":2.55,"u":"8,50 €/KG","img":"https://fd9-photos.leclercdrive.fr/image.ashx?id=2930745&use=l&cat=p&typeid=i","cat":316006},{"id":18262,"n":"Cervelas supérieur Tradilège 300g","p":2.05,"u":"6,83 €/KG","img":"https://fd9-photos.leclercdrive.fr/image.ashx?id=2421636&use=l&cat=p&typeid=i","cat":316012},{"id":18266,"n":"Dés de jambon Tradilège 2x75g","p":1.49,"u":"9,93 €/KG","img":"https://fd9-photos.leclercdrive.fr/image.ashx?id=2285048&use=l&cat=p&typeid=i","cat":316011},{"id":18268,"n":"Rôti de porc Tradilège 4 tranches 160g","p":2.12,"u":"13,25 €/KG","img":"https://fd9-photos.leclercdrive.fr/image.ashx?id=2175351&use=l&cat=p&typeid=i","cat":316009},{"id":18272,"n":"Mini Boudins Noirs Antillais Tradilège x6 - 375g","p":4.0,"u":"10,67 €/KG","img":"https://fd9-photos.leclercdrive.fr/image.ashx?id=1540494&use=l&cat=p&typeid=i","cat":316012},{"id":18287,"n":"Céréales Extra Kellogg's Chocolat au lait - 500g","p":3.21,"u":"6,42 €/KG","img":"https://fd9-photos.leclercdrive.fr/image.ashx?id=2692707&use=l&cat=p&typeid=i","cat":309512},{"id":18351,"n":"Fromage à tartiner Les Croisés Nature - 25%mg - 150g","p":1.24,"u":"8,27 €/KG","img":"https://fd9-photos.leclercdrive.fr/image.ashx?id=1671226&use=l&cat=p&typeid=i","cat":314029},{"id":18353,"n":"Mini viennoiseries 12p","p":3.2,"u":"0,27 €/P","img":"https://fd9-photos.leclercdrive.fr/image.ashx?id=599241&use=l&cat=p&typeid=i","cat":284984},{"id":18362,"n":"Biscuit bébé Blédina 10 mois Boudoir - 120g","p":1.76,"u":"14,67 €/KG","img":"https://fd9-photos.leclercdrive.fr/image.ashx?id=2801114&use=l&cat=p&typeid=i","cat":312227},{"id":18364,"n":"Haricots rouges D'aucy  250g","p":1.11,"u":"4,44 €/KG","img":"https://fd9-photos.leclercdrive.fr/image.ashx?id=2538434&use=l&cat=p&typeid=i","cat":312606},{"id":18374,"n":"Petits pois d'aucy  Extra-fins - 280g","p":1.05,"u":"3,75 €/KG","img":"https://fd9-photos.leclercdrive.fr/image.ashx?id=2503434&use=l&cat=p&typeid=i","cat":312607},{"id":18375,"n":"Petits pois carottes d''Aucy Extra fins - 265g","p":1.08,"u":"4,08 €/KG","img":"https://fd9-photos.leclercdrive.fr/image.ashx?id=2475324&use=l&cat=p&typeid=i","cat":312607},{"id":18408,"n":"Thon entier Pêche Océan Naturel - 140g","p":1.9,"u":"13,57 €/KG","img":"https://fd9-photos.leclercdrive.fr/image.ashx?id=2942187&use=l&cat=p&typeid=i","cat":303867},{"id":18409,"n":"Thon entier Pêche Océan Naturel - 93g","p":1.39,"u":"14,95 €/KG","img":"https://fd9-photos.leclercdrive.fr/image.ashx?id=2943635&use=l&cat=p&typeid=i","cat":303867},{"id":18410,"n":"Pâtées chat Gold Gourmet Les noisettes -  12x85g","p":5.85,"u":"5,74 €/KG","img":"https://fd9-photos.leclercdrive.fr/image.ashx?id=2908318&use=l&cat=p&typeid=i","cat":285286},{"id":18437,"n":"Allumettes Bacon Tradilège Fumées - 2x100g","p":1.74,"u":"8,70 €/KG","img":"https://fd9-photos.leclercdrive.fr/image.ashx?id=2905952&use=l&cat=p&typeid=i","cat":316011},{"id":18521,"n":"Papier toilette Mimosa Blanc double épaisseur - x12","p":2.85,"u":"0,24 €/P","img":"https://fd9-photos.leclercdrive.fr/image.ashx?id=2434230&use=l&cat=p&typeid=i","cat":284634},{"id":18556,"n":"Feutres pour ardoise Velleda 1721 Fin bleu - Odeur neutre x2","p":1.27,"u":"0,64 €/P","img":"https://fd9-photos.leclercdrive.fr/image.ashx?id=2318465&use=l&cat=p&typeid=i","cat":334133},{"id":18562,"n":"Feuille papier calque Esquisse x12 21x29,7cm","p":1.19,"img":"https://fd9-photos.leclercdrive.fr/image.ashx?id=2943172&use=l&cat=p&typeid=i","cat":284697},{"id":18577,"n":"Papier toilette Mimosa Blanc - Ultra doux - x24","p":4.33,"u":"0,18 €/P","img":"https://fd9-photos.leclercdrive.fr/image.ashx?id=2202389&use=l&cat=p&typeid=i","cat":284634},{"id":18598,"n":"Yaourts à la Grecque Délisse Mûre Framboise - 4x150g","p":1.99,"u":"3,32 €/KG","img":"https://fd9-photos.leclercdrive.fr/image.ashx?id=2699441&use=l&cat=p&typeid=i","cat":314999},{"id":18669,"n":"Snacks Tokapi 4 saveurs - 100g","p":0.87,"u":"8,70 €/KG","img":"https://fd9-photos.leclercdrive.fr/image.ashx?id=2588932&use=l&cat=p&typeid=i","cat":284449},{"id":18670,"n":"Tuiles Tokapi Bacon - 170g","p":1.39,"u":"8,18 €/KG","img":"https://fd9-photos.leclercdrive.fr/image.ashx?id=2081678&use=l&cat=p&typeid=i","cat":287899},{"id":18671,"n":"Tuiles Tokapi Paprika - 170g","p":1.35,"u":"7,94 €/KG","img":"https://fd9-photos.leclercdrive.fr/image.ashx?id=2294653&use=l&cat=p&typeid=i","cat":287899},{"id":18676,"n":"Allume-feu Silex cubes 18 sachets individuels","p":3.23,"img":"https://fd9-photos.leclercdrive.fr/image.ashx?id=658183&use=l&cat=p&typeid=i","cat":300578},{"id":18754,"n":"Boulettes nature Férial x12 - 300g","p":3.67,"u":"12,23 €/KG","img":"https://fd9-photos.leclercdrive.fr/image.ashx?id=1946126&use=l&cat=p&typeid=i","cat":284332},{"id":18853,"n":"Soin de jour Diadermine Lift+ Elastine Anti-rides - 50ml","p":6.84,"u":"136,80 €/L","img":"https://fd9-photos.leclercdrive.fr/image.ashx?id=2464024&use=l&cat=p&typeid=i","cat":325345},{"id":18953,"n":"Thon entier Pêche Océan Naturel - 186g","p":2.5,"u":"13,44 €/KG","img":"https://fd9-photos.leclercdrive.fr/image.ashx?id=2284949&use=l&cat=p&typeid=i","cat":303867},{"id":18968,"n":"Gâteaux mini marbrés P'tit Déli Chocolat x7 - 189g","p":1.59,"u":"8,41 €/KG","img":"https://fd9-photos.leclercdrive.fr/image.ashx?id=1947360&use=l&cat=p&typeid=i","cat":284495},{"id":18996,"n":"Confiture Bonne Maman 4 fruits rouges - 370g","p":2.6,"u":"7,03 €/KG","img":"https://fd9-photos.leclercdrive.fr/image.ashx?id=2547474&use=l&cat=p&typeid=i","cat":284480},{"id":19023,"n":"Sirop Frucci Citron - 1L","p":2.04,"u":"2,04 €/L","img":"https://fd9-photos.leclercdrive.fr/image.ashx?id=2955656&use=l&cat=p&typeid=i","cat":295020},{"id":19066,"n":"Vodka Poliakov 37,5%vol - 1L","p":15.94,"u":"15,94 €/L","img":"https://fd9-photos.leclercdrive.fr/image.ashx?id=2576916&use=l&cat=p&typeid=i","cat":284550},{"id":19098,"n":"Cookies gros éclats Granola Chocolat - 184g","p":1.77,"u":"9,62 €/KG","img":"https://fd9-photos.leclercdrive.fr/image.ashx?id=2996413&use=l&cat=p&typeid=i","cat":325066},{"id":19102,"n":"Croquettes chat Purina One Stérilisé-Saumon/Céréales-1,5kg","p":6.7,"u":"4,47 €/KG","img":"https://fd9-photos.leclercdrive.fr/image.ashx?id=2541268&use=l&cat=p&typeid=i","cat":284680},{"id":19110,"n":"Boeuf Bourguignon Côté Table 300g","p":2.04,"u":"6,80 €/KG","img":"https://fd9-photos.leclercdrive.fr/image.ashx?id=2218874&use=l&cat=p&typeid=i","cat":284953},{"id":19112,"n":"Thé vert Bio Ethiquable Gingembre Citron vert x20 - 36g","p":2.3,"u":"63,89 €/KG","img":"https://fd9-photos.leclercdrive.fr/image.ashx?id=2870842&use=l&cat=p&typeid=i","cat":293233},{"id":19114,"n":"Sucre de canne Bio Ethiquable Complet en poudre - 500g","p":2.2,"u":"4,40 €/KG","img":"https://fd9-photos.leclercdrive.fr/image.ashx?id=2875483&use=l&cat=p&typeid=i","cat":284502},{"id":19116,"n":"Céréales croustillants Bio bjorg  chocolat noir - 500g","p":3.25,"u":"6,50 €/KG","img":"https://fd9-photos.leclercdrive.fr/image.ashx?id=2972967&use=l&cat=p&typeid=i","cat":309512},{"id":19119,"n":"Pains au lait La Boulangère Bio x8 - 280g","p":2.03,"u":"7,25 €/KG","img":"https://fd9-photos.leclercdrive.fr/image.ashx?id=2972460&use=l&cat=p&typeid=i","cat":293505},{"id":19138,"n":"Semoule Couscous Bio Village Semi complet Bio - 500g","p":1.95,"u":"3,90 €/KG","img":"https://fd9-photos.leclercdrive.fr/image.ashx?id=2149381&use=l&cat=p&typeid=i","cat":284429},{"id":19146,"n":"Cappelletti bio Céréal Bio tofu et Chèvre express-220g","p":1.98,"u":"9,00 €/KG","img":"https://fd9-photos.leclercdrive.fr/image.ashx?id=2642372&use=l&cat=p&typeid=i","cat":287600},{"id":19150,"n":"Compotes Andros Délice de rhubarbe - 4x100g","p":2.49,"u":"6,23 €/KG","img":"https://fd9-photos.leclercdrive.fr/image.ashx?id=2845461&use=l&cat=p&typeid=i","cat":284416},{"id":19152,"n":"Huile d'olive Bio Soleou Vierge extra fruttato - 75cl","p":9.78,"u":"13,04 €/L","img":"https://fd9-photos.leclercdrive.fr/image.ashx?id=2732614&use=l&cat=p&typeid=i","cat":284453},{"id":19155,"n":"Farine de blé Bio Francine 1kg","p":1.77,"u":"1,77 €/KG","img":"https://fd9-photos.leclercdrive.fr/image.ashx?id=2989117&use=l&cat=p&typeid=i","cat":284503},{"id":19199,"n":"Pain de mie La Boulangère à la  Farine complète Bio - 500g","p":2.03,"u":"4,06 €/KG","img":"https://fd9-photos.leclercdrive.fr/image.ashx?id=2912386&use=l&cat=p&typeid=i","cat":284477},{"id":19202,"n":"Galettes bio Bio Village 4 céréales x17 - 130g","p":0.99,"u":"7,62 €/KG","img":"https://fd9-photos.leclercdrive.fr/image.ashx?id=1208779&use=l&cat=p&typeid=i","cat":318651},{"id":19208,"n":"Biscuits nappés Bio Village Chocolat noir Bio 200g","p":2.62,"u":"13,10 €/KG","img":"https://fd9-photos.leclercdrive.fr/image.ashx?id=1937510&use=l&cat=p&typeid=i","cat":284488},{"id":19210,"n":"Flageolets Préparés Cassegrain Extra Fins 265g","p":1.65,"u":"6,23 €/KG","img":"https://fd9-photos.leclercdrive.fr/image.ashx?id=2983084&use=l&cat=p&typeid=i","cat":312606},{"id":19211,"n":"Lentilles Préparées Cassegrain Tendres et Fondants 265g","p":1.63,"u":"6,15 €/KG","img":"https://fd9-photos.leclercdrive.fr/image.ashx?id=2952460&use=l&cat=p&typeid=i","cat":312609},{"id":19231,"n":"Petit Pois Cassegrain Tendres et Fondants 140g","p":1.25,"u":"8,93 €/KG","img":"https://fd9-photos.leclercdrive.fr/image.ashx?id=2912974&use=l&cat=p&typeid=i","cat":312607},{"id":19239,"n":"Fruits au sirop St Mamet Pêches - 475g","p":2.76,"u":"5,81 €/KG","img":"https://fd9-photos.leclercdrive.fr/image.ashx?id=2630217&use=l&cat=p&typeid=i","cat":284507},{"id":19255,"n":"Croquettes chat Purina One Light Adulte -Poulet/Blé -1,5kg","p":6.97,"u":"4,65 €/KG","img":"https://fd9-photos.leclercdrive.fr/image.ashx?id=2432010&use=l&cat=p&typeid=i","cat":284680},{"id":19256,"n":"Croquettes chat Purina One Adulte d'intérieur-Dinde -1,5kg","p":7.07,"u":"4,71 €/KG","img":"https://fd9-photos.leclercdrive.fr/image.ashx?id=2902271&use=l&cat=p&typeid=i","cat":284680},{"id":19257,"n":"Croquettes chat Purina One Sensible Adulte-Dinde/Riz-450g","p":2.58,"u":"5,73 €/KG","img":"https://fd9-photos.leclercdrive.fr/image.ashx?id=2459658&use=l&cat=p&typeid=i","cat":284680},{"id":19262,"n":"Thon Saupiquet Mayonnaise - 2x135g","p":2.17,"u":"8,04 €/KG","img":"https://fd9-photos.leclercdrive.fr/image.ashx?id=2681017&use=l&cat=p&typeid=i","cat":303867},{"id":19263,"n":"Filets de maquereaux Saupiquet A la moutarde - 169g","p":2.13,"u":"12,60 €/KG","img":"https://fd9-photos.leclercdrive.fr/image.ashx?id=2829961&use=l&cat=p&typeid=i","cat":303868},{"id":19279,"n":"Sucre de canne Daddy En morceaux - 1kg","p":2.08,"u":"2,08 €/KG","img":"https://fd9-photos.leclercdrive.fr/image.ashx?id=2908576&use=l&cat=p&typeid=i","cat":284502},{"id":19284,"n":"Huile pépins de raisin Cauvin 1l","p":6.73,"u":"6,73 €/L","img":"https://fd9-photos.leclercdrive.fr/image.ashx?id=2479234&use=l&cat=p&typeid=i","cat":284453},{"id":19285,"n":"Sauce crudités Rustica Fines herbes - 50cl","p":0.88,"u":"1,76 €/L","img":"https://fd9-photos.leclercdrive.fr/image.ashx?id=1972916&use=l&cat=p&typeid=i","cat":284456},{"id":19291,"n":"Mélange Apérifruits Vico Fruits exotiques - 120g","p":1.59,"u":"13,25 €/KG","img":"https://fd9-photos.leclercdrive.fr/image.ashx?id=2333540&use=l&cat=p&typeid=i","cat":284448},{"id":19293,"n":"Lait céréales bébé Blédiner 12m Carotte pois soir - 2x250ml","p":1.71,"u":"3,42 €/L","img":"https://fd9-photos.leclercdrive.fr/image.ashx?id=2949856&use=l&cat=p&typeid=i","cat":312239},{"id":19296,"n":"Gressins Tokapi Sésame - 125g","p":1.17,"u":"9,36 €/KG","img":"https://fd9-photos.leclercdrive.fr/image.ashx?id=1993574&use=l&cat=p&typeid=i","cat":297000},{"id":19297,"n":"Lait céréales bébé Blédiner 6m Potiron soir - 2x250ml","p":1.78,"u":"3,56 €/L","img":"https://fd9-photos.leclercdrive.fr/image.ashx?id=2960141&use=l&cat=p&typeid=i","cat":312239},{"id":19298,"n":"Gressins Tokapi  Huile d'olive romarin - 125g","p":1.41,"u":"11,28 €/KG","img":"https://fd9-photos.leclercdrive.fr/image.ashx?id=1993577&use=l&cat=p&typeid=i","cat":297000},{"id":19301,"n":"Céréales Tipiak Méditerranéennes 2x200g","p":1.88,"u":"4,70 €/KG","img":"https://fd9-photos.leclercdrive.fr/image.ashx?id=2766253&use=l&cat=p&typeid=i","cat":284429},{"id":19303,"n":"Mini penne Turini 500g","p":0.98,"u":"1,96 €/KG","img":"https://fd9-photos.leclercdrive.fr/image.ashx?id=3015063&use=l&cat=p&typeid=i","cat":284427},{"id":19304,"n":"Mini farfalle Turini 500g","p":1.26,"u":"2,52 €/KG","img":"https://fd9-photos.leclercdrive.fr/image.ashx?id=2607494&use=l&cat=p&typeid=i","cat":284427},{"id":19305,"n":"Pâtes Spaghetti Panzani 3 Minutes - 500G","p":1.15,"u":"2,30 €/KG","img":"https://fd9-photos.leclercdrive.fr/image.ashx?id=3008035&use=l&cat=p&typeid=i","cat":284427},{"id":19308,"n":"Epices pour guacamole Old el paso - 20g","p":1.09,"u":"54,50 €/KG","img":"https://fd9-photos.leclercdrive.fr/image.ashx?id=2858168&use=l&cat=p&typeid=i","cat":288993},{"id":19313,"n":"Tartelettes Bonne Maman A la framboise étui 135g","p":1.31,"u":"9,70 €/KG","img":"https://fd9-photos.leclercdrive.fr/image.ashx?id=2984383&use=l&cat=p&typeid=i","cat":284489},{"id":19319,"n":"Cookies Eco+ Pépites de chocolat - 200g","p":0.92,"u":"4,60 €/KG","img":"https://fd9-photos.leclercdrive.fr/image.ashx?id=2821875&use=l&cat=p&typeid=i","cat":325066},{"id":19347,"n":"Allume-feu Silex liquide 1L","p":3.99,"u":"3,99 €/L","img":"https://fd9-photos.leclercdrive.fr/image.ashx?id=1792447&use=l&cat=p&typeid=i","cat":300578},{"id":19353,"n":"Mao Croqui Haribo Sachet bonbons - 250g","p":1.32,"u":"5,28 €/KG","img":"https://fd9-photos.leclercdrive.fr/image.ashx?id=2805192&use=l&cat=p&typeid=i","cat":304250},{"id":19356,"n":"Infusion bio Jardin Bio Thym Menthe - x20 sachets - 30g","p":1.79,"u":"59,67 €/KG","img":"https://fd9-photos.leclercdrive.fr/image.ashx?id=2792654&use=l&cat=p&typeid=i","cat":293234},{"id":19364,"n":"Madeleines extra Ker Cadélac Coquilles moelleuses x24 - 600g","p":3.07,"u":"5,12 €/KG","img":"https://fd9-photos.leclercdrive.fr/image.ashx?id=2939511&use=l&cat=p&typeid=i","cat":284492},{"id":19366,"n":"Barres céréales Grany Chocolat - 125g","p":1.74,"u":"13,92 €/KG","img":"https://fd9-photos.leclercdrive.fr/image.ashx?id=2773613&use=l&cat=p&typeid=i","cat":285869},{"id":19368,"n":"Barres céréales Grany Noisettes - 125g","p":1.79,"u":"14,32 €/KG","img":"https://fd9-photos.leclercdrive.fr/image.ashx?id=2773607&use=l&cat=p&typeid=i","cat":285869},{"id":19378,"n":"Bonbons Mentos rainbow Multipack 4 rouleaux 150g","p":1.77,"u":"11,80 €/KG","img":"https://fd9-photos.leclercdrive.fr/image.ashx?id=2659753&use=l&cat=p&typeid=i","cat":304256},{"id":19386,"n":"Méli mélo céréales lég Tipiak 330g","p":2.01,"u":"6,09 €/KG","img":"https://fd9-photos.leclercdrive.fr/image.ashx?id=2563715&use=l&cat=p&typeid=i","cat":284429},{"id":19407,"n":"Tablette chocolat Milka Chocolat lait/daim - 2x100g","p":2.99,"u":"14,95 €/KG","img":"https://fd9-photos.leclercdrive.fr/image.ashx?id=3009149&use=l&cat=p&typeid=i","cat":284497},{"id":19408,"n":"Soupe Velouté Bio Village Bio Légumes verts - 1L","p":2.42,"u":"2,42 €/L","img":"https://fd9-photos.leclercdrive.fr/image.ashx?id=2047898&use=l&cat=p&typeid=i","cat":284462},{"id":19411,"n":"Compote Allégée en sucres Eco+ Coupelle pomme - 4x100g","p":0.55,"u":"1,38 €/KG","img":"https://fd9-photos.leclercdrive.fr/image.ashx?id=2953188&use=l&cat=p&typeid=i","cat":284508},{"id":19416,"n":"Dessert fruitier Andros Pomme allégé 730g","p":1.2,"u":"1,64 €/KG","img":"https://fd9-photos.leclercdrive.fr/image.ashx?id=2369930&use=l&cat=p&typeid=i","cat":284508},{"id":19418,"n":"Pâtes serpentini Turini 500g","p":0.84,"u":"1,68 €/KG","img":"https://fd9-photos.leclercdrive.fr/image.ashx?id=2744231&use=l&cat=p&typeid=i","cat":284427},{"id":19420,"n":"Pâtes Torsades Turini Nature tomate épinard - 500g","p":1.1,"u":"2,20 €/KG","img":"https://fd9-photos.leclercdrive.fr/image.ashx?id=2607485&use=l&cat=p&typeid=i","cat":284427},{"id":19424,"n":"Spaghetti Turini Au blé complet - 500g","p":0.95,"u":"1,90 €/KG","img":"https://fd9-photos.leclercdrive.fr/image.ashx?id=2607497&use=l&cat=p&typeid=i","cat":284427},{"id":19426,"n":"Gâteaux L'Ourson Lulu LU Chocolat - 150g","p":1.28,"u":"8,53 €/KG","img":"https://fd9-photos.leclercdrive.fr/image.ashx?id=3014425&use=l&cat=p&typeid=i","cat":284495},{"id":19427,"n":"Pâtes penne Turini Blé complet - 500g","p":1.0,"u":"2,00 €/KG","img":"https://fd9-photos.leclercdrive.fr/image.ashx?id=2607500&use=l&cat=p&typeid=i","cat":284427},{"id":19433,"n":"Pain au lait Eco+ x10 - 400g","p":0.99,"u":"2,48 €/KG","img":"https://fd9-photos.leclercdrive.fr/image.ashx?id=2643578&use=l&cat=p&typeid=i","cat":293505},{"id":19435,"n":"Barres de céréales Special K Kellogg's Chocolat lait - 6x20g","p":2.09,"u":"17,42 €/KG","img":"https://fd9-photos.leclercdrive.fr/image.ashx?id=2306366&use=l&cat=p&typeid=i","cat":285869},{"id":19440,"n":"Flageolets d'aucy  Extra-fins - 530g","p":1.83,"u":"3,45 €/KG","img":"https://fd9-photos.leclercdrive.fr/image.ashx?id=2486152&use=l&cat=p&typeid=i","cat":312606},{"id":19442,"n":"Flageolets d'aucy  Extra-fins - 265g","p":1.18,"u":"4,45 €/KG","img":"https://fd9-photos.leclercdrive.fr/image.ashx?id=2503437&use=l&cat=p&typeid=i","cat":312606},{"id":19459,"n":"Flageolets cuisinés Roquelaure A l'auvergnate - 820g","p":2.1,"u":"2,56 €/KG","img":"https://fd9-photos.leclercdrive.fr/image.ashx?id=2928399&use=l&cat=p&typeid=i","cat":312606},{"id":19463,"n":"Sticks dentaires Lydog Moyen chien - x7 - 180g","p":1.39,"u":"7,72 €/KG","img":"https://fd9-photos.leclercdrive.fr/image.ashx?id=1878598&use=l&cat=p&typeid=i","cat":294527},{"id":19464,"n":"Carottes rondelles D'aucy  240g","p":0.97,"u":"4,04 €/KG","img":"https://fd9-photos.leclercdrive.fr/image.ashx?id=2503431&use=l&cat=p&typeid=i","cat":312607},{"id":19470,"n":"Gourmandise de Pois Cassegrain à la Provençale 375g","p":3.12,"u":"8,32 €/KG","img":"https://fd9-photos.leclercdrive.fr/image.ashx?id=2912998&use=l&cat=p&typeid=i","cat":312607},{"id":19471,"n":"Mélange Le Sélect Vico Graines variées - 100g","p":2.07,"u":"20,70 €/KG","img":"https://fd9-photos.leclercdrive.fr/image.ashx?id=2569839&use=l&cat=p&typeid=i","cat":284448},{"id":19472,"n":"Fruits au sirop Del Monte Ananas en tranches - 350g","p":2.26,"u":"6,46 €/KG","img":"https://fd9-photos.leclercdrive.fr/image.ashx?id=2802326&use=l&cat=p&typeid=i","cat":284507},{"id":19473,"n":"Assiettes rondes Homeside Biodégradables 23cm x25","p":2.99,"img":"https://fd9-photos.leclercdrive.fr/image.ashx?id=1659687&use=l&cat=p&typeid=i","cat":334134},{"id":19491,"n":"Couscous tunisien Côté Table Kefta merguez - 300g","p":2.19,"u":"7,30 €/KG","img":"https://fd9-photos.leclercdrive.fr/image.ashx?id=2476137&use=l&cat=p&typeid=i","cat":284953},{"id":19493,"n":"Colin d'alaska Côté Table Barquette micro-ondable 300g","p":1.99,"u":"6,63 €/KG","img":"https://fd9-photos.leclercdrive.fr/image.ashx?id=2149001&use=l&cat=p&typeid=i","cat":284953},{"id":19505,"n":"Olives vertes Crespo Dénoyautées 160g","p":2.17,"u":"13,56 €/KG","img":"https://fd9-photos.leclercdrive.fr/image.ashx?id=2616895&use=l&cat=p&typeid=i","cat":284458},{"id":19518,"n":"Cahier de Brouillon Eco+ 96 pages","p":0.49,"img":"https://fd9-photos.leclercdrive.fr/image.ashx?id=2943133&use=l&cat=p&typeid=i","cat":284697},{"id":19535,"n":"Stick lèvres Inell Nourrissant - 2 pièces","p":1.99,"u":"1,00 €/P","img":"https://fd9-photos.leclercdrive.fr/image.ashx?id=1722772&use=l&cat=p&typeid=i","cat":285485},{"id":19542,"n":"Filets de saumon rose Findus Pacifique - MSC - x4 - 400g","p":11.34,"u":"28,35 €/KG","img":"https://fd9-photos.leclercdrive.fr/image.ashx?id=2735326&use=l&cat=p&typeid=i","cat":319786},{"id":19575,"n":"Lait démaquillant Inell Douceur 250ml","p":1.59,"u":"6,36 €/L","img":"https://fd9-photos.leclercdrive.fr/image.ashx?id=2691622&use=l&cat=p&typeid=i","cat":284603},{"id":19601,"n":"Gâteaux marbrés P'tit Déli x14 378g","p":2.97,"u":"7,86 €/KG","img":"https://fd9-photos.leclercdrive.fr/image.ashx?id=1947363&use=l&cat=p&typeid=i","cat":284495},{"id":19604,"n":"Gâteaux P'tit Déli A base de yaourt x7 - 189g","p":1.88,"u":"9,95 €/KG","img":"https://fd9-photos.leclercdrive.fr/image.ashx?id=2059086&use=l&cat=p&typeid=i","cat":294776},{"id":19609,"n":"Tuiles Tokapi Fromage - 170g","p":1.39,"u":"8,18 €/KG","img":"https://fd9-photos.leclercdrive.fr/image.ashx?id=2647426&use=l&cat=p&typeid=i","cat":287899},{"id":19611,"n":"Soupe Velouté Régal Soupe Tomates - 2x30cl","p":1.49,"u":"2,48 €/L","img":"https://fd9-photos.leclercdrive.fr/image.ashx?id=2623007&use=l&cat=p&typeid=i","cat":284462},{"id":19633,"n":"Soufflés Tornades Tokapi Nature - 85g","p":0.69,"u":"8,12 €/KG","img":"https://fd9-photos.leclercdrive.fr/image.ashx?id=2961683&use=l&cat=p&typeid=i","cat":284449},{"id":19635,"n":"Soufflés Tornades Tokapi Bacon - 85g","p":0.68,"u":"8,00 €/KG","img":"https://fd9-photos.leclercdrive.fr/image.ashx?id=1855966&use=l&cat=p&typeid=i","cat":284449},{"id":19645,"n":"Mini-crêpes fourrées Tokapi Cheddar - 65g","p":1.99,"u":"30,62 €/KG","img":"https://fd9-photos.leclercdrive.fr/image.ashx?id=2853889&use=l&cat=p&typeid=i","cat":297000},{"id":19660,"n":"Cordons bleus Pic'Express Au poulet 4x100g","p":3.63,"u":"9,08 €/KG","img":"https://fd9-photos.leclercdrive.fr/image.ashx?id=1847343&use=l&cat=p&typeid=i","cat":319780},{"id":19671,"n":"Sac à litière P'tit Ami Grand modèle x 8","p":3.39,"img":"https://fd9-photos.leclercdrive.fr/image.ashx?id=813703&use=l&cat=p&typeid=i","cat":284683},{"id":19684,"n":"tofu nature bio bjorg  - 2x200g","p":2.46,"u":"6,15 €/KG","img":"https://fd9-photos.leclercdrive.fr/image.ashx?id=2907979&use=l&cat=p&typeid=i","cat":284953},{"id":19699,"n":"Sucre pure canne blond Beghin Say - 1kg","p":3.04,"u":"3,04 €/KG","img":"https://fd9-photos.leclercdrive.fr/image.ashx?id=2977321&use=l&cat=p&typeid=i","cat":284502},{"id":19702,"n":"Sucre en poudre Béghin Say 750g","p":1.63,"u":"2,17 €/KG","img":"https://fd9-photos.leclercdrive.fr/image.ashx?id=2866352&use=l&cat=p&typeid=i","cat":284502},{"id":19704,"n":"Sardines NRT St-Gilles Label Rouge à l'huile - 115g","p":2.25,"u":"19,57 €/KG","img":"https://fd9-photos.leclercdrive.fr/image.ashx?id=2775439&use=l&cat=p&typeid=i","cat":305146},{"id":19715,"n":"Tarama oeufs de cabillaud Blini 100g","p":1.46,"u":"14,60 €/KG","img":"https://fd9-photos.leclercdrive.fr/image.ashx?id=2640479&use=l&cat=p&typeid=i","cat":316032},{"id":19719,"n":"Yaourts Lait entier Bio Village Bio Vanille - 4x125g","p":1.27,"u":"2,54 €/KG","img":"https://fd9-photos.leclercdrive.fr/image.ashx?id=2032373&use=l&cat=p&typeid=i","cat":286006},{"id":19723,"n":"Sacs congélation zip Elembal Grand x15","p":1.8,"u":"0,12 €/P","img":"https://fd9-photos.leclercdrive.fr/image.ashx?id=2119127&use=l&cat=p&typeid=i","cat":334134},{"id":19729,"n":"Biscuit P'tit Déli Palmiers Chocolat au lait 110g","p":1.25,"u":"11,36 €/KG","img":"https://fd9-photos.leclercdrive.fr/image.ashx?id=2072340&use=l&cat=p&typeid=i","cat":284488},{"id":19732,"n":"Les p'tites spirales P'tit Déli Chocolat  x6 - 150g","p":1.35,"u":"9,00 €/KG","img":"https://fd9-photos.leclercdrive.fr/image.ashx?id=2660422&use=l&cat=p&typeid=i","cat":284495},{"id":19743,"n":"Déodorant atomiseur Carré Homme Musc 200ml","p":1.35,"u":"6,75 €/L","img":"https://fd9-photos.leclercdrive.fr/image.ashx?id=2375998&use=l&cat=p&typeid=i","cat":284618},{"id":19744,"n":"Déodorant atomiseur Carré Homme Marine 200ml","p":1.35,"u":"6,75 €/L","img":"https://fd9-photos.leclercdrive.fr/image.ashx?id=2390707&use=l&cat=p&typeid=i","cat":284618},{"id":19758,"n":"Essuie-tout Bobine Uni Vert Compact - 500 feuilles x1","p":4.5,"img":"https://fd9-photos.leclercdrive.fr/image.ashx?id=2684826&use=l&cat=p&typeid=i","cat":284635},{"id":19788,"n":"Stick lèvres Inell Hydratant - 2 pièces","p":1.5,"u":"0,75 €/P","img":"https://fd9-photos.leclercdrive.fr/image.ashx?id=2776042&use=l&cat=p&typeid=i","cat":285485},{"id":19796,"n":"Papier aluminium Elembal 30m","p":2.76,"img":"https://fd9-photos.leclercdrive.fr/image.ashx?id=1732796&use=l&cat=p&typeid=i","cat":334134},{"id":19798,"n":"Dissolvant doux Inell Sans acétone - 150ml","p":1.42,"u":"9,47 €/L","img":"https://fd9-photos.leclercdrive.fr/image.ashx?id=2691640&use=l&cat=p&typeid=i","cat":325347},{"id":19814,"n":"Piles alcalines Foxter AA/LR6 1,5V - x8","p":1.69,"u":"0,21 €/P","img":"https://fd9-photos.leclercdrive.fr/image.ashx?id=2162174&use=l&cat=p&typeid=i","cat":300572},{"id":19815,"n":"Piles alcalines Foxter AAA/LR3 1,5V - x8","p":1.69,"img":"https://fd9-photos.leclercdrive.fr/image.ashx?id=2162153&use=l&cat=p&typeid=i","cat":300572},{"id":19856,"n":"Pâtes Barilla Coquillettes - 1kg","p":1.86,"u":"1,86 €/KG","img":"https://fd9-photos.leclercdrive.fr/image.ashx?id=2392230&use=l&cat=p&typeid=i","cat":284427},{"id":19868,"n":"Gâteau de riz Délisse 500g","p":1.79,"u":"3,58 €/KG","img":"https://fd9-photos.leclercdrive.fr/image.ashx?id=2938415&use=l&cat=p&typeid=i","cat":284418},{"id":19874,"n":"Clafoutis La Laitière Aux cerises - 4x85g","p":2.62,"u":"7,71 €/KG","img":"https://fd9-photos.leclercdrive.fr/image.ashx?id=2628230&use=l&cat=p&typeid=i","cat":284419},{"id":19875,"n":"Clafoutis La Laitière Aux abricots - 4x85g","p":2.63,"u":"7,74 €/KG","img":"https://fd9-photos.leclercdrive.fr/image.ashx?id=3007975&use=l&cat=p&typeid=i","cat":284419},{"id":19881,"n":"Dés Salakis herbes de Provence Fromage brebis - 300g","p":3.27,"u":"10,90 €/KG","img":"https://fd9-photos.leclercdrive.fr/image.ashx?id=2729686&use=l&cat=p&typeid=i","cat":314026},{"id":19898,"n":"Oeufs frais Matines x12","p":2.71,"u":"0,23 €/P","img":"https://fd9-photos.leclercdrive.fr/image.ashx?id=2796231&use=l&cat=p&typeid=i","cat":284378},{"id":19909,"n":"Yaourts Lait entier Bio Village Bio Vanille - 12x125g","p":3.27,"u":"2,18 €/KG","img":"https://fd9-photos.leclercdrive.fr/image.ashx?id=2032376&use=l&cat=p&typeid=i","cat":286006},{"id":19913,"n":"Mousse liégeoise Viennois  Chocolat - 4x90g","p":1.63,"u":"4,53 €/KG","img":"https://fd9-photos.leclercdrive.fr/image.ashx?id=2785172&use=l&cat=p&typeid=i","cat":285042},{"id":19920,"n":"Dessert aux fruits Sojasun Morceaux de cerises - 4x100g","p":1.63,"u":"4,08 €/P","img":"https://fd9-photos.leclercdrive.fr/image.ashx?id=2355677&use=l&cat=p&typeid=i","cat":316071},{"id":19924,"n":"Dessert fruitier pomme Bio Bio village - 4x100g","p":1.73,"u":"4,33 €/KG","img":"https://fd9-photos.leclercdrive.fr/image.ashx?id=2462427&use=l&cat=p&typeid=i","cat":284416},{"id":19933,"n":"Pizza Crousti-moelleuse Marie Royale - 3x400g","p":6.87,"u":"5,73 €/KG","img":"https://fd9-photos.leclercdrive.fr/image.ashx?id=2996800&use=l&cat=p&typeid=i","cat":284256},{"id":19935,"n":"Pizza Crousti-moelleuse Marie 4 fromages - 3x390g","p":6.6,"u":"5,64 €/KG","img":"https://fd9-photos.leclercdrive.fr/image.ashx?id=2996803&use=l&cat=p&typeid=i","cat":284256},{"id":19941,"n":"Pur jus d'orange Jafaden Avec pulpe - 1L","p":2.45,"u":"2,45 €/L","img":"https://fd9-photos.leclercdrive.fr/image.ashx?id=2395258&use=l&cat=p&typeid=i","cat":285435},{"id":19957,"n":"Purée brocolis Notre Jardin Nature 750g","p":1.69,"u":"2,25 €/KG","img":"https://fd9-photos.leclercdrive.fr/image.ashx?id=2856163&use=l&cat=p&typeid=i","cat":319805},{"id":19960,"n":"Purée carottes Notre Jardin Nature 750g","p":2.43,"u":"3,24 €/KG","img":"https://fd9-photos.leclercdrive.fr/image.ashx?id=2856166&use=l&cat=p&typeid=i","cat":319805},{"id":19991,"n":"Fromage frais Délisse Fruits panachés - 6x100g","p":2.56,"u":"4,27 €/KG","img":"https://fd9-photos.leclercdrive.fr/image.ashx?id=2913669&use=l&cat=p&typeid=i","cat":284414},{"id":20008,"n":"Compote Andros Pomme nature - 12x100g","p":3.15,"u":"2,63 €/KG","img":"https://fd9-photos.leclercdrive.fr/image.ashx?id=2989114&use=l&cat=p&typeid=i","cat":284416},{"id":20010,"n":"Yaourts lait entier nature Bio  Bio village - 12x125g","p":2.46,"u":"1,64 €/KG","img":"https://fd9-photos.leclercdrive.fr/image.ashx?id=2102992&use=l&cat=p&typeid=i","cat":284409},{"id":20013,"n":"Compote Charles & Alice Pommes Abricots - 4x100g","p":1.41,"u":"3,53 €/KG","img":"https://fd9-photos.leclercdrive.fr/image.ashx?id=2757350&use=l&cat=p&typeid=i","cat":284416},{"id":20015,"n":"Compote Charles & Alice Pommes Pêches - 4x100g","p":1.54,"u":"3,85 €/KG","img":"https://fd9-photos.leclercdrive.fr/image.ashx?id=2757680&use=l&cat=p&typeid=i","cat":284416},{"id":20032,"n":"Whisky Jack Daniel's Old N°7 1L","p":28.5,"pp":25.65,"u":"25,65 €/L","img":"https://fd9-photos.leclercdrive.fr/image.ashx?id=2805189&use=l&cat=p&typeid=i","cat":284547},{"id":20038,"n":"Crème aux œufs La Laitière lit de caramel - 4x100g","p":1.77,"u":"4,43 €/KG","img":"https://fd9-photos.leclercdrive.fr/image.ashx?id=2744593&use=l&cat=p&typeid=i","cat":284419},{"id":20043,"n":"Gâteaux de riz La Laitière   Caramel - 4x100g","p":2.67,"u":"6,68 €/KG","img":"https://fd9-photos.leclercdrive.fr/image.ashx?id=2630202&use=l&cat=p&typeid=i","cat":284418},{"id":20050,"n":"Bière belge Duvel 8,5%vol. - 33cl","p":1.69,"u":"5,12 €/L","img":"https://fd9-photos.leclercdrive.fr/image.ashx?id=2389304&use=l&cat=p&typeid=i","cat":334872},{"id":20060,"n":"Biscuits Gouda Delacre Canasta  Fourrés fromage - 75g","p":1.36,"u":"18,13 €/KG","img":"https://fd9-photos.leclercdrive.fr/image.ashx?id=2661841&use=l&cat=p&typeid=i","cat":297000},{"id":20075,"n":"Corned beef Hereford 340g","p":3.46,"u":"10,18 €/KG","img":"https://fd9-photos.leclercdrive.fr/image.ashx?id=2896946&use=l&cat=p&typeid=i","cat":305149},{"id":20085,"n":"Bière bleue Chimay Brune - 9%vol. - 33cl","p":1.58,"u":"4,79 €/L","img":"https://fd9-photos.leclercdrive.fr/image.ashx?id=1758849&use=l&cat=p&typeid=i","cat":334872},{"id":20086,"n":"Bière brune Chimay Rouge - 7%vol. - 33cl","p":1.48,"u":"4,48 €/L","img":"https://fd9-photos.leclercdrive.fr/image.ashx?id=1758843&use=l&cat=p&typeid=i","cat":334872},{"id":20109,"n":"Whisky Bourbon John Davon's 40%vol. - 70cl","p":13.15,"u":"18,79 €/L","img":"https://fd9-photos.leclercdrive.fr/image.ashx?id=2907177&use=l&cat=p&typeid=i","cat":284547},{"id":20110,"n":"Jus d'orange Jafaden A base de concentré  - 6x1L","p":10.56,"u":"1,76 €/L","img":"https://fd9-photos.leclercdrive.fr/image.ashx?id=1965545&use=l&cat=p&typeid=i","cat":284521},{"id":20138,"n":"Chips Pom'Lisse Nature - 200g","p":1.19,"u":"5,95 €/KG","img":"https://fd9-photos.leclercdrive.fr/image.ashx?id=2494148&use=l&cat=p&typeid=i","cat":284447},{"id":20146,"n":"Brique de brebis Les Croisés 150g","p":2.45,"u":"16,33 €/KG","img":"https://fd9-photos.leclercdrive.fr/image.ashx?id=2645903&use=l&cat=p&typeid=i","cat":314031},{"id":20172,"n":"Petits pots bébé P'TIT SOUPER Aubergine pâtes 8M+ - 2x200g","p":1.94,"u":"4,85 €/KG","img":"https://fd9-photos.leclercdrive.fr/image.ashx?id=2526511&use=l&cat=p&typeid=i","cat":312239},{"id":20175,"n":"Petits pots bébé P'TIT SOUPER  7 légumes 8M+ - 2x200g","p":1.72,"u":"4,30 €/KG","img":"https://fd9-photos.leclercdrive.fr/image.ashx?id=2526508&use=l&cat=p&typeid=i","cat":312239},{"id":20180,"n":"Crème Fraîche Elle&Vire Epaisse Légère - 12% MG - 33cl","p":1.61,"u":"4,88 €/L","img":"https://fd9-photos.leclercdrive.fr/image.ashx?id=2871949&use=l&cat=p&typeid=i","cat":284381},{"id":20183,"n":"Emmental français Entremont 45%mg - 250g","p":2.71,"u":"10,84 €/KG","img":"https://fd9-photos.leclercdrive.fr/image.ashx?id=2983138&use=l&cat=p&typeid=i","cat":314034},{"id":20195,"n":"Camembert Isigny Ste Mère Au lait cru - 250g","p":3.33,"u":"13,32 €/KG","img":"https://fd9-photos.leclercdrive.fr/image.ashx?id=2284415&use=l&cat=p&typeid=i","cat":314033},{"id":20213,"n":"Camembert Cœur de Lion  8 portions - 240g","p":2.84,"u":"11,83 €/KG","img":"https://fd9-photos.leclercdrive.fr/image.ashx?id=2767962&use=l&cat=p&typeid=i","cat":314033},{"id":20217,"n":"Préparation pour crème brûlée Délisse - 2x100g","p":1.45,"u":"7,25 €/KG","img":"https://fd9-photos.leclercdrive.fr/image.ashx?id=1659119&use=l&cat=p&typeid=i","cat":284419},{"id":20218,"n":"Mozzarella vache Casa Azzurra Boule - 125g","p":1.0,"u":"8,00 €/KG","img":"https://fd9-photos.leclercdrive.fr/image.ashx?id=2904302&use=l&cat=p&typeid=i","cat":314026},{"id":20221,"n":"Mascarpone Casa Azzurra 250g","p":2.43,"u":"9,72 €/KG","img":"https://fd9-photos.leclercdrive.fr/image.ashx?id=2290266&use=l&cat=p&typeid=i","cat":314026},{"id":20223,"n":"Riz au lait Délisse  Nature - 4x115g","p":1.42,"u":"3,09 €/KG","img":"https://fd9-photos.leclercdrive.fr/image.ashx?id=2595104&use=l&cat=p&typeid=i","cat":284418},{"id":20228,"n":"Crème aux oeufs Délisse Lit caramel - 4x100g","p":1.59,"u":"3,98 €/KG","img":"https://fd9-photos.leclercdrive.fr/image.ashx?id=2970616&use=l&cat=p&typeid=i","cat":284419},{"id":20239,"n":"Gâteaux fourrés P'tit Déli Chocolat x7 - 189g","p":2.18,"u":"11,53 €/KG","img":"https://fd9-photos.leclercdrive.fr/image.ashx?id=2554517&use=l&cat=p&typeid=i","cat":284495},{"id":20244,"n":"Compotes Pom'Potes Gourdes BIO  Pomme Nature - 12x90g","p":5.83,"u":"5,40 €/KG","img":"https://fd9-photos.leclercdrive.fr/image.ashx?id=2901608&use=l&cat=p&typeid=i","cat":284508},{"id":20258,"n":"Biscuit bio Céréal Bio  Chocolat Noir intense - 132g","p":1.51,"u":"11,44 €/KG","img":"https://fd9-photos.leclercdrive.fr/image.ashx?id=2574278&use=l&cat=p&typeid=i","cat":284487},{"id":20267,"n":"Compote bio Bio Village Coupelle pomme poire - 4x100g","p":2.29,"u":"5,73 €/KG","img":"https://fd9-photos.leclercdrive.fr/image.ashx?id=2442710&use=l&cat=p&typeid=i","cat":284508},{"id":20288,"n":"Soufflés Snack's Tokapi Cacahuète - 55g","p":0.39,"u":"7,09 €/KG","img":"https://fd9-photos.leclercdrive.fr/image.ashx?id=1947495&use=l&cat=p&typeid=i","cat":284449},{"id":20291,"n":"Déodorant bille Manava Vanille 50ml","p":1.29,"u":"25,80 €/L","img":"https://fd9-photos.leclercdrive.fr/image.ashx?id=1865295&use=l&cat=p&typeid=i","cat":284595},{"id":20299,"n":"AOC Saint Mont rouge  Marquis de Seillan - 75cl","p":4.99,"pp":3.29,"u":"4,39 €/L","img":"https://fd9-photos.leclercdrive.fr/image.ashx?id=2753982&use=l&cat=p&typeid=i","cat":289556},{"id":20300,"n":"Tarte Tomates Chèvre Courgette Côté Table - 400g","p":2.8,"u":"7,00 €/KG","img":"https://fd9-photos.leclercdrive.fr/image.ashx?id=2791767&use=l&cat=p&typeid=i","cat":284257},{"id":20306,"n":"Rillettes crabe Ronde des Mers 150g","p":1.99,"u":"13,27 €/KG","img":"https://fd9-photos.leclercdrive.fr/image.ashx?id=2644882&use=l&cat=p&typeid=i","cat":285191},{"id":20307,"n":"Crème glacée Bio Bio Village Vanille - Bac 450g","p":2.86,"u":"6,36 €/KG","img":"https://fd9-photos.leclercdrive.fr/image.ashx?id=1928674&use=l&cat=p&typeid=i","cat":284263},{"id":20309,"n":"Jambon supérieur Tradilège -25% de sel - Découenné x4-160g","p":1.95,"u":"12,19 €/KG","img":"https://fd9-photos.leclercdrive.fr/image.ashx?id=2153186&use=l&cat=p&typeid=i","cat":316009},{"id":20353,"n":"chocolat alter eco noir  ecorces d'orange bio - 100g","p":2.86,"u":"28,60 €/KG","img":"https://fd9-photos.leclercdrive.fr/image.ashx?id=2906532&use=l&cat=p&typeid=i","cat":284956},{"id":20362,"n":"Coeurs filets merlu Pêche Océan MSC 4 à 5 pièces 400g","p":5.3,"u":"13,25 €/KG","img":"https://fd9-photos.leclercdrive.fr/image.ashx?id=2934664&use=l&cat=p&typeid=i","cat":319786},{"id":20375,"n":"Saucisson Justin Bridou Bâton de Berger Noisette - 250g","p":4.14,"u":"16,56 €/KG","img":"https://fd9-photos.leclercdrive.fr/image.ashx?id=2948054&use=l&cat=p&typeid=i","cat":316006},{"id":20376,"n":"Colin d'Alaska Marie Beurre citron thym - 400g","p":4.75,"u":"11,88 €/KG","img":"https://fd9-photos.leclercdrive.fr/image.ashx?id=2996809&use=l&cat=p&typeid=i","cat":319786},{"id":20380,"n":"Jambon cru 6 tranches Aoste sans conservateur - 165g","p":4.63,"u":"28,06 €/KG","img":"https://fd9-photos.leclercdrive.fr/image.ashx?id=2950285&use=l&cat=p&typeid=i","cat":316007},{"id":20397,"n":"Tagliatelles Weight Watchers Poulet champignons 300g","p":3.31,"u":"11,03 €/KG","img":"https://fd9-photos.leclercdrive.fr/image.ashx?id=2960759&use=l&cat=p&typeid=i","cat":333665},{"id":20408,"n":"Déodorant bille Carré homme Anti traces et transpirant 50ml","p":0.69,"u":"13,80 €/L","img":"https://fd9-photos.leclercdrive.fr/image.ashx?id=2596772&use=l&cat=p&typeid=i","cat":284618},{"id":20413,"n":"Petites gambas fettucine Marie Au pesto tomates confites 280g","p":3.15,"u":"11,25 €/KG","img":"https://fd9-photos.leclercdrive.fr/image.ashx?id=2921537&use=l&cat=p&typeid=i","cat":333665},{"id":20414,"n":"Essuie-tout blanc Mimosa Super absorbant - x2","p":2.75,"u":"1,38 €/P","img":"https://fd9-photos.leclercdrive.fr/image.ashx?id=2752619&use=l&cat=p&typeid=i","cat":284635},{"id":20418,"n":"Cabillaud au citron Marie Printanière de légumes - 290g","p":3.48,"u":"12,00 €/KG","img":"https://fd9-photos.leclercdrive.fr/image.ashx?id=2317417&use=l&cat=p&typeid=i","cat":333665},{"id":20423,"n":"Emincé poulet farfalles Marie Aux champignons 280g","p":3.97,"u":"14,18 €/KG","img":"https://fd9-photos.leclercdrive.fr/image.ashx?id=2317411&use=l&cat=p&typeid=i","cat":333665},{"id":20447,"n":"Chips Pom'lisse Nature - 350g","p":1.89,"u":"5,40 €/KG","img":"https://fd9-photos.leclercdrive.fr/image.ashx?id=2441270&use=l&cat=p&typeid=i","cat":284447},{"id":20452,"n":"Paëlla Valenciana Fleury Michon 400g","p":3.46,"u":"8,65 €/KG","img":"https://fd9-photos.leclercdrive.fr/image.ashx?id=2656739&use=l&cat=p&typeid=i","cat":333665},{"id":20455,"n":"Taboulé à la menthe Bonduelle 300g","p":1.44,"u":"4,80 €/KG","img":"https://fd9-photos.leclercdrive.fr/image.ashx?id=2907893&use=l&cat=p&typeid=i","cat":333657},{"id":20478,"n":"Sauce beurre blanc Tipiak 300g","p":2.59,"u":"8,63 €/KG","img":"https://fd9-photos.leclercdrive.fr/image.ashx?id=2604617&use=l&cat=p&typeid=i","cat":319786},{"id":20484,"n":"AOP Cabernet d'Anjou rosé Plessis-Duval - 75cl","p":4.53,"u":"6,04 €/L","img":"https://fd9-photos.leclercdrive.fr/image.ashx?id=2941035&use=l&cat=p&typeid=i","cat":289558},{"id":20488,"n":"Crème de cassis de Dijon Guyot 15%vol. - 70cl","p":5.99,"pp":4.99,"u":"7,13 €/L","img":"https://fd9-photos.leclercdrive.fr/image.ashx?id=1727598&use=l&cat=p&typeid=i","cat":286032},{"id":20495,"n":"Boisson Jafaden Cranberry Light - 1L","p":1.59,"u":"1,59 €/L","img":"https://fd9-photos.leclercdrive.fr/image.ashx?id=2584014&use=l&cat=p&typeid=i","cat":284915},{"id":20501,"n":"Yaourts aux fruits Délisse Fruits Jaunes - 8x125g","p":2.29,"u":"2,29 €/KG","img":"https://fd9-photos.leclercdrive.fr/image.ashx?id=2533319&use=l&cat=p&typeid=i","cat":284410},{"id":20545,"n":"Haricots verts Bio Bio Village 600g","p":1.46,"u":"2,43 €/KG","img":"https://fd9-photos.leclercdrive.fr/image.ashx?id=2891812&use=l&cat=p&typeid=i","cat":319805},{"id":20605,"n":"Compote bio Bio Village Coupelle pomme - 4x100g","p":1.67,"u":"4,18 €/KG","img":"https://fd9-photos.leclercdrive.fr/image.ashx?id=2085275&use=l&cat=p&typeid=i","cat":284508},{"id":20612,"n":"Thon Pêche Océan A la catalane - 2x135g","p":1.87,"u":"6,93 €/KG","img":"https://fd9-photos.leclercdrive.fr/image.ashx?id=2125545&use=l&cat=p&typeid=i","cat":303867},{"id":20634,"n":"Lait céréales Blédidej 6 mois Vanille - 4x250ml","p":3.37,"u":"3,37 €/L","img":"https://fd9-photos.leclercdrive.fr/image.ashx?id=2921046&use=l&cat=p&typeid=i","cat":312226},{"id":20642,"n":"Gants de ménage Mamison Taille L - x1 paire","p":1.01,"img":"https://fd9-photos.leclercdrive.fr/image.ashx?id=2635682&use=l&cat=p&typeid=i","cat":284668},{"id":20648,"n":"Maquereaux Pêche Océan Moutarde à l'ancienne - 169g","p":1.66,"u":"9,82 €/KG","img":"https://fd9-photos.leclercdrive.fr/image.ashx?id=2515676&use=l&cat=p&typeid=i","cat":303868},{"id":20653,"n":"Lait démaquillant Inell Peaux normales et mixtes 250ml","p":1.89,"u":"7,56 €/L","img":"https://fd9-photos.leclercdrive.fr/image.ashx?id=2691619&use=l&cat=p&typeid=i","cat":284603},{"id":20665,"n":"Saucisson sec Bio Village bio 200g","p":4.55,"u":"22,75 €/KG","img":"https://fd9-photos.leclercdrive.fr/image.ashx?id=2330511&use=l&cat=p&typeid=i","cat":316006},{"id":20683,"n":"Pommes duchesse Pom'lisse 750g","p":1.29,"u":"1,72 €/KG","img":"https://fd9-photos.leclercdrive.fr/image.ashx?id=2851577&use=l&cat=p&typeid=i","cat":319792},{"id":20684,"n":"Cordon bleu de poulet Eco+ 800g","p":3.9,"u":"4,88 €/KG","img":"https://fd9-photos.leclercdrive.fr/image.ashx?id=2779871&use=l&cat=p&typeid=i","cat":319780},{"id":20685,"n":"Purée 4 légumes Notre Jardin 750g","p":2.24,"u":"2,99 €/KG","img":"https://fd9-photos.leclercdrive.fr/image.ashx?id=2389518&use=l&cat=p&typeid=i","cat":319805},{"id":20686,"n":"Haricots plats Notre Jardin 1kg","p":1.79,"u":"1,79 €/KG","img":"https://fd9-photos.leclercdrive.fr/image.ashx?id=2431122&use=l&cat=p&typeid=i","cat":319805},{"id":20688,"n":"Tagliatelles carbonara Marie 330g","p":3.08,"u":"9,33 €/KG","img":"https://fd9-photos.leclercdrive.fr/image.ashx?id=2980920&use=l&cat=p&typeid=i","cat":333665},{"id":20692,"n":"Filet de saumon Fleury Michon purée de brocolis - 300g","p":3.68,"u":"12,27 €/KG","img":"https://fd9-photos.leclercdrive.fr/image.ashx?id=3003278&use=l&cat=p&typeid=i","cat":333665},{"id":20697,"n":"Sandwich Suédois Sodebo Jambon Cheddar 135g","p":1.6,"u":"11,85 €/KG","img":"https://fd9-photos.leclercdrive.fr/image.ashx?id=2912095&use=l&cat=p&typeid=i","cat":333658},{"id":20700,"n":"Macaroni sauce tomate Marie Boulettes de viande 280g","p":2.72,"u":"9,71 €/KG","img":"https://fd9-photos.leclercdrive.fr/image.ashx?id=2980968&use=l&cat=p&typeid=i","cat":333665},{"id":20715,"n":"Betterave rouge Bio  Bio Village - 500g","p":1.25,"u":"2,50 €/KG","img":"https://fd9-photos.leclercdrive.fr/image.ashx?id=2587109&use=l&cat=p&typeid=i","cat":284352},{"id":20717,"n":"Sirop Frucci Cassis - 1L","p":3.11,"u":"3,11 €/L","img":"https://fd9-photos.leclercdrive.fr/image.ashx?id=2954079&use=l&cat=p&typeid=i","cat":295020},{"id":20718,"n":"Sirop Frucci Orgeat - 1L","p":4.18,"u":"4,18 €/L","img":"https://fd9-photos.leclercdrive.fr/image.ashx?id=2954085&use=l&cat=p&typeid=i","cat":295020},{"id":20721,"n":"Epinards Bonduelle Feuilles préservées - 750g","p":2.25,"u":"3,00 €/KG","img":"https://fd9-photos.leclercdrive.fr/image.ashx?id=2910028&use=l&cat=p&typeid=i","cat":319805},{"id":20724,"n":"Cheeseburger Charal 6x140g - 840g","p":8.95,"u":"10,65 €/KG","img":"https://fd9-photos.leclercdrive.fr/image.ashx?id=2741952&use=l&cat=p&typeid=i","cat":319822},{"id":20726,"n":"Yaourts Malo Nature Bio - 4x125g","p":1.7,"u":"3,40 €/KG","img":"https://fd9-photos.leclercdrive.fr/image.ashx?id=2908630&use=l&cat=p&typeid=i","cat":284409},{"id":20727,"n":"Yaourts Malo Vanille Bio - 4x125g","p":2.04,"u":"4,08 €/KG","img":"https://fd9-photos.leclercdrive.fr/image.ashx?id=2908633&use=l&cat=p&typeid=i","cat":286006},{"id":20744,"n":"Philadelphia Nature - 150g","p":1.68,"u":"11,20 €/KG","img":"https://fd9-photos.leclercdrive.fr/image.ashx?id=1586142&use=l&cat=p&typeid=i","cat":314029},{"id":20753,"n":"Mouchoirs The Original Kleenex® Etuis mini x24","p":2.78,"u":"0,12 €/P","img":"https://fd9-photos.leclercdrive.fr/image.ashx?id=2840301&use=l&cat=p&typeid=i","cat":284638},{"id":20758,"n":"Riz cantonais Tables du Monde 900g","p":3.99,"u":"4,43 €/KG","img":"https://fd9-photos.leclercdrive.fr/image.ashx?id=2903953&use=l&cat=p&typeid=i","cat":284254},{"id":20759,"n":"Purée de céleris Notre Jardin Nature 750g","p":1.88,"u":"2,51 €/KG","img":"https://fd9-photos.leclercdrive.fr/image.ashx?id=2856169&use=l&cat=p&typeid=i","cat":319805},{"id":20773,"n":"Anneaux d'encornets Pêche Océan 500g","p":6.55,"u":"13,10 €/KG","img":"https://fd9-photos.leclercdrive.fr/image.ashx?id=3012391&use=l&cat=p&typeid=i","cat":319787},{"id":20775,"n":"Carottes râpées Menu Fraîcheur  1kg","p":1.98,"u":"1,98 €/KG","img":"https://fd9-photos.leclercdrive.fr/image.ashx?id=2645918&use=l&cat=p&typeid=i","cat":333657},{"id":20776,"n":"Taboulé Menu Fraîcheur A l'orientale - 1kg","p":2.77,"u":"2,77 €/KG","img":"https://fd9-photos.leclercdrive.fr/image.ashx?id=2846559&use=l&cat=p&typeid=i","cat":333657},{"id":20777,"n":"Piémontaise Menu Fraîcheur  Au jambon - 1kg","p":4.27,"u":"4,27 €/KG","img":"https://fd9-photos.leclercdrive.fr/image.ashx?id=2965488&use=l&cat=p&typeid=i","cat":333657},{"id":20792,"n":"Cire Institut Siliss Professionnelle - 400g","p":5.6,"u":"14,00 €/KG","img":"https://fd9-photos.leclercdrive.fr/image.ashx?id=2699444&use=l&cat=p&typeid=i","cat":325351},{"id":20818,"n":"Tomate cocktail en grappe Panier du Primeur - 500g","p":2.49,"u":"4,98 €/KG","img":"https://fd9-photos.leclercdrive.fr/image.ashx?id=2649897&use=l&cat=p&typeid=i","cat":284352},{"id":20828,"n":"AOP Côtes de Bourg rouge Château du Bousquet - 75cl","p":8.25,"u":"11,00 €/L","img":"https://fd9-photos.leclercdrive.fr/image.ashx?id=2313942&use=l&cat=p&typeid=i","cat":289556},{"id":20834,"n":"AOP Saumur Champigny rouge Charles de Villeneuve - 75cl","p":5.95,"pp":4.46,"u":"5,95 €/L","img":"https://fd9-photos.leclercdrive.fr/image.ashx?id=2859275&use=l&cat=p&typeid=i","cat":289556},{"id":20840,"n":"Yaourts Mamie Nova Panaché de fruits - 6x150g","p":3.37,"u":"3,74 €/KG","img":"https://fd9-photos.leclercdrive.fr/image.ashx?id=2886954&use=l&cat=p&typeid=i","cat":284410},{"id":20856,"n":"Chipolatas aux herbes Férial 330g","p":3.49,"u":"10,58 €/KG","img":"https://fd9-photos.leclercdrive.fr/image.ashx?id=3004666&use=l&cat=p&typeid=i","cat":284334},{"id":20858,"n":"Saucisses de Toulouse Férial x4 - 500g","p":4.16,"u":"8,32 €/KG","img":"https://fd9-photos.leclercdrive.fr/image.ashx?id=3004669&use=l&cat=p&typeid=i","cat":284334},{"id":20862,"n":"Sauce Provençale Turini 190g","p":0.59,"u":"3,11 €/KG","img":"https://fd9-photos.leclercdrive.fr/image.ashx?id=2386152&use=l&cat=p&typeid=i","cat":287599},{"id":20863,"n":"Allumettes de bacon Herta Fumées 200g","p":2.16,"u":"10,80 €/KG","img":"https://fd9-photos.leclercdrive.fr/image.ashx?id=2876242&use=l&cat=p&typeid=i","cat":316011},{"id":20880,"n":"Le Parmentier de saumon Maison Briau - 750g","p":10.7,"u":"14,27 €/KG","img":"https://fd9-photos.leclercdrive.fr/image.ashx?id=2850605&use=l&cat=p&typeid=i","cat":333666},{"id":20881,"n":"La Brandade de morue  Maison Briau - 750g","p":10.04,"u":"13,39 €/KG","img":"https://fd9-photos.leclercdrive.fr/image.ashx?id=2850602&use=l&cat=p&typeid=i","cat":285094},{"id":20882,"n":"Colin pané Alaska Cité Marine MSC - 200g","p":2.32,"u":"11,60 €/KG","img":"https://fd9-photos.leclercdrive.fr/image.ashx?id=2844142&use=l&cat=p&typeid=i","cat":284344},{"id":20986,"n":"Sauce Napolitaine Turini 190g","p":0.85,"u":"4,47 €/KG","img":"https://fd9-photos.leclercdrive.fr/image.ashx?id=2552430&use=l&cat=p&typeid=i","cat":287599},{"id":20987,"n":"Liqueur Litchi Soho 15%vol. - 70cl","p":8.49,"u":"12,13 €/L","img":"https://fd9-photos.leclercdrive.fr/image.ashx?id=2971927&use=l&cat=p&typeid=i","cat":286032},{"id":21017,"n":"Poisson Pané Findus  Colin d'Alaska - x10 - 510g","p":3.97,"u":"7,78 €/KG","img":"https://fd9-photos.leclercdrive.fr/image.ashx?id=2735332&use=l&cat=p&typeid=i","cat":319788},{"id":21027,"n":"Sauce bolognaise Turini 190g","p":0.85,"u":"4,47 €/KG","img":"https://fd9-photos.leclercdrive.fr/image.ashx?id=2634869&use=l&cat=p&typeid=i","cat":287599},{"id":21077,"n":"Bière blonde La Goudale 7.2%vol. - 6x25cl","p":4.23,"u":"2,82 €/L","img":"https://fd9-photos.leclercdrive.fr/image.ashx?id=2789865&use=l&cat=p&typeid=i","cat":334852},{"id":21081,"n":"Bière blonde Rince Cochon 50cl","p":1.83,"u":"3,66 €/L","img":"https://fd9-photos.leclercdrive.fr/image.ashx?id=2021232&use=l&cat=p&typeid=i","cat":334853},{"id":21218,"n":"Filtre à café Melitta 1x4 Bambou - x80","p":2.2,"u":"0,03 €/P","img":"https://fd9-photos.leclercdrive.fr/image.ashx?id=2219327&use=l&cat=p&typeid=i","cat":284751},{"id":21232,"n":"Rasoir jetable Wilkinson Xtrème 3 Sensitive - x12","p":12.13,"u":"1,01 €/P","img":"https://fd9-photos.leclercdrive.fr/image.ashx?id=2466694&use=l&cat=p&typeid=i","cat":284616},{"id":21246,"n":"Pièges Insectivor Anti-mites alimentaires - x2","p":2.76,"u":"1,38 €/P","img":"https://fd9-photos.leclercdrive.fr/image.ashx?id=1962780&use=l&cat=p&typeid=i","cat":298368},{"id":21271,"n":"Crème de jour Diadermine Expert rides 3D - 50ml","p":8.97,"u":"179,40 €/L","img":"https://fd9-photos.leclercdrive.fr/image.ashx?id=2500488&use=l&cat=p&typeid=i","cat":325345},{"id":21326,"n":"Tapenade olives noires NRT 90g","p":1.84,"u":"20,44 €/KG","img":"https://fd9-photos.leclercdrive.fr/image.ashx?id=2839959&use=l&cat=p&typeid=i","cat":284451},{"id":21370,"n":"Emincés pour chat Tous mes amis Viande 4x390g","p":4.21,"u":"2,70 €/KG","img":"https://fd9-photos.leclercdrive.fr/image.ashx?id=2050669&use=l&cat=p&typeid=i","cat":285601},{"id":21373,"n":"Jambon fumé grill Petitgas À poêler 3 tranches 300g","p":4.56,"u":"15,20 €/KG","img":"https://fd9-photos.leclercdrive.fr/image.ashx?id=1730010&use=l&cat=p&typeid=i","cat":316009},{"id":21572,"n":"Baguette La Boulangère Viennoise fendue 340g","p":1.41,"u":"4,15 €/KG","img":"https://fd9-photos.leclercdrive.fr/image.ashx?id=2912392&use=l&cat=p&typeid=i","cat":284985},{"id":21573,"n":"Bonbons LUTTI Arlequin Original 250g","p":1.42,"u":"5,68 €/KG","img":"https://fd9-photos.leclercdrive.fr/image.ashx?id=2817422&use=l&cat=p&typeid=i","cat":304252},{"id":21584,"n":"Olives noires Crespo Dénoyautées - 170g","p":1.45,"u":"8,53 €/KG","img":"https://fd9-photos.leclercdrive.fr/image.ashx?id=2616892&use=l&cat=p&typeid=i","cat":284458},{"id":21592,"n":"Filets de cabillaud Findus MSC - x10 - 510g","p":7.23,"u":"14,18 €/KG","img":"https://fd9-photos.leclercdrive.fr/image.ashx?id=2735329&use=l&cat=p&typeid=i","cat":319788},{"id":21606,"n":"Cornichons Maille extra fins 380g","p":3.17,"u":"8,34 €/KG","img":"https://fd9-photos.leclercdrive.fr/image.ashx?id=2945826&use=l&cat=p&typeid=i","cat":284458},{"id":21609,"n":"Cornichons Extra-Fins MAILLE 220g","p":2.29,"u":"10,41 €/KG","img":"https://fd9-photos.leclercdrive.fr/image.ashx?id=2945823&use=l&cat=p&typeid=i","cat":284458},{"id":21610,"n":"Lotion fraîcheur Inell Tonique - 250ml","p":1.53,"u":"6,12 €/L","img":"https://fd9-photos.leclercdrive.fr/image.ashx?id=2694172&use=l&cat=p&typeid=i","cat":284603},{"id":21611,"n":"Lotion douceur Inell Tonique - 250ml","p":1.52,"u":"6,08 €/L","img":"https://fd9-photos.leclercdrive.fr/image.ashx?id=2707561&use=l&cat=p&typeid=i","cat":284603},{"id":21612,"n":"Liquide vaisselle Eco+ Citron 1L","p":0.7,"u":"0,70 €/L","img":"https://fd9-photos.leclercdrive.fr/image.ashx?id=2042939&use=l&cat=p&typeid=i","cat":284655},{"id":21642,"n":"Brioche tressée La Boulangère 800g","p":5.02,"u":"6,28 €/KG","img":"https://fd9-photos.leclercdrive.fr/image.ashx?id=2926401&use=l&cat=p&typeid=i","cat":284478},{"id":21652,"n":"Biscuits P'tit Déli Galettes Suédoise chocolat 150g","p":2.38,"u":"15,87 €/KG","img":"https://fd9-photos.leclercdrive.fr/image.ashx?id=1951046&use=l&cat=p&typeid=i","cat":284490},{"id":21662,"n":"Boîte chiens Lydog Bouchées Poulet légumes - 1,2kg","p":1.98,"u":"1,65 €/KG","img":"https://fd9-photos.leclercdrive.fr/image.ashx?id=2548100&use=l&cat=p&typeid=i","cat":288578},{"id":21663,"n":"Bouchées au poulet foie et  aux carottes Lydog - 1.23kg","p":2.39,"u":"1,94 €/KG","img":"https://fd9-photos.leclercdrive.fr/image.ashx?id=2691225&use=l&cat=p&typeid=i","cat":288578},{"id":21676,"n":"Bûche de chèvre Ste Maure Sélection Soignon - 200g","p":2.7,"u":"13,50 €/KG","img":"https://fd9-photos.leclercdrive.fr/image.ashx?id=2799925&use=l&cat=p&typeid=i","cat":314031},{"id":21685,"n":"Nuggets de poulet Côté Croc x20 - 400g","p":3.0,"u":"7,50 €/KG","img":"https://fd9-photos.leclercdrive.fr/image.ashx?id=2837045&use=l&cat=p&typeid=i","cat":333684},{"id":21686,"n":"Saucisson sec Saint Azay Spécialité 200g","p":2.99,"u":"14,95 €/KG","img":"https://fd9-photos.leclercdrive.fr/image.ashx?id=2472053&use=l&cat=p&typeid=i","cat":316006},{"id":21687,"n":"Fromage Cheddar Burger Les Croisés 10 Tranches - 200g","p":1.25,"u":"6,25 €/KG","img":"https://fd9-photos.leclercdrive.fr/image.ashx?id=2804181&use=l&cat=p&typeid=i","cat":314028},{"id":21688,"n":"Fromage Emmental Croque Les Croisés 10 Tranches - 200g","p":1.19,"u":"5,95 €/KG","img":"https://fd9-photos.leclercdrive.fr/image.ashx?id=2341888&use=l&cat=p&typeid=i","cat":314028},{"id":21699,"n":"Crème fraîche Eco  Epaisse - 30% MG - 50cl","p":1.89,"u":"3,78 €/L","img":"https://fd9-photos.leclercdrive.fr/image.ashx?id=738045&use=l&cat=p&typeid=i","cat":284381},{"id":21702,"n":"Haricots verts Eco+ Très fins - 1kg","p":1.39,"u":"1,39 €/KG","img":"https://fd9-photos.leclercdrive.fr/image.ashx?id=1666705&use=l&cat=p&typeid=i","cat":319805},{"id":21703,"n":"Fromage frais Eco+ Nature 20%MG - 1kg","p":1.79,"u":"1,79 €/KG","img":"https://fd9-photos.leclercdrive.fr/image.ashx?id=2699919&use=l&cat=p&typeid=i","cat":284409},{"id":21711,"n":"Brandade de morue Pêcheries Basques parmentière - 900g","p":5.59,"u":"6,21 €/KG","img":"https://fd9-photos.leclercdrive.fr/image.ashx?id=2608259&use=l&cat=p&typeid=i","cat":285094},{"id":21772,"n":"Calissons d'Aix le Roy René 500g","p":12.62,"u":"25,24 €/KG","img":"https://fd9-photos.leclercdrive.fr/image.ashx?id=2395372&use=l&cat=p&typeid=i","cat":327606},{"id":21809,"n":"Boules chocolat Jacquot Praliné noir - 1kg","p":10.28,"u":"10,28 €/KG","img":"https://fd9-photos.leclercdrive.fr/image.ashx?id=2303303&use=l&cat=p&typeid=i","cat":327595},{"id":21877,"n":"Purée surgelée Pom'lisse Pommes de terre 750g","p":2.04,"u":"2,72 €/KG","img":"https://fd9-photos.leclercdrive.fr/image.ashx?id=2759777&use=l&cat=p&typeid=i","cat":319793},{"id":21911,"n":"Tomato Ketchup Heinz - 342g","p":1.37,"u":"4,01 €/KG","img":"https://fd9-photos.leclercdrive.fr/image.ashx?id=2955288&use=l&cat=p&typeid=i","cat":284455},{"id":22033,"n":"Gin Brighton's London Dry 37.5%vol - 70cl","p":9.99,"u":"14,27 €/L","img":"https://fd9-photos.leclercdrive.fr/image.ashx?id=2907183&use=l&cat=p&typeid=i","cat":284550},{"id":22065,"n":"Filets de maquereaux Saupiquet A la moutarde - 3x169g","p":5.99,"u":"11,81 €/KG","img":"https://fd9-photos.leclercdrive.fr/image.ashx?id=2826972&use=l&cat=p&typeid=i","cat":303868},{"id":22087,"n":"Sucettes Chupa Chups Mini Assortiment x30 180g","p":1.94,"u":"10,78 €/KG","img":"https://fd9-photos.leclercdrive.fr/image.ashx?id=2647606&use=l&cat=p&typeid=i","cat":304250},{"id":22112,"n":"Vodka Sobieski 37.5%vol - 70cl","p":10.83,"u":"15,47 €/L","img":"https://fd9-photos.leclercdrive.fr/image.ashx?id=2948474&use=l&cat=p&typeid=i","cat":284550},{"id":22114,"n":"Thon Pêche Océan Mayonnaise - 2x135g","p":1.78,"u":"6,59 €/KG","img":"https://fd9-photos.leclercdrive.fr/image.ashx?id=2943650&use=l&cat=p&typeid=i","cat":303867},{"id":22115,"n":"Cidre brut Les Goelleries Bretagne 4.5%vol. - 1,5L","p":1.87,"u":"1,25 €/L","img":"https://fd9-photos.leclercdrive.fr/image.ashx?id=2842277&use=l&cat=p&typeid=i","cat":334880},{"id":22116,"n":"Pain de mie complet Epi d'Or Grandes tranches - 550g","p":1.22,"u":"2,22 €/KG","img":"https://fd9-photos.leclercdrive.fr/image.ashx?id=2340678&use=l&cat=p&typeid=i","cat":284477},{"id":22140,"n":"Crème anglaise Délisse 3x20cl","p":2.65,"u":"4,42 €/L","img":"https://fd9-photos.leclercdrive.fr/image.ashx?id=3002590&use=l&cat=p&typeid=i","cat":284382},{"id":22141,"n":"Riz Basmati Comptoir du grain Sélection Riz long - 5x90g","p":1.81,"u":"4,02 €/KG","img":"https://fd9-photos.leclercdrive.fr/image.ashx?id=2076685&use=l&cat=p&typeid=i","cat":284428},{"id":22142,"n":"Terrines chats Tous mes amis Spécial chaton - 4x400g","p":4.86,"u":"3,04 €/KG","img":"https://fd9-photos.leclercdrive.fr/image.ashx?id=647133&use=l&cat=p&typeid=i","cat":285601},{"id":22143,"n":"Emincés Tous Mes Amis En sauce - 4x400g","p":4.39,"u":"2,74 €/KG","img":"https://fd9-photos.leclercdrive.fr/image.ashx?id=776773&use=l&cat=p&typeid=i","cat":285601},{"id":22207,"n":"Blanc de Poulet Tradilège -25% de sel - 4 Tranches - 160g","p":1.92,"u":"12,00 €/KG","img":"https://fd9-photos.leclercdrive.fr/image.ashx?id=2974969&use=l&cat=p&typeid=i","cat":316010},{"id":22208,"n":"Lait écrémé Bio Bio Village UHT - Bouteille : 6x1L","p":6.6,"u":"1,10 €/L","img":"https://fd9-photos.leclercdrive.fr/image.ashx?id=2970018&use=l&cat=p&typeid=i","cat":284949},{"id":22209,"n":"Lait entier UHT Bio Bio village Bouteille - 6x1L","p":8.94,"u":"1,49 €/L","img":"https://fd9-photos.leclercdrive.fr/image.ashx?id=2970024&use=l&cat=p&typeid=i","cat":285610},{"id":22212,"n":"Vin de l'Union Européenne rouge Vieux Papes - BIB 5L","p":11.88,"u":"2,38 €/L","img":"https://fd9-photos.leclercdrive.fr/image.ashx?id=2136139&use=l&cat=p&typeid=i","cat":289556},{"id":22249,"n":"Sandwich Baguette Mega Viennois  Sodebo Thon Oeuf - 270g","p":1.82,"u":"6,74 €/KG","img":"https://fd9-photos.leclercdrive.fr/image.ashx?id=2694596&use=l&cat=p&typeid=i","cat":333658},{"id":22349,"n":"Moule à manqué Homeside Revêtement antiadhésif - 26cm","p":5.99,"img":"https://fd9-photos.leclercdrive.fr/image.ashx?id=2856724&use=l&cat=p&typeid=i","cat":298490},{"id":22350,"n":"Moule à tarte Ardence Aluminium - 27cm","p":5.94,"img":"https://fd9-photos.leclercdrive.fr/image.ashx?id=2856730&use=l&cat=p&typeid=i","cat":298490},{"id":22373,"n":"Carré pour la vaisselle Mamison x5","p":1.35,"img":"https://fd9-photos.leclercdrive.fr/image.ashx?id=1947483&use=l&cat=p&typeid=i","cat":284667},{"id":22374,"n":"Chiffons secs Clair Dépouissiérants x20","p":1.97,"img":"https://fd9-photos.leclercdrive.fr/image.ashx?id=1237966&use=l&cat=p&typeid=i","cat":325364},{"id":22388,"n":"IGP Ile de Beauté vin rosé Terres Ocrées 11.5%vol - BIB 3L","p":12.99,"u":"4,33 €/L","img":"https://fd9-photos.leclercdrive.fr/image.ashx?id=2863036&use=l&cat=p&typeid=i","cat":289560},{"id":22477,"n":"Pignons de pin Couleurs Vives 125g","p":5.99,"u":"47,92 €/KG","img":"https://fd9-photos.leclercdrive.fr/image.ashx?id=2212926&use=l&cat=p&typeid=i","cat":284357},{"id":22487,"n":"IGP Pays d'Oc rosé Roche Mazet Grenache Cinsault - BIB 3L","p":10.48,"u":"3,49 €/L","img":"https://fd9-photos.leclercdrive.fr/image.ashx?id=2597118&use=l&cat=p&typeid=i","cat":289560},{"id":22488,"n":"IGP Pays d'Oc rouge Roche Mazet Cabernet Sauvignon 12.5% BIB 3L","p":10.38,"u":"3,46 €/L","img":"https://fd9-photos.leclercdrive.fr/image.ashx?id=2597121&use=l&cat=p&typeid=i","cat":289560},{"id":22489,"n":"IGP Pays d'oc blancRoche Mazet Sauvignon - BIB 3L","p":10.6,"u":"3,53 €/L","img":"https://fd9-photos.leclercdrive.fr/image.ashx?id=2597124&use=l&cat=p&typeid=i","cat":289557},{"id":22512,"n":"Compote Douceur du Verger  Pomme Abricot - 4x100g","p":1.09,"u":"2,73 €/KG","img":"https://fd9-photos.leclercdrive.fr/image.ashx?id=3012400&use=l&cat=p&typeid=i","cat":284416},{"id":22517,"n":"Vodka Poliakov Flask 37.5%vol - 20cl","p":3.73,"u":"18,65 €/L","img":"https://fd9-photos.leclercdrive.fr/image.ashx?id=2484029&use=l&cat=p&typeid=i","cat":284550},{"id":22565,"n":"Yaourt Malo Vanille lait entier 4x125g","p":2.03,"u":"4,06 €/KG","img":"https://fd9-photos.leclercdrive.fr/image.ashx?id=2908021&use=l&cat=p&typeid=i","cat":286006},{"id":22566,"n":"Yaourts Malo Nature - 4x125g","p":1.64,"u":"3,28 €/KG","img":"https://fd9-photos.leclercdrive.fr/image.ashx?id=2908018&use=l&cat=p&typeid=i","cat":284409},{"id":22578,"n":"Desserts Empresure Malo Caramel - 4x125g","p":1.97,"u":"3,94 €/KG","img":"https://fd9-photos.leclercdrive.fr/image.ashx?id=2802401&use=l&cat=p&typeid=i","cat":285041},{"id":22588,"n":"IGP Pays d'Oc Chardonnay Blanc Vieux Carion 12% vol BIB 3L","p":8.99,"u":"3,00 €/L","img":"https://fd9-photos.leclercdrive.fr/image.ashx?id=2591397&use=l&cat=p&typeid=i","cat":289560},{"id":22589,"n":"Fromage Petit Munster AOP  Nos Régions ont du Talent 200g","p":3.55,"u":"17,75 €/KG","img":"https://fd9-photos.leclercdrive.fr/image.ashx?id=1889096&use=l&cat=p&typeid=i","cat":329558},{"id":22653,"n":"Crème entière fluide UHT Bio Bio Village 30% MG - 25cl","p":1.85,"u":"7,40 €/L","img":"https://fd9-photos.leclercdrive.fr/image.ashx?id=2801795&use=l&cat=p&typeid=i","cat":284381},{"id":22659,"n":"Cancoillotte nature NRT IGP 250g","p":1.97,"u":"7,88 €/KG","img":"https://fd9-photos.leclercdrive.fr/image.ashx?id=2663845&use=l&cat=p&typeid=i","cat":314037},{"id":22660,"n":"Cancoillotte à l'ail NRT IGP 250g","p":1.97,"u":"7,88 €/KG","img":"https://fd9-photos.leclercdrive.fr/image.ashx?id=2347519&use=l&cat=p&typeid=i","cat":314037},{"id":22689,"n":"Confiture extra bio Bio Village Fraises - 370g","p":1.79,"u":"4,84 €/KG","img":"https://fd9-photos.leclercdrive.fr/image.ashx?id=2965626&use=l&cat=p&typeid=i","cat":284480},{"id":22690,"n":"Confiture extra bio Bio Village Abricots - 370g","p":1.79,"u":"4,84 €/KG","img":"https://fd9-photos.leclercdrive.fr/image.ashx?id=2965629&use=l&cat=p&typeid=i","cat":284480},{"id":22776,"n":"Plateau charcuterie Petitgas 4 saisons, assortiment - 300g","p":6.07,"u":"20,23 €/KG","img":"https://fd9-photos.leclercdrive.fr/image.ashx?id=2589338&use=l&cat=p&typeid=i","cat":316007},{"id":22787,"n":"Saumon Ronde des Mers Petites tranches - 100g","p":3.69,"u":"36,90 €/KG","img":"https://fd9-photos.leclercdrive.fr/image.ashx?id=2449999&use=l&cat=p&typeid=i","cat":285188},{"id":22799,"n":"Mayonnaise Lesieur 710g","p":3.16,"u":"4,45 €/KG","img":"https://fd9-photos.leclercdrive.fr/image.ashx?id=2917693&use=l&cat=p&typeid=i","cat":298295},{"id":22803,"n":"Brioche tranchée Epi d'Or Nature - 700g","p":2.22,"u":"3,17 €/KG","img":"https://fd9-photos.leclercdrive.fr/image.ashx?id=1976642&use=l&cat=p&typeid=i","cat":284478},{"id":22804,"n":"Boisson végétale Bio Village Soja nature bio - 1l","p":0.88,"u":"0,88 €/L","img":"https://fd9-photos.leclercdrive.fr/image.ashx?id=2372350&use=l&cat=p&typeid=i","cat":316067},{"id":22805,"n":"Boisson végétale Bio Village Soja vanille bio - 1l","p":1.42,"u":"1,42 €/L","img":"https://fd9-photos.leclercdrive.fr/image.ashx?id=2357707&use=l&cat=p&typeid=i","cat":316067},{"id":22845,"n":"Nems Marie Tradition d'Asie Porc sauce nuoc x4 - 280g","p":3.05,"u":"10,89 €/KG","img":"https://fd9-photos.leclercdrive.fr/image.ashx?id=2985216&use=l&cat=p&typeid=i","cat":333673},{"id":22893,"n":"Cidre doux Les Goelleries 2%vol. - 1,5L","p":2.09,"u":"1,39 €/L","img":"https://fd9-photos.leclercdrive.fr/image.ashx?id=2842280&use=l&cat=p&typeid=i","cat":334880},{"id":22894,"n":"Nettoyant spray Clair Ultra dégraissant - 750ml","p":1.18,"u":"1,57 €/L","img":"https://fd9-photos.leclercdrive.fr/image.ashx?id=2840386&use=l&cat=p&typeid=i","cat":325357},{"id":22895,"n":"Nettoyant spray Clair javel Salle de bains 750ml","p":1.46,"u":"1,95 €/L","img":"https://fd9-photos.leclercdrive.fr/image.ashx?id=2840473&use=l&cat=p&typeid=i","cat":325357},{"id":22898,"n":"Nettoyant Silex vitres d'insert Barbecue ultra décapante 750ml","p":3.99,"u":"5,32 €/L","img":"https://fd9-photos.leclercdrive.fr/image.ashx?id=2657087&use=l&cat=p&typeid=i","cat":325363},{"id":22906,"n":"Gel à raser Carré Homme Sensitive - 75ml","p":1.16,"u":"15,47 €/L","img":"https://fd9-photos.leclercdrive.fr/image.ashx?id=2762952&use=l&cat=p&typeid=i","cat":284617},{"id":22911,"n":"Gants de ménage Mamison Taille S 1 paire","p":1.01,"img":"https://fd9-photos.leclercdrive.fr/image.ashx?id=2635676&use=l&cat=p&typeid=i","cat":284668},{"id":22912,"n":"Gants Mamison spécial vaisselle Taille S 1 paire","p":1.01,"u":"0,51 €/P","img":"https://fd9-photos.leclercdrive.fr/image.ashx?id=2946169&use=l&cat=p&typeid=i","cat":284668},{"id":22913,"n":"Gel désinfectant mains Primoplast - 75ml","p":0.96,"u":"12,80 €/L","img":"https://fd9-photos.leclercdrive.fr/image.ashx?id=2856489&use=l&cat=p&typeid=i","cat":284630},{"id":22960,"n":"Gants de ménage Mamison Taille M 1 paire","p":1.01,"img":"https://fd9-photos.leclercdrive.fr/image.ashx?id=2635679&use=l&cat=p&typeid=i","cat":284668},{"id":22968,"n":"Eponges grattantes Mamison Surfaces délicates x2","p":1.49,"u":"0,75 €/P","img":"https://fd9-photos.leclercdrive.fr/image.ashx?id=2202392&use=l&cat=p&typeid=i","cat":284667},{"id":22976,"n":"Crème visage nourrissante Inell Peau sèche - 50ml","p":1.96,"u":"39,20 €/L","img":"https://fd9-photos.leclercdrive.fr/image.ashx?id=2771124&use=l&cat=p&typeid=i","cat":325345},{"id":22979,"n":"Gel nettoyant Inell visage Purifiant px norm. mixtes 150ml","p":2.58,"u":"17,20 €/L","img":"https://fd9-photos.leclercdrive.fr/image.ashx?id=1961443&use=l&cat=p&typeid=i","cat":284603},{"id":22980,"n":"Eau de Cologne Belles Saisons Ambrée 250ml","p":1.69,"u":"6,76 €/L","img":"https://fd9-photos.leclercdrive.fr/image.ashx?id=1099563&use=l&cat=p&typeid=i","cat":291525},{"id":23000,"n":"Smoothie innocent fraise banane 750ml","p":3.15,"u":"4,20 €/L","img":"https://fd9-photos.leclercdrive.fr/image.ashx?id=2891241&use=l&cat=p&typeid=i","cat":285435},{"id":23012,"n":"Huile d'Argan Floressance Pure Argan Bio - 50ml","p":7.88,"u":"157,60 €/L","img":"https://fd9-photos.leclercdrive.fr/image.ashx?id=2990688&use=l&cat=p&typeid=i","cat":325349},{"id":23040,"n":"Café moulu Méo L'original Bio - 500g","p":8.73,"u":"17,46 €/KG","img":"https://fd9-photos.leclercdrive.fr/image.ashx?id=2571287&use=l&cat=p&typeid=i","cat":284750},{"id":23046,"n":"infusion bio alter eco  rooibos - 40g","p":2.57,"u":"64,25 €/KG","img":"https://fd9-photos.leclercdrive.fr/image.ashx?id=2968361&use=l&cat=p&typeid=i","cat":293233},{"id":23122,"n":"Fromage enfant Ficello Emmental à effilocher x4 - 84g","p":1.75,"u":"20,83 €/KG","img":"https://fd9-photos.leclercdrive.fr/image.ashx?id=2409553&use=l&cat=p&typeid=i","cat":314030},{"id":23132,"n":"Pâte feuilletée Tablier Blanc Epaisse - 280g","p":1.55,"u":"5,54 €/KG","img":"https://fd9-photos.leclercdrive.fr/image.ashx?id=2041083&use=l&cat=p&typeid=i","cat":333681},{"id":23133,"n":"Pâte brisée Tablier Blanc Epaisse - 280g","p":1.65,"u":"5,89 €/KG","img":"https://fd9-photos.leclercdrive.fr/image.ashx?id=2635913&use=l&cat=p&typeid=i","cat":333681},{"id":23157,"n":"AOP Champagne Brut Nicolas Feuillatte - 75cl","p":26.25,"u":"35,00 €/L","img":"https://fd9-photos.leclercdrive.fr/image.ashx?id=2962791&use=l&cat=p&typeid=i","cat":284542},{"id":23169,"n":"Papier toilette Mimosa Blanc - Ultra Moelleux - x6","p":3.29,"u":"0,55 €/P","img":"https://fd9-photos.leclercdrive.fr/image.ashx?id=2777857&use=l&cat=p&typeid=i","cat":284634},{"id":23176,"n":"Pur jus de tomate Bio Village Bio - 1L","p":2.77,"u":"2,77 €/L","img":"https://fd9-photos.leclercdrive.fr/image.ashx?id=2954115&use=l&cat=p&typeid=i","cat":284523},{"id":23177,"n":"Pur jus Bio Village Bio Carotte - 1L","p":2.87,"u":"2,87 €/L","img":"https://fd9-photos.leclercdrive.fr/image.ashx?id=2177532&use=l&cat=p&typeid=i","cat":284523},{"id":23179,"n":"Pur jus 7 fruits Bio Village Bio - 1L","p":2.78,"u":"2,78 €/L","img":"https://fd9-photos.leclercdrive.fr/image.ashx?id=2901530&use=l&cat=p&typeid=i","cat":284917},{"id":23180,"n":"Rasoirs jetables Carré Homme 3 lames - x4","p":2.65,"img":"https://fd9-photos.leclercdrive.fr/image.ashx?id=1962777&use=l&cat=p&typeid=i","cat":284616},{"id":23182,"n":"Rasoirs jetables Siliss 3 lames - x4","p":1.99,"u":"0,50 €/P","img":"https://fd9-photos.leclercdrive.fr/image.ashx?id=1852842&use=l&cat=p&typeid=i","cat":325352},{"id":23188,"n":"Tomato Ketchup Heinz - 250g","p":1.11,"u":"4,44 €/KG","img":"https://fd9-photos.leclercdrive.fr/image.ashx?id=2943801&use=l&cat=p&typeid=i","cat":284455},{"id":23212,"n":"Compote Douceur du Verger Coupelle pomme framboise-4x100g","p":1.63,"u":"4,08 €/KG","img":"https://fd9-photos.leclercdrive.fr/image.ashx?id=2663494&use=l&cat=p&typeid=i","cat":284508},{"id":23215,"n":"Biscuits Cookies P'tit Déli Chocolat raisin cranberrie 200g","p":1.44,"u":"7,20 €/KG","img":"https://fd9-photos.leclercdrive.fr/image.ashx?id=2529593&use=l&cat=p&typeid=i","cat":325066},{"id":23219,"n":"Sauce Pesto Turini Basilic - 185g","p":1.3,"u":"7,03 €/KG","img":"https://fd9-photos.leclercdrive.fr/image.ashx?id=2546248&use=l&cat=p&typeid=i","cat":287599},{"id":23221,"n":"Sauce Tomates Turini Basilic - 420g","p":1.15,"u":"2,74 €/KG","img":"https://fd9-photos.leclercdrive.fr/image.ashx?id=2487458&use=l&cat=p&typeid=i","cat":287599},{"id":23227,"n":"Chips Bio Village Bio - Nature - 125g","p":1.99,"u":"15,92 €/KG","img":"https://fd9-photos.leclercdrive.fr/image.ashx?id=2743834&use=l&cat=p&typeid=i","cat":284447},{"id":23244,"n":"Désodorisant frigo Bien Air Sans parfum 40g","p":1.83,"u":"45,75 €/KG","img":"https://fd9-photos.leclercdrive.fr/image.ashx?id=2287737&use=l&cat=p&typeid=i","cat":311628},{"id":23249,"n":"Savon de Marseille Epsil Textiles délicats 4x200g","p":1.86,"u":"2,33 €/KG","img":"https://fd9-photos.leclercdrive.fr/image.ashx?id=2379591&use=l&cat=p&typeid=i","cat":284651},{"id":23253,"n":"Nettoyant spray Clair Surpuissant - 750ml","p":1.86,"u":"2,48 €/L","img":"https://fd9-photos.leclercdrive.fr/image.ashx?id=2520831&use=l&cat=p&typeid=i","cat":325357},{"id":23271,"n":"Vin mousseux de France blanc Muscador doux 11.5% Vol 75cl","p":2.61,"u":"3,48 €/L","img":"https://fd9-photos.leclercdrive.fr/image.ashx?id=2157052&use=l&cat=p&typeid=i","cat":284544},{"id":23304,"n":"Feuilletés paniers Côté Table Saumon - 4x100g","p":4.45,"u":"11,13 €/KG","img":"https://fd9-photos.leclercdrive.fr/image.ashx?id=2549400&use=l&cat=p&typeid=i","cat":319776},{"id":23336,"n":"Soufflés Grignot' Tokapi Bacon - 90g","p":0.89,"u":"9,89 €/KG","img":"https://fd9-photos.leclercdrive.fr/image.ashx?id=2059480&use=l&cat=p&typeid=i","cat":284449},{"id":23363,"n":"Lait bébé poudre Nidal Nestlé 1er âge - 0-6 mois - 800g","p":12.92,"u":"16,15 €/KG","img":"https://fd9-photos.leclercdrive.fr/image.ashx?id=2811638&use=l&cat=p&typeid=i","cat":284726},{"id":23372,"n":"Ricotta Les Croisés - 250g","p":1.29,"u":"5,16 €/KG","img":"https://fd9-photos.leclercdrive.fr/image.ashx?id=2133294&use=l&cat=p&typeid=i","cat":314026},{"id":23393,"n":"Biscuits Cuillers Cantreau 6 sachets 225g","p":2.24,"u":"9,96 €/KG","img":"https://fd9-photos.leclercdrive.fr/image.ashx?id=2731333&use=l&cat=p&typeid=i","cat":284487},{"id":23411,"n":"Petits pains grillés Epi d'Or Froment - 400g","p":1.39,"u":"3,48 €/KG","img":"https://fd9-photos.leclercdrive.fr/image.ashx?id=2302634&use=l&cat=p&typeid=i","cat":284479},{"id":23412,"n":"Vermicelles Tables du Monde Haricot mungo - 100g","p":1.23,"u":"12,30 €/KG","img":"https://fd9-photos.leclercdrive.fr/image.ashx?id=2679723&use=l&cat=p&typeid=i","cat":288992},{"id":23419,"n":"Chocolat noir Equador Fourré mousse 160g","p":2.49,"u":"15,56 €/KG","img":"https://fd9-photos.leclercdrive.fr/image.ashx?id=2834299&use=l&cat=p&typeid=i","cat":284956},{"id":23430,"n":"Croquettes chat Tous mes amis Lapin/volailles - 2kg","p":3.99,"u":"2,00 €/KG","img":"https://fd9-photos.leclercdrive.fr/image.ashx?id=2301605&use=l&cat=p&typeid=i","cat":284680},{"id":23437,"n":"Maïs Notre Jardin Croquant - 285g","p":0.85,"u":"2,98 €/KG","img":"https://fd9-photos.leclercdrive.fr/image.ashx?id=1993188&use=l&cat=p&typeid=i","cat":312611},{"id":23438,"n":"Soufflés RingsTokapi Oignon - 60g","p":0.77,"u":"12,83 €/KG","img":"https://fd9-photos.leclercdrive.fr/image.ashx?id=2898838&use=l&cat=p&typeid=i","cat":284449},{"id":23439,"n":"Crème dessert Délisse Choco Billes bicompartiment 4x117g","p":1.99,"u":"4,25 €/KG","img":"https://fd9-photos.leclercdrive.fr/image.ashx?id=1675206&use=l&cat=p&typeid=i","cat":285041},{"id":23444,"n":"Quenelles Côté Table volaille Au naturel 255g","p":1.37,"u":"5,37 €/KG","img":"https://fd9-photos.leclercdrive.fr/image.ashx?id=2977870&use=l&cat=p&typeid=i","cat":284441},{"id":23449,"n":"Dessert fruitier pomme mangue Douceur du Verger s/sucre4x100g","p":1.27,"u":"3,18 €/KG","img":"https://fd9-photos.leclercdrive.fr/image.ashx?id=1957081&use=l&cat=p&typeid=i","cat":284416},{"id":23450,"n":"Yaourts aux fruits Délisse Fruits rouges - 8x125g","p":2.29,"u":"2,29 €/KG","img":"https://fd9-photos.leclercdrive.fr/image.ashx?id=2616736&use=l&cat=p&typeid=i","cat":284410},{"id":23452,"n":"Terrines chats Tous mes amis Viandes variées - 4x400g","p":3.74,"u":"2,34 €/KG","img":"https://fd9-photos.leclercdrive.fr/image.ashx?id=606862&use=l&cat=p&typeid=i","cat":285601},{"id":23499,"n":"Huile Bio Village mélange 4 huiles biologiques - 75 cl","p":3.99,"u":"5,32 €/L","img":"https://fd9-photos.leclercdrive.fr/image.ashx?id=1256840&use=l&cat=p&typeid=i","cat":284453},{"id":23500,"n":"Bouillon de légumes Bio Village Bio - 8x10g","p":1.69,"u":"21,13 €/KG","img":"https://fd9-photos.leclercdrive.fr/image.ashx?id=1943409&use=l&cat=p&typeid=i","cat":288379},{"id":23520,"n":"Bloc de fromage Leerdammer L'Original - 500g","p":5.45,"u":"10,90 €/KG","img":"https://fd9-photos.leclercdrive.fr/image.ashx?id=2699035&use=l&cat=p&typeid=i","cat":314034},{"id":23522,"n":"Bûche de chèvre Les Croisés Format famililal 25%mg 300g","p":2.95,"u":"9,83 €/KG","img":"https://fd9-photos.leclercdrive.fr/image.ashx?id=2071089&use=l&cat=p&typeid=i","cat":314031},{"id":23543,"n":"Bière blonde Leffe 6,6% - 12x33cl","p":12.65,"u":"3,19 €/L","img":"https://fd9-photos.leclercdrive.fr/image.ashx?id=2811578&use=l&cat=p&typeid=i","cat":334852},{"id":23545,"n":"Rösti McCain 800g","p":2.17,"u":"2,71 €/KG","img":"https://fd9-photos.leclercdrive.fr/image.ashx?id=2988728&use=l&cat=p&typeid=i","cat":319792},{"id":23546,"n":"Poêlée savoyarde Marie Aux lardons fumés - 900g","p":5.1,"u":"5,67 €/KG","img":"https://fd9-photos.leclercdrive.fr/image.ashx?id=2996782&use=l&cat=p&typeid=i","cat":319823},{"id":23583,"n":"Crème Fraîche Elle&Vire Epaisse Entière - 30% MG - 33cl","p":1.86,"u":"5,64 €/L","img":"https://fd9-photos.leclercdrive.fr/image.ashx?id=3003333&use=l&cat=p&typeid=i","cat":284381},{"id":23598,"n":"Fromage raclette Les Croisés Sans croûte - 28%mg - 400g","p":3.95,"u":"9,88 €/KG","img":"https://fd9-photos.leclercdrive.fr/image.ashx?id=2242619&use=l&cat=p&typeid=i","cat":314037},{"id":23618,"n":"Couscous Weight Watchers Oriental 300g","p":3.21,"u":"10,70 €/KG","img":"https://fd9-photos.leclercdrive.fr/image.ashx?id=2610915&use=l&cat=p&typeid=i","cat":333665},{"id":23628,"n":"Fond de volaille Rustica 110g","p":2.21,"u":"20,09 €/KG","img":"https://fd9-photos.leclercdrive.fr/image.ashx?id=2140914&use=l&cat=p&typeid=i","cat":288379},{"id":23630,"n":"Mouliné de carottes Régal Soupe Poireaux pommes de terre 1L","p":2.16,"u":"2,16 €/L","img":"https://fd9-photos.leclercdrive.fr/image.ashx?id=2607506&use=l&cat=p&typeid=i","cat":284462},{"id":23631,"n":"Chocolat noir Equador Mini carrés 72% cacao 200g","p":4.35,"u":"21,75 €/KG","img":"https://fd9-photos.leclercdrive.fr/image.ashx?id=2856483&use=l&cat=p&typeid=i","cat":284956},{"id":23636,"n":"Bouillon de volaille Rustica Dégraissé - Tablettes 12x10g","p":0.79,"u":"6,58 €/KG","img":"https://fd9-photos.leclercdrive.fr/image.ashx?id=1880033&use=l&cat=p&typeid=i","cat":288379},{"id":23709,"n":"Riz à la Cantonaise Marie 900g","p":4.95,"u":"5,50 €/KG","img":"https://fd9-photos.leclercdrive.fr/image.ashx?id=2996791&use=l&cat=p&typeid=i","cat":284254},{"id":23715,"n":"Samoussa Tables du Monde Au boeuf - x4 - 220g","p":3.29,"u":"14,95 €/KG","img":"https://fd9-photos.leclercdrive.fr/image.ashx?id=2669732&use=l&cat=p&typeid=i","cat":333673},{"id":23716,"n":"Nems Marie Tradition d'Asie Crevette crabe sce nuoc x4 280g","p":3.3,"u":"11,79 €/KG","img":"https://fd9-photos.leclercdrive.fr/image.ashx?id=2985219&use=l&cat=p&typeid=i","cat":333673},{"id":23717,"n":"Nem au poulet Traditions d'Asie Sauce nuoc mam - x4 - 280g","p":3.04,"u":"10,86 €/KG","img":"https://fd9-photos.leclercdrive.fr/image.ashx?id=2985222&use=l&cat=p&typeid=i","cat":333673},{"id":23726,"n":"Aluminium Eco+ 30m","p":1.89,"u":"0,06 €/MT","img":"https://fd9-photos.leclercdrive.fr/image.ashx?id=2880216&use=l&cat=p&typeid=i","cat":334134},{"id":23727,"n":"Sacs poubelle 100L Eco+ x10","p":0.76,"u":"0,08 €/P","img":"https://fd9-photos.leclercdrive.fr/image.ashx?id=1904753&use=l&cat=p&typeid=i","cat":285168},{"id":23728,"n":"Huile de tournesol Eco+ 1L","p":1.63,"u":"1,63 €/L","img":"https://fd9-photos.leclercdrive.fr/image.ashx?id=1760074&use=l&cat=p&typeid=i","cat":284453},{"id":23729,"n":"Tomato Ketchup Eco+ 560g","p":0.88,"u":"1,57 €/KG","img":"https://fd9-photos.leclercdrive.fr/image.ashx?id=2954328&use=l&cat=p&typeid=i","cat":284455},{"id":23753,"n":"Alcool modifié Primoplast 70° 250ml","p":2.2,"u":"8,80 €/L","img":"https://fd9-photos.leclercdrive.fr/image.ashx?id=2856498&use=l&cat=p&typeid=i","cat":284630},{"id":23754,"n":"Eau oxygénée Primoplast 250ml","p":1.86,"u":"7,44 €/L","img":"https://fd9-photos.leclercdrive.fr/image.ashx?id=2832936&use=l&cat=p&typeid=i","cat":284630},{"id":23759,"n":"Vin de l'Union Européenne La Villageoise  11% Vol. - 1.5L","p":3.64,"u":"2,43 €/L","img":"https://fd9-photos.leclercdrive.fr/image.ashx?id=2153492&use=l&cat=p&typeid=i","cat":289556},{"id":23779,"n":"Camembert 21% MG Bio Bio Village - 250g","p":2.57,"u":"10,28 €/KG","img":"https://fd9-photos.leclercdrive.fr/image.ashx?id=2201492&use=l&cat=p&typeid=i","cat":314033},{"id":23788,"n":"Pizza Bio Bio Village 3 fromages - 380g","p":3.24,"u":"8,53 €/KG","img":"https://fd9-photos.leclercdrive.fr/image.ashx?id=2946202&use=l&cat=p&typeid=i","cat":284256},{"id":23791,"n":"Tartines craquantes Epi d'Or Au blé complet - 250g","p":1.29,"u":"5,16 €/KG","img":"https://fd9-photos.leclercdrive.fr/image.ashx?id=2473987&use=l&cat=p&typeid=i","cat":284479},{"id":23794,"n":"Pain grillé Epi d'Or Blé complet x24 - 500g","p":1.72,"u":"3,44 €/KG","img":"https://fd9-photos.leclercdrive.fr/image.ashx?id=2221941&use=l&cat=p&typeid=i","cat":284479},{"id":23797,"n":"Lentilles vertes Bio Village Bio 500g","p":2.15,"u":"4,30 €/KG","img":"https://fd9-photos.leclercdrive.fr/image.ashx?id=2120317&use=l&cat=p&typeid=i","cat":284430},{"id":23798,"n":"Riz Risotto Comptoir du Grain 500g","p":1.42,"u":"2,84 €/KG","img":"https://fd9-photos.leclercdrive.fr/image.ashx?id=2210864&use=l&cat=p&typeid=i","cat":284428},{"id":23799,"n":"Riz rond Comptoir du Grain Dessert - 1kg","p":1.94,"u":"1,94 €/KG","img":"https://fd9-photos.leclercdrive.fr/image.ashx?id=776471&use=l&cat=p&typeid=i","cat":284428},{"id":23936,"n":"Fromage blanc jockey Stracciatella - 4x120g","p":2.03,"u":"4,23 €/KG","img":"https://fd9-photos.leclercdrive.fr/image.ashx?id=2280011&use=l&cat=p&typeid=i","cat":314999},{"id":23967,"n":"Lait demi-écrémé Grandlait Candia Bouteille - 6x50cl","p":5.43,"u":"1,81 €/L","img":"https://fd9-photos.leclercdrive.fr/image.ashx?id=2916195&use=l&cat=p&typeid=i","cat":284377},{"id":23968,"n":"Roquefort AOP Les Croisés Tranché 150g","p":2.29,"u":"15,27 €/KG","img":"https://fd9-photos.leclercdrive.fr/image.ashx?id=1938498&use=l&cat=p&typeid=i","cat":314032},{"id":23973,"n":"Fusili Côté Snack Pâtes Carbonara - 300g","p":1.89,"u":"6,30 €/KG","img":"https://fd9-photos.leclercdrive.fr/image.ashx?id=2517682&use=l&cat=p&typeid=i","cat":334983},{"id":24009,"n":"Crackers Tuc Fromage - 100g","p":0.75,"u":"7,50 €/KG","img":"https://fd9-photos.leclercdrive.fr/image.ashx?id=3002291&use=l&cat=p&typeid=i","cat":297000},{"id":24035,"n":"Echalotes semoule Rustica 36g","p":1.29,"u":"35,83 €/KG","img":"https://fd9-photos.leclercdrive.fr/image.ashx?id=1209302&use=l&cat=p&typeid=i","cat":298297},{"id":24043,"n":"Thé vert Britley Menthe x25 sachets - 40g","p":0.79,"u":"19,75 €/KG","img":"https://fd9-photos.leclercdrive.fr/image.ashx?id=1034008&use=l&cat=p&typeid=i","cat":293233},{"id":24047,"n":"Yaourts aromatisés Délisse Vanille - 4x125g","p":1.29,"u":"2,58 €/KG","img":"https://fd9-photos.leclercdrive.fr/image.ashx?id=2134524&use=l&cat=p&typeid=i","cat":286006},{"id":24049,"n":"Pâtée chats Tous mes amis Thon en sauce - 80g","p":0.99,"u":"12,38 €/KG","img":"https://fd9-photos.leclercdrive.fr/image.ashx?id=2450306&use=l&cat=p&typeid=i","cat":285601},{"id":24050,"n":"Pâtée chats Tous mes amis Poulet en sauce - 80g","p":0.99,"u":"12,38 €/KG","img":"https://fd9-photos.leclercdrive.fr/image.ashx?id=2450309&use=l&cat=p&typeid=i","cat":285601},{"id":24081,"n":"Mayonnaise Fins Gourmets MAILLE Bocal - 320g","p":2.44,"u":"7,63 €/KG","img":"https://fd9-photos.leclercdrive.fr/image.ashx?id=2812750&use=l&cat=p&typeid=i","cat":298295},{"id":24082,"n":"Mayonnaise Fine MAILLE Qualité Traiteur Bocal - 320g","p":2.36,"u":"7,38 €/KG","img":"https://fd9-photos.leclercdrive.fr/image.ashx?id=2908369&use=l&cat=p&typeid=i","cat":298295},{"id":24094,"n":"Jus de pommes pressées Andros 1,5L","p":3.78,"u":"2,52 €/L","img":"https://fd9-photos.leclercdrive.fr/image.ashx?id=2902981&use=l&cat=p&typeid=i","cat":285435},{"id":24095,"n":"Jus de clémentines préssées Andros - 1,5L","p":4.2,"u":"2,80 €/L","img":"https://fd9-photos.leclercdrive.fr/image.ashx?id=2902984&use=l&cat=p&typeid=i","cat":285435},{"id":24160,"n":"Riz Comptoir du Grain 3 Riz Long/Rouge/Sauvage - 500g","p":1.86,"u":"3,72 €/KG","img":"https://fd9-photos.leclercdrive.fr/image.ashx?id=2549403&use=l&cat=p&typeid=i","cat":284428},{"id":24162,"n":"Vinaigre balsamique Bio Village Bio 50cl","p":3.49,"u":"6,98 €/L","img":"https://fd9-photos.leclercdrive.fr/image.ashx?id=2865206&use=l&cat=p&typeid=i","cat":298543},{"id":24163,"n":"Infusion Tiséa Tilleul Citron 25 sachets 34g","p":1.69,"u":"48,29 €/KG","img":"https://fd9-photos.leclercdrive.fr/image.ashx?id=1729326&use=l&cat=p&typeid=i","cat":293234},{"id":24164,"n":"Thé vert Briley 32.5g","p":0.79,"u":"24,69 €/KG","img":"https://fd9-photos.leclercdrive.fr/image.ashx?id=1034016&use=l&cat=p&typeid=i","cat":293233},{"id":24187,"n":"AOP Champagne Nicolas Feuillatte Brut Rosé - 75cl","p":23.5,"pp":21.15,"u":"28,20 €/L","img":"https://fd9-photos.leclercdrive.fr/image.ashx?id=2486338&use=l&cat=p&typeid=i","cat":284542},{"id":24258,"n":"Philadelphia Nature - 300g","p":2.83,"u":"9,43 €/KG","img":"https://fd9-photos.leclercdrive.fr/image.ashx?id=2787863&use=l&cat=p&typeid=i","cat":314029},{"id":24293,"n":"Céréales Extra Kellogg's Chocolat Noir Noisettes - 500g","p":3.22,"u":"6,44 €/KG","img":"https://fd9-photos.leclercdrive.fr/image.ashx?id=2692284&use=l&cat=p&typeid=i","cat":309512},{"id":24294,"n":"Filets de maquereaux Saupiquet Escabèche - 3x169g","p":5.99,"u":"11,81 €/KG","img":"https://fd9-photos.leclercdrive.fr/image.ashx?id=2826978&use=l&cat=p&typeid=i","cat":303868},{"id":24296,"n":"Sauce apéritif Old El Paso Salsa doux - 312g","p":2.29,"u":"7,34 €/KG","img":"https://fd9-photos.leclercdrive.fr/image.ashx?id=2859944&use=l&cat=p&typeid=i","cat":288993},{"id":24326,"n":"Pizza Turini Chorizo - 200g","p":1.65,"u":"8,25 €/KG","img":"https://fd9-photos.leclercdrive.fr/image.ashx?id=3010572&use=l&cat=p&typeid=i","cat":333679},{"id":24350,"n":"Lingettes rince doigt Clair x24","p":1.96,"u":"0,08 €/P","img":"https://fd9-photos.leclercdrive.fr/image.ashx?id=2949418&use=l&cat=p&typeid=i","cat":325358},{"id":24390,"n":"Pétales de blé Eco+ Chocolat - 750g","p":2.03,"u":"2,71 €/KG","img":"https://fd9-photos.leclercdrive.fr/image.ashx?id=2927836&use=l&cat=p&typeid=i","cat":309513},{"id":24403,"n":"Vodka Novotna Pure grain 37.5%vol - 1L","p":14.99,"u":"14,99 €/L","img":"https://fd9-photos.leclercdrive.fr/image.ashx?id=784848&use=l&cat=p&typeid=i","cat":284550},{"id":24418,"n":"Sauces gourmandes Rustica Pour viande 4 saveurs - 4x90g","p":2.41,"u":"6,69 €/KG","img":"https://fd9-photos.leclercdrive.fr/image.ashx?id=2275513&use=l&cat=p&typeid=i","cat":318430},{"id":24420,"n":"Galettes Bretonnes NRT 100g","p":1.68,"u":"16,80 €/KG","img":"https://fd9-photos.leclercdrive.fr/image.ashx?id=2909419&use=l&cat=p&typeid=i","cat":284487},{"id":24435,"n":"Recharge Touch & Fresh Glade Muguet 10ml","p":3.03,"u":"303,00 €/L","img":"https://fd9-photos.leclercdrive.fr/image.ashx?id=1584602&use=l&cat=p&typeid=i","cat":311629},{"id":24492,"n":"Blanc de poulet Tradilège Doré à la broche - 120g","p":1.39,"u":"11,58 €/KG","img":"https://fd9-photos.leclercdrive.fr/image.ashx?id=1736041&use=l&cat=p&typeid=i","cat":316010},{"id":24495,"n":"Capsules Nescafé Dolce Gusto  Nesquik - x16","p":4.48,"u":"17,50 €/KG","img":"https://fd9-photos.leclercdrive.fr/image.ashx?id=2946634&use=l&cat=p&typeid=i","cat":293239},{"id":24500,"n":"Pain de mie nature Epi d'Or Sans croute - 500g","p":1.39,"u":"2,78 €/KG","img":"https://fd9-photos.leclercdrive.fr/image.ashx?id=2209282&use=l&cat=p&typeid=i","cat":284477},{"id":24520,"n":"Shampoing illuminant Dessange Cheveux blonds colorés - 250ml","p":3.25,"u":"13,00 €/L","img":"https://fd9-photos.leclercdrive.fr/image.ashx?id=2575621&use=l&cat=p&typeid=i","cat":284606},{"id":24542,"n":"Laque cheveux Syoss  Volume spray - 400ml","p":3.5,"u":"8,75 €/L","img":"https://fd9-photos.leclercdrive.fr/image.ashx?id=1882091&use=l&cat=p&typeid=i","cat":284609},{"id":24602,"n":"Crème visage L'Oréal Paris  Anti-rides jour - 50ml","p":8.88,"u":"177,60 €/L","img":"https://fd9-photos.leclercdrive.fr/image.ashx?id=2867518&use=l&cat=p&typeid=i","cat":325345},{"id":24652,"n":"Déodorant Stick Rexona Anti- Transpirant CleanScent 96H 45ml","p":3.45,"u":"76,67 €/L","img":"https://fd9-photos.leclercdrive.fr/image.ashx?id=2895101&use=l&cat=p&typeid=i","cat":284595},{"id":24662,"n":"Mozzarella maxi Galbani 250g","p":2.31,"u":"9,24 €/KG","img":"https://fd9-photos.leclercdrive.fr/image.ashx?id=2953392&use=l&cat=p&typeid=i","cat":314026},{"id":24666,"n":"Roquefort AOP Société Fromage de brebis - 100g","p":2.57,"u":"25,70 €/KG","img":"https://fd9-photos.leclercdrive.fr/image.ashx?id=2729683&use=l&cat=p&typeid=i","cat":314032},{"id":24671,"n":"Crème Chantilly Bridelice Légère fouettée 20%mg - 250g","p":2.68,"u":"10,72 €/KG","img":"https://fd9-photos.leclercdrive.fr/image.ashx?id=2939313&use=l&cat=p&typeid=i","cat":284382},{"id":24672,"n":"Lait Matin Léger Lactel Sans lactose écrémé - 6x1l","p":11.22,"u":"1,87 €/L","img":"https://fd9-photos.leclercdrive.fr/image.ashx?id=2883546&use=l&cat=p&typeid=i","cat":317169},{"id":24694,"n":"Brosses à dent souple Dentamyl x4","p":0.99,"u":"0,25 €/P","img":"https://fd9-photos.leclercdrive.fr/image.ashx?id=2790946&use=l&cat=p&typeid=i","cat":284614},{"id":24695,"n":"Brosse à dent à pile Dentamyl Bleu - 1 pièce","p":5.99,"img":"https://fd9-photos.leclercdrive.fr/image.ashx?id=1914486&use=l&cat=p&typeid=i","cat":297133},{"id":24738,"n":"Sacs poubelle Alfapac 10L Salle de bain végétal x25","p":1.4,"u":"0,06 €/P","img":"https://fd9-photos.leclercdrive.fr/image.ashx?id=2526860&use=l&cat=p&typeid=i","cat":284707},{"id":24759,"n":"Mini nems Tables du Monde porc x5/poulet x5 +sauce - 220g","p":2.99,"u":"13,59 €/KG","img":"https://fd9-photos.leclercdrive.fr/image.ashx?id=1919414&use=l&cat=p&typeid=i","cat":333673},{"id":24843,"n":"Magret de canard Montfort Sous vide - 360g","p":7.8,"u":"21,67 €/KG","img":"https://fd9-photos.leclercdrive.fr/image.ashx?id=2730973&use=l&cat=p&typeid=i","cat":284339},{"id":24844,"n":"IGP Magret de Canard Montfort Sud ouest fumé bois hètre - 80g","p":3.63,"u":"45,38 €/KG","img":"https://fd9-photos.leclercdrive.fr/image.ashx?id=2684949&use=l&cat=p&typeid=i","cat":316007},{"id":24847,"n":"Gâche tranchée ovale NRT Beurre - 450g","p":2.48,"u":"5,51 €/KG","img":"https://fd9-photos.leclercdrive.fr/image.ashx?id=2670443&use=l&cat=p&typeid=i","cat":284478},{"id":24870,"n":"Soda Schweppes Indian Tonic - 12x15cl","p":5.36,"u":"2,98 €/L","img":"https://fd9-photos.leclercdrive.fr/image.ashx?id=2668347&use=l&cat=p&typeid=i","cat":284531},{"id":24906,"n":"Mozzarella mini billes  Les Croisés - 150g","p":1.7,"u":"11,33 €/KG","img":"https://fd9-photos.leclercdrive.fr/image.ashx?id=2992528&use=l&cat=p&typeid=i","cat":314026},{"id":24961,"n":"Soin de jour L'Oréal Paris Age Perfect anti-âge - 50ml","p":11.97,"pp":7.9,"u":"158,00 €/L","img":"https://fd9-photos.leclercdrive.fr/image.ashx?id=2868047&use=l&cat=p&typeid=i","cat":325345},{"id":24967,"n":"Fondue Savoyarde RichesMonts  3 fromages - 450g","p":5.77,"u":"12,82 €/KG","img":"https://fd9-photos.leclercdrive.fr/image.ashx?id=2986239&use=l&cat=p&typeid=i","cat":314037},{"id":24968,"n":"Fromage de chèvre Petit Billy 45%mg - 200g","p":2.64,"u":"13,20 €/KG","img":"https://fd9-photos.leclercdrive.fr/image.ashx?id=2543136&use=l&cat=p&typeid=i","cat":314031},{"id":24969,"n":"Bûche chèvre Soignon -25%sel - 180g","p":2.79,"u":"15,50 €/KG","img":"https://fd9-photos.leclercdrive.fr/image.ashx?id=2836484&use=l&cat=p&typeid=i","cat":314031},{"id":24970,"n":"Crottin de chèvre Rians 23%mg - 2x60g","p":2.61,"u":"21,75 €/KG","img":"https://fd9-photos.leclercdrive.fr/image.ashx?id=2762094&use=l&cat=p&typeid=i","cat":314031},{"id":24971,"n":"Fromage Le Chèvre Soignon Boîte - 180g","p":2.82,"u":"15,67 €/KG","img":"https://fd9-photos.leclercdrive.fr/image.ashx?id=2676723&use=l&cat=p&typeid=i","cat":314031},{"id":24972,"n":"Chèvre à dorer Les Croisés x4 - 100g","p":1.77,"u":"17,70 €/KG","img":"https://fd9-photos.leclercdrive.fr/image.ashx?id=2460592&use=l&cat=p&typeid=i","cat":314027},{"id":24977,"n":"Pain hot dog Jacquet x4 -  240g","p":1.67,"u":"6,96 €/KG","img":"https://fd9-photos.leclercdrive.fr/image.ashx?id=2799293&use=l&cat=p&typeid=i","cat":284985},{"id":25010,"n":"Barres Chocolatées KINDER Maxi Chocolat au Lait x10 - 210g","p":3.03,"u":"14,43 €/KG","img":"https://fd9-photos.leclercdrive.fr/image.ashx?id=2679609&use=l&cat=p&typeid=i","cat":284498},{"id":25027,"n":"Pots soir bébé bio Babybio Légumes riz - 6 mois - 2x200g","p":2.71,"u":"6,78 €/KG","img":"https://fd9-photos.leclercdrive.fr/image.ashx?id=2833474&use=l&cat=p&typeid=i","cat":312239},{"id":25029,"n":"Assiette bébé bio Babybio Légumes agneau - 12 mois - 230g","p":2.14,"u":"9,30 €/KG","img":"https://fd9-photos.leclercdrive.fr/image.ashx?id=2855909&use=l&cat=p&typeid=i","cat":312237},{"id":25035,"n":"Salade Menu Fraîcheur Concombre au fromage blanc 300g","p":1.64,"u":"5,47 €/KG","img":"https://fd9-photos.leclercdrive.fr/image.ashx?id=2727632&use=l&cat=p&typeid=i","cat":333657},{"id":25037,"n":"Lait démaquillant Diadermine Hydratant - 200ml","p":2.37,"u":"11,85 €/L","img":"https://fd9-photos.leclercdrive.fr/image.ashx?id=2551108&use=l&cat=p&typeid=i","cat":284603},{"id":25051,"n":"Boulettes de boeuf Férial x30 - 900g","p":7.39,"u":"8,21 €/KG","img":"https://fd9-photos.leclercdrive.fr/image.ashx?id=2966520&use=l&cat=p&typeid=i","cat":319779},{"id":25061,"n":"Cornichons Rustica Vinaigre - 360g","p":1.65,"u":"4,58 €/KG","img":"https://fd9-photos.leclercdrive.fr/image.ashx?id=2799763&use=l&cat=p&typeid=i","cat":284458},{"id":25064,"n":"Film étirable Alfapac Extensible auto-adhérent 50m","p":2.14,"img":"https://fd9-photos.leclercdrive.fr/image.ashx?id=2918271&use=l&cat=p&typeid=i","cat":334134},{"id":25067,"n":"Oeufs frais De Nos Régions Plein Air - Label Rouge - x12","p":3.58,"u":"0,30 €/P","img":"https://fd9-photos.leclercdrive.fr/image.ashx?id=1523318&use=l&cat=p&typeid=i","cat":284378},{"id":25069,"n":"Fromage à Tartiner St Môret  Nature Léger - 9 portions 180g","p":2.39,"u":"13,28 €/KG","img":"https://fd9-photos.leclercdrive.fr/image.ashx?id=2755453&use=l&cat=p&typeid=i","cat":314029},{"id":25072,"n":"Mascarpone Casa Azzurra 500g","p":5.2,"u":"10,40 €/KG","img":"https://fd9-photos.leclercdrive.fr/image.ashx?id=2290269&use=l&cat=p&typeid=i","cat":314026},{"id":25079,"n":"Mozzarella bufala Casa Azzurra Boule - 125g","p":2.08,"u":"16,64 €/KG","img":"https://fd9-photos.leclercdrive.fr/image.ashx?id=2899533&use=l&cat=p&typeid=i","cat":314026},{"id":25080,"n":"Parmigiano Reggiano AOP Les Croisés - 200G","p":4.99,"u":"24,95 €/KG","img":"https://fd9-photos.leclercdrive.fr/image.ashx?id=2291399&use=l&cat=p&typeid=i","cat":314034},{"id":25085,"n":"Lait bio Bio Village Bouteille  Demi-écrémé UHT -  6x50cl","p":5.22,"u":"1,74 €/L","img":"https://fd9-photos.leclercdrive.fr/image.ashx?id=2177613&use=l&cat=p&typeid=i","cat":284377},{"id":25095,"n":"Yaourts brassés Délisse Fruits rouges - 8X125g","p":2.27,"u":"2,27 €/KG","img":"https://fd9-photos.leclercdrive.fr/image.ashx?id=2494217&use=l&cat=p&typeid=i","cat":284410},{"id":25124,"n":"Pur jus Multifruits Bio Village Bio - 6x20cl","p":3.11,"u":"2,59 €/L","img":"https://fd9-photos.leclercdrive.fr/image.ashx?id=2435834&use=l&cat=p&typeid=i","cat":284524},{"id":25125,"n":"Pur jus d'orange Bio Village Bio - 6x20cl","p":2.99,"u":"2,49 €/L","img":"https://fd9-photos.leclercdrive.fr/image.ashx?id=2047076&use=l&cat=p&typeid=i","cat":284521},{"id":25164,"n":"Crème dessert Délisse Chocolat noir 4x125g","p":1.05,"u":"2,10 €/KG","img":"https://fd9-photos.leclercdrive.fr/image.ashx?id=2441246&use=l&cat=p&typeid=i","cat":285041},{"id":25172,"n":"Sacs poubelle 30L Alfapac Ultra résistant Coulissac - x20","p":3.23,"u":"0,16 €/P","img":"https://fd9-photos.leclercdrive.fr/image.ashx?id=2732359&use=l&cat=p&typeid=i","cat":285168},{"id":25178,"n":"Confiture Bonne Maman Prunes bocal - 370g","p":1.87,"u":"5,05 €/KG","img":"https://fd9-photos.leclercdrive.fr/image.ashx?id=2574008&use=l&cat=p&typeid=i","cat":284480},{"id":25182,"n":"Confiture Bonne Maman Cerises noires 370g","p":2.12,"u":"5,73 €/KG","img":"https://fd9-photos.leclercdrive.fr/image.ashx?id=2476311&use=l&cat=p&typeid=i","cat":284480},{"id":25183,"n":"Confiture à l'orange Andros Allégée - 350g","p":1.2,"u":"3,43 €/KG","img":"https://fd9-photos.leclercdrive.fr/image.ashx?id=2398418&use=l&cat=p&typeid=i","cat":284480},{"id":25203,"n":"Queues de crevettes Pêche Océan Décortiquées cuites 300g","p":6.58,"u":"21,93 €/KG","img":"https://fd9-photos.leclercdrive.fr/image.ashx?id=2955878&use=l&cat=p&typeid=i","cat":319787},{"id":25204,"n":"Petits pois d'aucy  Tendres et fondants - 560g","p":1.98,"u":"3,54 €/KG","img":"https://fd9-photos.leclercdrive.fr/image.ashx?id=2438126&use=l&cat=p&typeid=i","cat":312607},{"id":25205,"n":"Pois carottes D'aucy  Tendres et fondants -530g","p":1.69,"u":"3,19 €/KG","img":"https://fd9-photos.leclercdrive.fr/image.ashx?id=2426367&use=l&cat=p&typeid=i","cat":312607},{"id":25207,"n":"Cornichons Rustica Extra fins - 185g","p":1.28,"u":"6,92 €/KG","img":"https://fd9-photos.leclercdrive.fr/image.ashx?id=2799760&use=l&cat=p&typeid=i","cat":284458},{"id":25211,"n":"Bavette d'aloyau *** à griller x2 - 320g","p":9.25,"u":"28,91 €/KG","img":"https://fd9-photos.leclercdrive.fr/image.ashx?id=1495734&use=l&cat=p&typeid=i","cat":284328},{"id":25220,"n":"Cotons Démaquillants Demak'Up Sensitive - Disques x64","p":1.35,"u":"0,02 €/P","img":"https://fd9-photos.leclercdrive.fr/image.ashx?id=2966983&use=l&cat=p&typeid=i","cat":285593},{"id":25236,"n":"Croque Jambon Père Dodu  Dinde x2 - 200g","p":2.44,"u":"12,20 €/KG","img":"https://fd9-photos.leclercdrive.fr/image.ashx?id=2956984&use=l&cat=p&typeid=i","cat":333683},{"id":25283,"n":"Barres céréales Grany Pommes - 125g","p":1.77,"u":"14,16 €/KG","img":"https://fd9-photos.leclercdrive.fr/image.ashx?id=3002093&use=l&cat=p&typeid=i","cat":285869},{"id":25337,"n":"Café moulu L'Or Absolu 100% Arabica - 2x250g","p":9.45,"u":"18,90 €/KG","img":"https://fd9-photos.leclercdrive.fr/image.ashx?id=2294935&use=l&cat=p&typeid=i","cat":284750},{"id":25342,"n":"Céréales Trésor Kellogg's Chocolat au lait - 1kg","p":6.32,"u":"6,32 €/KG","img":"https://fd9-photos.leclercdrive.fr/image.ashx?id=2598319&use=l&cat=p&typeid=i","cat":309513},{"id":25343,"n":"Céréales Trésor de Kellogg's Chocolat Noisettes - 1kg","p":6.32,"u":"6,32 €/KG","img":"https://fd9-photos.leclercdrive.fr/image.ashx?id=2598316&use=l&cat=p&typeid=i","cat":309513},{"id":25359,"n":"Tablette chocolat blanc Lindt Vanille - 100g","p":2.35,"u":"23,50 €/KG","img":"https://fd9-photos.leclercdrive.fr/image.ashx?id=2755318&use=l&cat=p&typeid=i","cat":284957},{"id":25361,"n":"Chocolat Pâtissier Nestlé Dessert : Caramel - 170g","p":3.04,"u":"17,88 €/KG","img":"https://fd9-photos.leclercdrive.fr/image.ashx?id=2902346&use=l&cat=p&typeid=i","cat":285562},{"id":25366,"n":"Tablette de chocolat noir Lindt 90% cacao - 100g","p":2.28,"u":"22,80 €/KG","img":"https://fd9-photos.leclercdrive.fr/image.ashx?id=2689502&use=l&cat=p&typeid=i","cat":284956},{"id":25370,"n":"Tablette chocolat Côte d'Or Chocolat lait/Noisettes - 200g","p":4.17,"u":"20,85 €/KG","img":"https://fd9-photos.leclercdrive.fr/image.ashx?id=2961218&use=l&cat=p&typeid=i","cat":284497},{"id":25372,"n":"Tablette chocolat Milka Au lait du pays Alpin - 200g","p":2.61,"u":"13,05 €/KG","img":"https://fd9-photos.leclercdrive.fr/image.ashx?id=2994455&use=l&cat=p&typeid=i","cat":284497},{"id":25375,"n":"Tablette chocolat Milka Chocolat lait/Noisettes - 200g","p":3.52,"u":"17,60 €/KG","img":"https://fd9-photos.leclercdrive.fr/image.ashx?id=2381748&use=l&cat=p&typeid=i","cat":284497},{"id":25385,"n":"Tablette chocolat Côte d'Or Chocolat lait/praliné - 200g","p":3.47,"u":"17,35 €/KG","img":"https://fd9-photos.leclercdrive.fr/image.ashx?id=2938076&use=l&cat=p&typeid=i","cat":284497},{"id":25407,"n":"Bonbons LUTTI Luttimint Menthe - 250g","p":1.74,"u":"6,96 €/KG","img":"https://fd9-photos.leclercdrive.fr/image.ashx?id=2815019&use=l&cat=p&typeid=i","cat":304252},{"id":25408,"n":"Dragolo Haribo Sachet bonbons - 300g","p":1.49,"u":"4,97 €/KG","img":"https://fd9-photos.leclercdrive.fr/image.ashx?id=2803574&use=l&cat=p&typeid=i","cat":304250},{"id":25424,"n":"Pâtes Farfalle Panzani 1kg","p":2.01,"u":"2,01 €/KG","img":"https://fd9-photos.leclercdrive.fr/image.ashx?id=2876047&use=l&cat=p&typeid=i","cat":284427},{"id":25425,"n":"Biscuits apéritif Lay's 3D's Goût Cacahuetes - 85g","p":0.78,"u":"9,18 €/KG","img":"https://fd9-photos.leclercdrive.fr/image.ashx?id=2916824&use=l&cat=p&typeid=i","cat":284449},{"id":25446,"n":"Lait croissance Nidal Nestlé Dès 12 mois - 800g","p":9.02,"u":"11,28 €/KG","img":"https://fd9-photos.leclercdrive.fr/image.ashx?id=2806405&use=l&cat=p&typeid=i","cat":290219},{"id":25465,"n":"Recharge distributeur Canderel Comprimés x600 - 51g","p":4.94,"u":"96,86 €/KG","img":"https://fd9-photos.leclercdrive.fr/image.ashx?id=2811008&use=l&cat=p&typeid=i","cat":324846},{"id":25482,"n":"Soupe liquide Liebig  Cèpes et Bolets - 1L","p":2.49,"u":"2,49 €/L","img":"https://fd9-photos.leclercdrive.fr/image.ashx?id=2766728&use=l&cat=p&typeid=i","cat":284462},{"id":25485,"n":"Miel de fleurs Lune de Miel Spécialités 500g","p":4.19,"u":"8,38 €/KG","img":"https://fd9-photos.leclercdrive.fr/image.ashx?id=2972409&use=l&cat=p&typeid=i","cat":287643},{"id":25492,"n":"Confiture Bonne Maman Fraise & fraises des bois 370g","p":2.47,"u":"6,68 €/KG","img":"https://fd9-photos.leclercdrive.fr/image.ashx?id=2999841&use=l&cat=p&typeid=i","cat":284480},{"id":25493,"n":"Bouillon Cube Maggi Pot au feu - 180g","p":1.54,"u":"8,56 €/KG","img":"https://fd9-photos.leclercdrive.fr/image.ashx?id=2212315&use=l&cat=p&typeid=i","cat":288379},{"id":25527,"n":"Boisson aux fruits Oasis Multifruits - 2L","p":2.28,"u":"1,14 €/L","img":"https://fd9-photos.leclercdrive.fr/image.ashx?id=2688674&use=l&cat=p&typeid=i","cat":295018},{"id":25530,"n":"Sucre Béghin Say pure canne petits morceaux - 1kg","p":3.22,"u":"3,22 €/KG","img":"https://fd9-photos.leclercdrive.fr/image.ashx?id=2949919&use=l&cat=p&typeid=i","cat":284502},{"id":25540,"n":"Soda à l'orange Orangina 4x50cl","p":4.47,"u":"2,24 €/L","img":"https://fd9-photos.leclercdrive.fr/image.ashx?id=2574952&use=l&cat=p&typeid=i","cat":284532},{"id":25541,"n":"Soda à l'orange Orangina 6x25cl","p":3.98,"u":"2,65 €/L","img":"https://fd9-photos.leclercdrive.fr/image.ashx?id=2495653&use=l&cat=p&typeid=i","cat":284532},{"id":25550,"n":"Soda Schweppes Indian Tonic Zero - 1,5L","p":1.66,"u":"1,11 €/L","img":"https://fd9-photos.leclercdrive.fr/image.ashx?id=2852393&use=l&cat=p&typeid=i","cat":284531},{"id":25552,"n":"Soda Schweppes Indian Tonic - 4x50cl","p":3.71,"u":"1,86 €/L","img":"https://fd9-photos.leclercdrive.fr/image.ashx?id=2852405&use=l&cat=p&typeid=i","cat":284531},{"id":25561,"n":"Jus de fruits Tropicana Multivitaminés Essentiels - 1L","p":2.45,"u":"2,45 €/L","img":"https://fd9-photos.leclercdrive.fr/image.ashx?id=2605641&use=l&cat=p&typeid=i","cat":284917},{"id":25567,"n":"Jus d'orange Jafaden A base de concentré  - 2L","p":3.51,"u":"1,76 €/L","img":"https://fd9-photos.leclercdrive.fr/image.ashx?id=1921877&use=l&cat=p&typeid=i","cat":284521},{"id":25575,"n":"Limonade artisanale Lorina Bouteille - 1L","p":2.93,"u":"2,93 €/L","img":"https://fd9-photos.leclercdrive.fr/image.ashx?id=2735137&use=l&cat=p&typeid=i","cat":284531},{"id":25576,"n":"Limonade Cristal Lorina 1,25L","p":2.23,"u":"1,78 €/L","img":"https://fd9-photos.leclercdrive.fr/image.ashx?id=2575555&use=l&cat=p&typeid=i","cat":284531},{"id":25587,"n":"Vin mousseux de France Kriter Blanc Brut - 75cl","p":4.75,"u":"6,33 €/L","img":"https://fd9-photos.leclercdrive.fr/image.ashx?id=2840868&use=l&cat=p&typeid=i","cat":284544},{"id":25589,"n":"Nectar Bio Pressade Orange pêche abricot - 1,5L","p":2.55,"u":"1,70 €/L","img":"https://fd9-photos.leclercdrive.fr/image.ashx?id=2732503&use=l&cat=p&typeid=i","cat":284521},{"id":25596,"n":"Nectar Bio Pressade Multifruits - 6x20cl","p":2.62,"u":"2,18 €/L","img":"https://fd9-photos.leclercdrive.fr/image.ashx?id=2732518&use=l&cat=p&typeid=i","cat":284524},{"id":25607,"n":"Eau minérale gazeuse Perrier  Naturelle  - 6x50cl","p":3.48,"u":"1,16 €/L","img":"https://fd9-photos.leclercdrive.fr/image.ashx?id=2493916&use=l&cat=p&typeid=i","cat":284536},{"id":25609,"n":"Saucisses aux lentilles  William Saurin- 840g","p":3.62,"u":"4,31 €/KG","img":"https://fd9-photos.leclercdrive.fr/image.ashx?id=2890070&use=l&cat=p&typeid=i","cat":284441},{"id":25614,"n":"Boisson Citronnade Pulco Citron - 1,5L","p":2.08,"u":"1,39 €/L","img":"https://fd9-photos.leclercdrive.fr/image.ashx?id=2941526&use=l&cat=p&typeid=i","cat":295018},{"id":25615,"n":"Concentré à diluer Pulco Agrumes - 70cl","p":2.8,"u":"4,00 €/L","img":"https://fd9-photos.leclercdrive.fr/image.ashx?id=2687851&use=l&cat=p&typeid=i","cat":295020},{"id":25619,"n":"Pastis Ricard Anisé 45% vol - 1,5L","p":29.73,"u":"19,82 €/L","img":"https://fd9-photos.leclercdrive.fr/image.ashx?id=2839115&use=l&cat=p&typeid=i","cat":284548},{"id":25627,"n":"Sirop Moulin de Valdonne Violette - 70cl","p":3.2,"u":"4,57 €/L","img":"https://fd9-photos.leclercdrive.fr/image.ashx?id=2756918&use=l&cat=p&typeid=i","cat":295020},{"id":25661,"n":"Rasoir Siliss 3 lames - +1 recharge","p":4.25,"img":"https://fd9-photos.leclercdrive.fr/image.ashx?id=1756000&use=l&cat=p&typeid=i","cat":325352},{"id":25663,"n":"Chips à l'ancienne Pom'Lisse Nature - 270g","p":1.85,"u":"6,85 €/KG","img":"https://fd9-photos.leclercdrive.fr/image.ashx?id=2724835&use=l&cat=p&typeid=i","cat":284447},{"id":25669,"n":"Pâtes de fruits rouges NRT   De Provence - 180g","p":3.55,"u":"19,72 €/KG","img":"https://fd9-photos.leclercdrive.fr/image.ashx?id=2771049&use=l&cat=p&typeid=i","cat":284499},{"id":25670,"n":"Pâtes de fruits jaunes NRT De Provence - 180g","p":3.55,"u":"19,72 €/KG","img":"https://fd9-photos.leclercdrive.fr/image.ashx?id=2771052&use=l&cat=p&typeid=i","cat":284499},{"id":25685,"n":"Bouillon Cube Maggi Boeuf - 180g","p":1.6,"u":"8,89 €/KG","img":"https://fd9-photos.leclercdrive.fr/image.ashx?id=2882896&use=l&cat=p&typeid=i","cat":288379},{"id":25686,"n":"Bouillon Cube Maggi Volaille - 180g","p":1.5,"u":"8,33 €/KG","img":"https://fd9-photos.leclercdrive.fr/image.ashx?id=2737003&use=l&cat=p&typeid=i","cat":288379},{"id":25689,"n":"AOC Coteaux Varois rosé Terres de Saint-Louis - 75cl","p":5.45,"u":"7,27 €/L","img":"https://fd9-photos.leclercdrive.fr/image.ashx?id=2105905&use=l&cat=p&typeid=i","cat":289558},{"id":25729,"n":"Vinaigrette balsamique Puget Tomate séchée - 33cl","p":2.39,"u":"7,24 €/L","img":"https://fd9-photos.leclercdrive.fr/image.ashx?id=2912143&use=l&cat=p&typeid=i","cat":284456},{"id":25738,"n":"Blanc de poulet Fleury Michon -25% de sel x4 - 160g","p":2.11,"u":"13,19 €/KG","img":"https://fd9-photos.leclercdrive.fr/image.ashx?id=2885974&use=l&cat=p&typeid=i","cat":316010},{"id":25739,"n":"Bûche de chèvre Les Croisés Fondante 22%mg - 180g","p":1.84,"u":"10,22 €/KG","img":"https://fd9-photos.leclercdrive.fr/image.ashx?id=2073045&use=l&cat=p&typeid=i","cat":314031},{"id":25742,"n":"Macédoine Menu Fraîcheur  Légumes - 300g","p":1.59,"u":"5,30 €/KG","img":"https://fd9-photos.leclercdrive.fr/image.ashx?id=2645909&use=l&cat=p&typeid=i","cat":333657},{"id":25743,"n":"Mascarpone Les Croisés - 500g","p":3.08,"u":"6,16 €/KG","img":"https://fd9-photos.leclercdrive.fr/image.ashx?id=2123626&use=l&cat=p&typeid=i","cat":314026},{"id":25744,"n":"Nems au Poulet Tables du Monde  x4  - 280g","p":1.79,"u":"6,39 €/KG","img":"https://fd9-photos.leclercdrive.fr/image.ashx?id=1765178&use=l&cat=p&typeid=i","cat":333673},{"id":25746,"n":"Saucisse de volaille Tradilège  x10 350g","p":1.46,"u":"4,17 €/KG","img":"https://fd9-photos.leclercdrive.fr/image.ashx?id=2625110&use=l&cat=p&typeid=i","cat":316012},{"id":25749,"n":"Hachés au saumon Pêche Océan à la ciboulette - 200g","p":2.25,"u":"11,25 €/KG","img":"https://fd9-photos.leclercdrive.fr/image.ashx?id=2953632&use=l&cat=p&typeid=i","cat":284344},{"id":25753,"n":"Génoises fourrées Eco+ Framboise - 300g","p":1.9,"u":"6,33 €/KG","img":"https://fd9-photos.leclercdrive.fr/image.ashx?id=2808197&use=l&cat=p&typeid=i","cat":284489},{"id":25759,"n":"Barquettes chats Gourmet Gold Double délice luxe mix - 12x85g","p":5.56,"u":"5,45 €/KG","img":"https://fd9-photos.leclercdrive.fr/image.ashx?id=2857096&use=l&cat=p&typeid=i","cat":285286},{"id":25762,"n":"Bâtonnets Dentastix Pedigree Grand chien x28 - 1080g","p":8.44,"u":"7,81 €/KG","img":"https://fd9-photos.leclercdrive.fr/image.ashx?id=2924776&use=l&cat=p&typeid=i","cat":294527},{"id":25764,"n":"Olives noires Tramier Dénoyautées - 150g","p":1.53,"u":"10,20 €/KG","img":"https://fd9-photos.leclercdrive.fr/image.ashx?id=2840814&use=l&cat=p&typeid=i","cat":284458},{"id":25765,"n":"Céréales Nestlé Mix Chocapic, Lion, Nesquik x6","p":2.26,"u":"11,89 €/KG","img":"https://fd9-photos.leclercdrive.fr/image.ashx?id=2981364&use=l&cat=p&typeid=i","cat":309513},{"id":25779,"n":"Yaourts Lait de chèvre Soignon Nature - 4x125g","p":2.18,"u":"4,36 €/KG","img":"https://fd9-photos.leclercdrive.fr/image.ashx?id=2518250&use=l&cat=p&typeid=i","cat":314998},{"id":25790,"n":"Sucre pure canne Bio Village En morceaux bio - 500g","p":2.09,"u":"4,18 €/KG","img":"https://fd9-photos.leclercdrive.fr/image.ashx?id=3010440&use=l&cat=p&typeid=i","cat":284502},{"id":25793,"n":"AOP Côtes du Rhône rouge Cellier des Dauphins - BIB 3L","p":11.2,"u":"3,73 €/L","img":"https://fd9-photos.leclercdrive.fr/image.ashx?id=2830006&use=l&cat=p&typeid=i","cat":289560},{"id":25808,"n":"Protection incontinence Chorys Homme - Important - x20","p":5.38,"u":"0,27 €/P","img":"https://fd9-photos.leclercdrive.fr/image.ashx?id=2672933&use=l&cat=p&typeid=i","cat":291514},{"id":25810,"n":"Coeur de crème Les Croisés 200g","p":1.99,"u":"9,95 €/KG","img":"https://fd9-photos.leclercdrive.fr/image.ashx?id=2375546&use=l&cat=p&typeid=i","cat":314033},{"id":25811,"n":"Salade Coleslaw Menu Fraîcheur  500g","p":1.83,"u":"3,66 €/KG","img":"https://fd9-photos.leclercdrive.fr/image.ashx?id=2645930&use=l&cat=p&typeid=i","cat":333657},{"id":25817,"n":"Emincés de saumon fumé ASC Ronde des mers - 100g","p":4.49,"u":"44,90 €/KG","img":"https://fd9-photos.leclercdrive.fr/image.ashx?id=2953620&use=l&cat=p&typeid=i","cat":285188},{"id":25818,"n":"Émincés de saumon fumé ASC Ronde de mers - 100g","p":4.49,"u":"44,90 €/KG","img":"https://fd9-photos.leclercdrive.fr/image.ashx?id=2302913&use=l&cat=p&typeid=i","cat":285188},{"id":25819,"n":"Feuilletés Jambon Emmental Coté Table - 2x140g","p":2.99,"u":"10,68 €/KG","img":"https://fd9-photos.leclercdrive.fr/image.ashx?id=2846517&use=l&cat=p&typeid=i","cat":333671},{"id":25820,"n":"Flammekueche Coté Table 350g","p":1.88,"u":"5,37 €/KG","img":"https://fd9-photos.leclercdrive.fr/image.ashx?id=2064819&use=l&cat=p&typeid=i","cat":333680},{"id":25822,"n":"Fromage à tartiner Les Croisés Nature - 24%mg - 300g","p":1.84,"u":"6,13 €/KG","img":"https://fd9-photos.leclercdrive.fr/image.ashx?id=1630699&use=l&cat=p&typeid=i","cat":314029},{"id":25825,"n":"Fromage de brebis Les Croisés 210g","p":2.86,"u":"13,62 €/KG","img":"https://fd9-photos.leclercdrive.fr/image.ashx?id=2198038&use=l&cat=p&typeid=i","cat":329184},{"id":25835,"n":"Soufflés Menguy's Cacahuète - 250g","p":1.78,"u":"7,12 €/KG","img":"https://fd9-photos.leclercdrive.fr/image.ashx?id=2845374&use=l&cat=p&typeid=i","cat":284449},{"id":25836,"n":"Choucroute garnie  William Saurin - 800g","p":3.95,"u":"4,94 €/KG","img":"https://fd9-photos.leclercdrive.fr/image.ashx?id=2890058&use=l&cat=p&typeid=i","cat":284441},{"id":25839,"n":"Couscous parfumé Tipiak Prêt en 5 min  - 500g","p":1.9,"u":"3,80 €/KG","img":"https://fd9-photos.leclercdrive.fr/image.ashx?id=2946937&use=l&cat=p&typeid=i","cat":284429},{"id":25840,"n":"Couscous Royal Garbit Poulet & Merguez - 980g","p":5.21,"u":"5,32 €/KG","img":"https://fd9-photos.leclercdrive.fr/image.ashx?id=2190557&use=l&cat=p&typeid=i","cat":289013},{"id":25841,"n":"Couscous Tipiak  Prêt en 1 min 30 s - 500g","p":1.24,"u":"2,48 €/KG","img":"https://fd9-photos.leclercdrive.fr/image.ashx?id=2640431&use=l&cat=p&typeid=i","cat":284429},{"id":25848,"n":"Lait de coco Suzi Wan 500ml","p":2.54,"u":"5,08 €/L","img":"https://fd9-photos.leclercdrive.fr/image.ashx?id=2892934&use=l&cat=p&typeid=i","cat":288992},{"id":25854,"n":"Mignonnettes Côte d'Or Chocolat noir /orange - 24x10g","p":5.13,"u":"21,38 €/KG","img":"https://fd9-photos.leclercdrive.fr/image.ashx?id=3009152&use=l&cat=p&typeid=i","cat":284499},{"id":25856,"n":"Olives vertes La Ciota Farcies anchois - 120g","p":1.87,"u":"15,58 €/KG","img":"https://fd9-photos.leclercdrive.fr/image.ashx?id=2296575&use=l&cat=p&typeid=i","cat":284458},{"id":25860,"n":"Pain au chocolat La Boulangère Pur beurre - x8 - 400g","p":2.73,"u":"6,83 €/KG","img":"https://fd9-photos.leclercdrive.fr/image.ashx?id=2912182&use=l&cat=p&typeid=i","cat":296366},{"id":25863,"n":"Pâté mixte Hénaff Foie de campagne - 3x78g","p":2.5,"u":"10,68 €/KG","img":"https://fd9-photos.leclercdrive.fr/image.ashx?id=3004780&use=l&cat=p&typeid=i","cat":305149},{"id":25865,"n":"Préparation taboulé Tipiak Menthe citron olive - 350g","p":2.15,"u":"6,14 €/KG","img":"https://fd9-photos.leclercdrive.fr/image.ashx?id=2973862&use=l&cat=p&typeid=i","cat":284429},{"id":25868,"n":"Flocons d'avoine Quaker Oats Classic - 800g","p":2.24,"u":"2,80 €/KG","img":"https://fd9-photos.leclercdrive.fr/image.ashx?id=2344498&use=l&cat=p&typeid=i","cat":309512},{"id":25879,"n":"Bâtonnets Dentastix Pedigree Petit chien x28 - 440g","p":5.58,"u":"12,68 €/KG","img":"https://fd9-photos.leclercdrive.fr/image.ashx?id=2877106&use=l&cat=p&typeid=i","cat":294527},{"id":25889,"n":"Mignonnettes Côte d'Or Chocolat au lait - 24x10g","p":5.17,"u":"21,54 €/KG","img":"https://fd9-photos.leclercdrive.fr/image.ashx?id=3002210&use=l&cat=p&typeid=i","cat":284499},{"id":25893,"n":"Tablette chocolat Côte d'Or Chocolat noir - 200g","p":2.62,"u":"13,10 €/KG","img":"https://fd9-photos.leclercdrive.fr/image.ashx?id=2993119&use=l&cat=p&typeid=i","cat":284956},{"id":25894,"n":"Mignonnettes Côte d'Or Chocolat noir - 24x10g","p":5.12,"u":"21,33 €/KG","img":"https://fd9-photos.leclercdrive.fr/image.ashx?id=3009116&use=l&cat=p&typeid=i","cat":284499},{"id":25898,"n":"Chocolat Nougatti Côte d'Or Nougat/chocolat au lait -270g","p":4.2,"u":"15,56 €/KG","img":"https://fd9-photos.leclercdrive.fr/image.ashx?id=2612388&use=l&cat=p&typeid=i","cat":284498},{"id":25913,"n":"Chocolat noir Côte d'Or Nougat 130g","p":2.86,"u":"22,00 €/KG","img":"https://fd9-photos.leclercdrive.fr/image.ashx?id=2985588&use=l&cat=p&typeid=i","cat":284956},{"id":25914,"n":"Tablette chocolat Côte d'Or Chocolat noir praliné - 200g","p":3.48,"u":"17,40 €/KG","img":"https://fd9-photos.leclercdrive.fr/image.ashx?id=2941943&use=l&cat=p&typeid=i","cat":284956},{"id":26007,"n":"Sangria d'Espagne Don Simon 7%vol. - 1,5L","p":2.63,"u":"1,75 €/L","img":"https://fd9-photos.leclercdrive.fr/image.ashx?id=2025245&use=l&cat=p&typeid=i","cat":286032},{"id":26014,"n":"Colin d'Alaska Marie Petites St Jacques Hisseo 900g","p":5.71,"u":"6,34 €/KG","img":"https://fd9-photos.leclercdrive.fr/image.ashx?id=2996758&use=l&cat=p&typeid=i","cat":319786},{"id":26027,"n":"Gel douche Eco  Senteur vanille - 500ml","p":0.65,"u":"1,30 €/L","img":"https://fd9-photos.leclercdrive.fr/image.ashx?id=2965789&use=l&cat=p&typeid=i","cat":284594},{"id":26035,"n":"Bain de bouche Dentamyl Fraîcheur menthe - 500ml","p":1.89,"u":"3,78 €/L","img":"https://fd9-photos.leclercdrive.fr/image.ashx?id=2526604&use=l&cat=p&typeid=i","cat":284613},{"id":26038,"n":"Recharge savon mains Manava Crème Lait et miel - 250ml","p":0.57,"u":"2,28 €/L","img":"https://fd9-photos.leclercdrive.fr/image.ashx?id=2935489&use=l&cat=p&typeid=i","cat":284597},{"id":26040,"n":"Recharge savon mains Manava Gel spécial cuisine - 250ml","p":0.66,"u":"2,64 €/L","img":"https://fd9-photos.leclercdrive.fr/image.ashx?id=2935492&use=l&cat=p&typeid=i","cat":284597},{"id":26056,"n":"Merguez véritables Socopa Façon charcutières - x4  - 220g","p":3.49,"u":"15,86 €/KG","img":"https://fd9-photos.leclercdrive.fr/image.ashx?id=2628377&use=l&cat=p&typeid=i","cat":284334},{"id":26065,"n":"Saucisson Petit Justin Bridou  Bâton de Berger Nature - 100g","p":2.18,"u":"21,80 €/KG","img":"https://fd9-photos.leclercdrive.fr/image.ashx?id=2851036&use=l&cat=p&typeid=i","cat":316006},{"id":26085,"n":"Dessert végétal Sojasun Café - 4x100g","p":1.68,"u":"4,20 €/KG","img":"https://fd9-photos.leclercdrive.fr/image.ashx?id=2759993&use=l&cat=p&typeid=i","cat":316071},{"id":26087,"n":"Fromage blanc sous mousse  gervita nature - 8x100g","p":3.54,"u":"4,43 €/KG","img":"https://fd9-photos.leclercdrive.fr/image.ashx?id=2265768&use=l&cat=p&typeid=i","cat":284409},{"id":26093,"n":"Viande Bovine hachée Socopa  15% - 500g","p":6.27,"u":"12,54 €/KG","img":"https://fd9-photos.leclercdrive.fr/image.ashx?id=2453271&use=l&cat=p&typeid=i","cat":284332},{"id":26094,"n":"Chipolatas façon charcutière Socopa x4 - 220g","p":2.41,"u":"10,95 €/KG","img":"https://fd9-photos.leclercdrive.fr/image.ashx?id=2414684&use=l&cat=p&typeid=i","cat":284334},{"id":26111,"n":"5 baies grains Sainte Lucie 250g","p":10.2,"u":"40,80 €/KG","img":"https://fd9-photos.leclercdrive.fr/image.ashx?id=2379703&use=l&cat=p&typeid=i","cat":284457},{"id":26112,"n":"5 baies Sainte Lucie Moulin -  40g","p":3.47,"u":"86,75 €/KG","img":"https://fd9-photos.leclercdrive.fr/image.ashx?id=2774460&use=l&cat=p&typeid=i","cat":284457},{"id":26119,"n":"Extrait naturel Sainte Lucie Vanille blister 20ml","p":3.7,"u":"185,00 €/L","img":"https://fd9-photos.leclercdrive.fr/image.ashx?id=2774963&use=l&cat=p&typeid=i","cat":284504},{"id":26122,"n":"Décor anniversaire Sainte Lucie 1 bougie + 10 chiffres + socle","p":3.45,"img":"https://fd9-photos.leclercdrive.fr/image.ashx?id=2774364&use=l&cat=p&typeid=i","cat":284504},{"id":26126,"n":"Echalote semoule Sainte Lucie Pot 180g","p":4.75,"u":"26,39 €/KG","img":"https://fd9-photos.leclercdrive.fr/image.ashx?id=2553635&use=l&cat=p&typeid=i","cat":298297},{"id":26133,"n":"Pistaches vertes Sainte Lucie Emondées Reine de Saba 50g","p":4.92,"u":"98,40 €/KG","img":"https://fd9-photos.leclercdrive.fr/image.ashx?id=2118764&use=l&cat=p&typeid=i","cat":284448},{"id":26136,"n":"Pépites choco bio Sainte Lucie Noir pur beurre de cacao 125g","p":3.29,"u":"26,32 €/KG","img":"https://fd9-photos.leclercdrive.fr/image.ashx?id=2731522&use=l&cat=p&typeid=i","cat":284504},{"id":26137,"n":"Piment d'Espelette AOP Sainte Lucie - 50g","p":9.46,"u":"189,20 €/KG","img":"https://fd9-photos.leclercdrive.fr/image.ashx?id=2974342&use=l&cat=p&typeid=i","cat":298297},{"id":26138,"n":"Persillade Sainte Lucie 30g","p":3.77,"u":"125,67 €/KG","img":"https://fd9-photos.leclercdrive.fr/image.ashx?id=2774430&use=l&cat=p&typeid=i","cat":298297},{"id":26140,"n":"Poivre noir Sainte Lucie Moulin - 50g","p":3.49,"u":"69,80 €/KG","img":"https://fd9-photos.leclercdrive.fr/image.ashx?id=2774463&use=l&cat=p&typeid=i","cat":284457},{"id":26142,"n":"Poivre noir moulu Sainte Lucie Saveurs préservées pot 250g","p":9.0,"u":"36,00 €/KG","img":"https://fd9-photos.leclercdrive.fr/image.ashx?id=2553641&use=l&cat=p&typeid=i","cat":284457},{"id":26144,"n":"Poivre noir moulu Sainte Lucie 18g","p":1.21,"u":"67,22 €/KG","img":"https://fd9-photos.leclercdrive.fr/image.ashx?id=1892870&use=l&cat=p&typeid=i","cat":284457},{"id":26146,"n":"Sucre vanillé bio Sainte Lucie  Sachets - 5x7.5g","p":2.35,"u":"0,63 €/KG","img":"https://fd9-photos.leclercdrive.fr/image.ashx?id=2731519&use=l&cat=p&typeid=i","cat":284504},{"id":26151,"n":"Sucre Eco+  En poudre - 1kg","p":0.95,"u":"0,95 €/KG","img":"https://fd9-photos.leclercdrive.fr/image.ashx?id=1957692&use=l&cat=p&typeid=i","cat":284502},{"id":26152,"n":"Salade Mexicaine Eco+ Au thon - 280g","p":1.12,"u":"4,00 €/KG","img":"https://fd9-photos.leclercdrive.fr/image.ashx?id=2884201&use=l&cat=p&typeid=i","cat":284437},{"id":26153,"n":"Salade Americaine Eco+ Au thon - 280g","p":1.12,"u":"4,00 €/KG","img":"https://fd9-photos.leclercdrive.fr/image.ashx?id=2873649&use=l&cat=p&typeid=i","cat":284437},{"id":26154,"n":"Salade Niçoise Eco+ Au thon - 280g","p":1.12,"u":"4,00 €/KG","img":"https://fd9-photos.leclercdrive.fr/image.ashx?id=2896012&use=l&cat=p&typeid=i","cat":284437},{"id":26183,"n":"Adoucissant Hyperdou Rêve de fraîcheur - 3x250ml","p":1.23,"u":"1,64 €/L","img":"https://fd9-photos.leclercdrive.fr/image.ashx?id=2169751&use=l&cat=p&typeid=i","cat":284650},{"id":26185,"n":"Lingettes désinfectante Sanytol Multi-usage Eucalyptus - x72","p":1.57,"u":"0,03 €/P","img":"https://fd9-photos.leclercdrive.fr/image.ashx?id=2899353&use=l&cat=p&typeid=i","cat":325358},{"id":26193,"n":"Edulcorant Canderel sticks x120 - 120g","p":2.59,"u":"21,58 €/KG","img":"https://fd9-photos.leclercdrive.fr/image.ashx?id=2811011&use=l&cat=p&typeid=i","cat":324846},{"id":26220,"n":"Sucre Eco+ Cristal  - 5kg","p":5.02,"u":"1,00 €/KG","img":"https://fd9-photos.leclercdrive.fr/image.ashx?id=3010413&use=l&cat=p&typeid=i","cat":284502},{"id":26223,"n":"Sauce Sacla'Italia Arrabbiata - 190g","p":1.94,"u":"10,21 €/KG","img":"https://fd9-photos.leclercdrive.fr/image.ashx?id=2971413&use=l&cat=p&typeid=i","cat":287599},{"id":26258,"n":"Madeleines coquilles P'tit déli Sachet 600g","p":2.39,"u":"3,98 €/KG","img":"https://fd9-photos.leclercdrive.fr/image.ashx?id=2540948&use=l&cat=p&typeid=i","cat":284492},{"id":26271,"n":"Rôti de porc Tradilège 6 tranches VPF 180g","p":2.38,"u":"13,22 €/KG","img":"https://fd9-photos.leclercdrive.fr/image.ashx?id=2675786&use=l&cat=p&typeid=i","cat":316009},{"id":26286,"n":"Soupe instantanée Royco  Crème de Champignons - 4x200ml","p":1.42,"u":"23,67 €/KG","img":"https://fd9-photos.leclercdrive.fr/image.ashx?id=2650979&use=l&cat=p&typeid=i","cat":293527},{"id":26287,"n":"Sauce Sacla'Italia Caviar de tomate à l'ail - 190g","p":2.01,"u":"10,58 €/KG","img":"https://fd9-photos.leclercdrive.fr/image.ashx?id=2160225&use=l&cat=p&typeid=i","cat":287599},{"id":26309,"n":"Boîte chat Whiskas  Gelée mer & campagne - 8x400g","p":9.06,"u":"2,90 €/KG","img":"https://fd9-photos.leclercdrive.fr/image.ashx?id=2759628&use=l&cat=p&typeid=i","cat":285601},{"id":26310,"n":"Cornichons Kühne Aigre doux - 360g","p":2.2,"u":"6,11 €/KG","img":"https://fd9-photos.leclercdrive.fr/image.ashx?id=2550925&use=l&cat=p&typeid=i","cat":284458},{"id":26316,"n":"Mini-crêpes fourrées Tokapi Bacon - 65g","p":1.9,"u":"29,23 €/KG","img":"https://fd9-photos.leclercdrive.fr/image.ashx?id=2853886&use=l&cat=p&typeid=i","cat":297000},{"id":26319,"n":"Noix de cajou Tokapi Sans sel ajouté - 125g","p":1.79,"u":"14,32 €/KG","img":"https://fd9-photos.leclercdrive.fr/image.ashx?id=2794000&use=l&cat=p&typeid=i","cat":284448},{"id":26320,"n":"Oignons frits snack Kühne Boîte -  100g","p":1.34,"u":"13,40 €/KG","img":"https://fd9-photos.leclercdrive.fr/image.ashx?id=2447079&use=l&cat=p&typeid=i","cat":298297},{"id":26326,"n":"Arôme naturel café Sainte Lucie 20ml","p":1.44,"u":"72,00 €/L","img":"https://fd9-photos.leclercdrive.fr/image.ashx?id=2414118&use=l&cat=p&typeid=i","cat":284504},{"id":26328,"n":"Arôme amande amère Sainte Lucie Blister - 20ml","p":1.35,"u":"67,50 €/L","img":"https://fd9-photos.leclercdrive.fr/image.ashx?id=2774313&use=l&cat=p&typeid=i","cat":284504},{"id":26329,"n":"Arôme Sainte Lucie Fleur d'oranger flacon 250ml","p":2.02,"u":"8,08 €/L","img":"https://fd9-photos.leclercdrive.fr/image.ashx?id=2774316&use=l&cat=p&typeid=i","cat":284504},{"id":26330,"n":"Amandes California Sainte Lucie Blanches effilées sachet 125g","p":3.44,"u":"27,52 €/KG","img":"https://fd9-photos.leclercdrive.fr/image.ashx?id=2776109&use=l&cat=p&typeid=i","cat":284504},{"id":26332,"n":"Gélifiant naturel Sainte Lucie Végétal Agar Agar 4 sachets x2g","p":2.48,"u":"124,00 €/KG","img":"https://fd9-photos.leclercdrive.fr/image.ashx?id=2774325&use=l&cat=p&typeid=i","cat":284504},{"id":26334,"n":"Billes Sainte Lucie Multicolores 80g","p":1.86,"u":"23,25 €/KG","img":"https://fd9-photos.leclercdrive.fr/image.ashx?id=2774346&use=l&cat=p&typeid=i","cat":284504},{"id":26335,"n":"Bougies anniversaire Ste Lucie Plusieurs coloris blister x20","p":2.44,"img":"https://fd9-photos.leclercdrive.fr/image.ashx?id=2774361&use=l&cat=p&typeid=i","cat":284504},{"id":26337,"n":"Clous de girofle Sainte Lucie 30g","p":3.56,"u":"118,67 €/KG","img":"https://fd9-photos.leclercdrive.fr/image.ashx?id=2774385&use=l&cat=p&typeid=i","cat":298297},{"id":26339,"n":"Cumin moulu Sainte Lucie 40g","p":2.73,"u":"68,25 €/KG","img":"https://fd9-photos.leclercdrive.fr/image.ashx?id=2974315&use=l&cat=p&typeid=i","cat":298297},{"id":26343,"n":"Piment doux Sainte Lucie Moulus - 50g","p":2.36,"u":"47,20 €/KG","img":"https://fd9-photos.leclercdrive.fr/image.ashx?id=2774388&use=l&cat=p&typeid=i","cat":298297},{"id":26346,"n":"Paprika précieux Sainte Lucie 50g","p":1.98,"u":"39,60 €/KG","img":"https://fd9-photos.leclercdrive.fr/image.ashx?id=2029748&use=l&cat=p&typeid=i","cat":298297},{"id":26348,"n":"Piments de cayenne Sainte Lucie Moulu - 40g","p":2.36,"u":"59,00 €/KG","img":"https://fd9-photos.leclercdrive.fr/image.ashx?id=2774400&use=l&cat=p&typeid=i","cat":298297},{"id":26351,"n":"Poivre blanc Sainte Lucie En grains étui - 100g","p":4.65,"u":"46,50 €/KG","img":"https://fd9-photos.leclercdrive.fr/image.ashx?id=1892858&use=l&cat=p&typeid=i","cat":284457},{"id":26352,"n":"Poivre blanc moulu Sainte Lucie 100g","p":4.63,"u":"46,30 €/KG","img":"https://fd9-photos.leclercdrive.fr/image.ashx?id=2176782&use=l&cat=p&typeid=i","cat":284457},{"id":26362,"n":"Ail semoule Sainte Lucie 60g","p":2.25,"u":"37,50 €/KG","img":"https://fd9-photos.leclercdrive.fr/image.ashx?id=1892852&use=l&cat=p&typeid=i","cat":298297},{"id":26363,"n":"5 baies Sainte Lucie Flacon - 45g","p":3.17,"u":"70,44 €/KG","img":"https://fd9-photos.leclercdrive.fr/image.ashx?id=2974324&use=l&cat=p&typeid=i","cat":284457},{"id":26366,"n":"Caramel liquide Sainte Lucie Nature flacon 250ml","p":2.8,"u":"11,20 €/L","img":"https://fd9-photos.leclercdrive.fr/image.ashx?id=2776106&use=l&cat=p&typeid=i","cat":284504},{"id":26369,"n":"Demi feuilles de gélatine  Sainte Lucie","p":1.42,"img":"https://fd9-photos.leclercdrive.fr/image.ashx?id=2859024&use=l&cat=p&typeid=i","cat":284504},{"id":26372,"n":"Noix de coco Sainte Lucie Des Tropiques râpée sachet 125g","p":2.08,"u":"16,64 €/KG","img":"https://fd9-photos.leclercdrive.fr/image.ashx?id=2776115&use=l&cat=p&typeid=i","cat":284504},{"id":26378,"n":"Curcuma moulu Sainte Lucie 55g","p":2.45,"u":"44,55 €/KG","img":"https://fd9-photos.leclercdrive.fr/image.ashx?id=2774391&use=l&cat=p&typeid=i","cat":298297},{"id":26379,"n":"Echalote semoule Sainte Lucie 40g","p":1.84,"u":"46,00 €/KG","img":"https://fd9-photos.leclercdrive.fr/image.ashx?id=2974318&use=l&cat=p&typeid=i","cat":298297},{"id":26381,"n":"Vermicelles Multicolores Sainte Lucie - 65g","p":2.07,"u":"31,85 €/KG","img":"https://fd9-photos.leclercdrive.fr/image.ashx?id=2774340&use=l&cat=p&typeid=i","cat":284504},{"id":26385,"n":"Aneth feuilles Sainte Lucie 15g","p":1.75,"u":"116,67 €/KG","img":"https://fd9-photos.leclercdrive.fr/image.ashx?id=2774382&use=l&cat=p&typeid=i","cat":298297},{"id":26386,"n":"Basilic feuilles Sainte Lucie Coupées - 15g","p":1.69,"u":"112,67 €/KG","img":"https://fd9-photos.leclercdrive.fr/image.ashx?id=2774376&use=l&cat=p&typeid=i","cat":298297},{"id":26389,"n":"Poivre blanc moulu Sainte Lucie Saveurs preservées flacon 45g","p":2.81,"u":"62,44 €/KG","img":"https://fd9-photos.leclercdrive.fr/image.ashx?id=2414121&use=l&cat=p&typeid=i","cat":284457},{"id":26391,"n":"Poivre noir moulu Sainte Lucie Saveurs préservées - 50g","p":2.29,"u":"45,80 €/KG","img":"https://fd9-photos.leclercdrive.fr/image.ashx?id=2974330&use=l&cat=p&typeid=i","cat":284457},{"id":26392,"n":"Poivre gris moulu Sainte Lucie Flacon 50g","p":2.2,"u":"44,00 €/KG","img":"https://fd9-photos.leclercdrive.fr/image.ashx?id=2176776&use=l&cat=p&typeid=i","cat":284457},{"id":26393,"n":"Poivre gris moulu Sainte Lucie 95g","p":4.01,"u":"42,21 €/KG","img":"https://fd9-photos.leclercdrive.fr/image.ashx?id=2774445&use=l&cat=p&typeid=i","cat":284457},{"id":26394,"n":"Poivre noir grains Sainte Lucie Etui - 100g","p":4.01,"u":"40,10 €/KG","img":"https://fd9-photos.leclercdrive.fr/image.ashx?id=2774442&use=l&cat=p&typeid=i","cat":284457},{"id":26395,"n":"Sucre vanillé Sainte Lucie Bourbon 5 sachets - 38g","p":1.53,"u":"40,26 €/KG","img":"https://fd9-photos.leclercdrive.fr/image.ashx?id=2774286&use=l&cat=p&typeid=i","cat":284504},{"id":26402,"n":"Thym feuilles Sainte Lucie Aromatiques - 18g","p":1.66,"u":"92,22 €/KG","img":"https://fd9-photos.leclercdrive.fr/image.ashx?id=2774966&use=l&cat=p&typeid=i","cat":298297},{"id":26407,"n":"Raisins secs bruns Sainte Lucie De Smyrne - 125g","p":1.46,"u":"11,68 €/KG","img":"https://fd9-photos.leclercdrive.fr/image.ashx?id=2774337&use=l&cat=p&typeid=i","cat":323809},{"id":26408,"n":"Raisins blonds Sainte Lucie Sultanine - 125g","p":2.02,"u":"16,16 €/KG","img":"https://fd9-photos.leclercdrive.fr/image.ashx?id=2142638&use=l&cat=p&typeid=i","cat":284357},{"id":26465,"n":"Steak haché 15% MG Bio Village Bio 2x100g","p":4.19,"u":"20,95 €/KG","img":"https://fd9-photos.leclercdrive.fr/image.ashx?id=2470674&use=l&cat=p&typeid=i","cat":284332},{"id":26484,"n":"Croquette chat stérilisé Ultima  Poulet - 3kg","p":11.14,"u":"3,71 €/KG","img":"https://fd9-photos.leclercdrive.fr/image.ashx?id=2918886&use=l&cat=p&typeid=i","cat":284680},{"id":26570,"n":"Filet de poulet jaune Le Gaulois 720g","p":9.21,"u":"12,79 €/KG","img":"https://fd9-photos.leclercdrive.fr/image.ashx?id=3003209&use=l&cat=p&typeid=i","cat":284336},{"id":26600,"n":"Mogettes Recettes d'Autrefois Naturel - 830g","p":3.1,"u":"3,73 €/KG","img":"https://fd9-photos.leclercdrive.fr/image.ashx?id=1793292&use=l&cat=p&typeid=i","cat":312606},{"id":26601,"n":"Mogettes de Vendée Naturel - 420g","p":1.9,"u":"4,52 €/KG","img":"https://fd9-photos.leclercdrive.fr/image.ashx?id=1953825&use=l&cat=p&typeid=i","cat":312606},{"id":26605,"n":"Sardines Les Dieux Huile d'olive - 115g","p":1.95,"u":"16,96 €/KG","img":"https://fd9-photos.leclercdrive.fr/image.ashx?id=2863356&use=l&cat=p&typeid=i","cat":305146},{"id":26608,"n":"Sardines Label Rouge Les Dieux Huile d'olive vierge extra 115g","p":2.52,"u":"21,91 €/KG","img":"https://fd9-photos.leclercdrive.fr/image.ashx?id=3008224&use=l&cat=p&typeid=i","cat":305146},{"id":26643,"n":"Viande Bovine Rumsteack Socopa Aux trois poivres - x2 - 240g","p":6.01,"u":"25,04 €/KG","img":"https://fd9-photos.leclercdrive.fr/image.ashx?id=2413492&use=l&cat=p&typeid=i","cat":284328},{"id":26646,"n":"AOP Champagne Brut Nicolas Feuillatte Grande Réserve 75cl","p":22.35,"pp":20.11,"u":"26,81 €/L","img":"https://fd9-photos.leclercdrive.fr/image.ashx?id=2733184&use=l&cat=p&typeid=i","cat":284542},{"id":26649,"n":"Cacahuètes Benenuts-Twinuts Nature Sel - 150g","p":1.08,"u":"7,20 €/KG","img":"https://fd9-photos.leclercdrive.fr/image.ashx?id=2967735&use=l&cat=p&typeid=i","cat":284448},{"id":26659,"n":"Fonds d'artichauts Notre Jardin 210g","p":2.75,"u":"13,10 €/KG","img":"https://fd9-photos.leclercdrive.fr/image.ashx?id=2040302&use=l&cat=p&typeid=i","cat":312611},{"id":26663,"n":"Farine de sarrasin Treblec 1kg","p":2.77,"u":"2,77 €/KG","img":"https://fd9-photos.leclercdrive.fr/image.ashx?id=2734843&use=l&cat=p&typeid=i","cat":284503},{"id":26708,"n":"Cacahuètes Benenuts-Twinuts Bacon Grillé - 150g","p":1.1,"u":"7,33 €/KG","img":"https://fd9-photos.leclercdrive.fr/image.ashx?id=2967738&use=l&cat=p&typeid=i","cat":284448},{"id":26713,"n":"Brownie Brossard Chocolat pépites 285g","p":2.49,"u":"8,74 €/KG","img":"https://fd9-photos.leclercdrive.fr/image.ashx?id=2977492&use=l&cat=p&typeid=i","cat":294776},{"id":26720,"n":"Lentilles Préparées Cassegrain Tendres et Fondantes 130g","p":1.06,"u":"8,15 €/KG","img":"https://fd9-photos.leclercdrive.fr/image.ashx?id=2912992&use=l&cat=p&typeid=i","cat":312609},{"id":26722,"n":"Ratatouille Cuisinée Cassegrain à la Provençale 660g","p":3.61,"u":"5,47 €/KG","img":"https://fd9-photos.leclercdrive.fr/image.ashx?id=2902660&use=l&cat=p&typeid=i","cat":312612},{"id":26733,"n":"Dessert végétal au soja Sojasun Nature - 12x100g","p":2.99,"u":"2,49 €/KG","img":"https://fd9-photos.leclercdrive.fr/image.ashx?id=2355665&use=l&cat=p&typeid=i","cat":316071},{"id":26765,"n":"Mayonnaise Rustica A la moutarde de Dijon - 470g","p":1.6,"u":"3,40 €/KG","img":"https://fd9-photos.leclercdrive.fr/image.ashx?id=1944120&use=l&cat=p&typeid=i","cat":298295},{"id":26797,"n":"Compote Douceur du Verger Coupelle pomme fraise - 4x100g","p":1.15,"u":"2,88 €/KG","img":"https://fd9-photos.leclercdrive.fr/image.ashx?id=2663503&use=l&cat=p&typeid=i","cat":284508},{"id":26805,"n":"Crêpes dentelle Gavottes Nature étui 125g","p":1.91,"u":"15,28 €/KG","img":"https://fd9-photos.leclercdrive.fr/image.ashx?id=2664473&use=l&cat=p&typeid=i","cat":284487},{"id":26808,"n":"Thon blanc entier Connétable Naturel Label Rouge - 120g","p":3.07,"u":"25,58 €/KG","img":"https://fd9-photos.leclercdrive.fr/image.ashx?id=2901935&use=l&cat=p&typeid=i","cat":303867},{"id":26818,"n":"Boisson base vin rosée Very Pamp Pamplemousse - 75cl","p":2.99,"u":"3,99 €/L","img":"https://fd9-photos.leclercdrive.fr/image.ashx?id=2446629&use=l&cat=p&typeid=i","cat":304569},{"id":26819,"n":"Boisson aromatisée Vin rosé Pamplemousse 7.5%,vol BIB 3L","p":9.5,"u":"3,17 €/L","img":"https://fd9-photos.leclercdrive.fr/image.ashx?id=2470024&use=l&cat=p&typeid=i","cat":304569},{"id":26820,"n":"IGP Pays d'Oc rouge Roche Mazet Merlot - BIB 3L","p":10.5,"u":"3,50 €/L","img":"https://fd9-photos.leclercdrive.fr/image.ashx?id=2597387&use=l&cat=p&typeid=i","cat":289560},{"id":26823,"n":"Beurre Montfleuri Demi-sel - 60%MG - 250g","p":2.0,"u":"8,00 €/KG","img":"https://fd9-photos.leclercdrive.fr/image.ashx?id=2985279&use=l&cat=p&typeid=i","cat":284379},{"id":26840,"n":"Spray Détachant Vanish  Avant-lavage - 750ml","p":4.41,"u":"5,88 €/L","img":"https://fd9-photos.leclercdrive.fr/image.ashx?id=2963913&use=l&cat=p&typeid=i","cat":284651},{"id":26877,"n":"Crackers Mini pizza Tokapi 85g","p":0.69,"u":"8,12 €/KG","img":"https://fd9-photos.leclercdrive.fr/image.ashx?id=2351232&use=l&cat=p&typeid=i","cat":297000},{"id":26926,"n":"Couches bébé Mots d'Enfants -T3 Ultra confort - 4/9kg - x162","p":19.7,"u":"0,12 €/P","img":"https://fd9-photos.leclercdrive.fr/image.ashx?id=1982013&use=l&cat=p&typeid=i","cat":284737},{"id":26978,"n":"Chewing-gum menthol Airwaves Eucalyptus s/sucre 5x10","p":2.13,"img":"https://fd9-photos.leclercdrive.fr/image.ashx?id=2355902&use=l&cat=p&typeid=i","cat":304251},{"id":26979,"n":"Chewing-gum Airwaves Cool cassis s/sucre 5x10","p":2.09,"img":"https://fd9-photos.leclercdrive.fr/image.ashx?id=2355905&use=l&cat=p&typeid=i","cat":304251},{"id":26980,"n":"Chewing-gum Airwaves Black menthol sans sucre 5x10","p":2.37,"img":"https://fd9-photos.leclercdrive.fr/image.ashx?id=2355908&use=l&cat=p&typeid=i","cat":304251},{"id":26988,"n":"Courgette Eco+ 1kg","p":2.49,"u":"2,49 €/KG","img":"https://fd9-photos.leclercdrive.fr/image.ashx?id=2625692&use=l&cat=p&typeid=i","cat":284352},{"id":26998,"n":"Sachet repas chats Gourmet Les filettines en sauce -12x85g","p":5.43,"u":"5,32 €/KG","img":"https://fd9-photos.leclercdrive.fr/image.ashx?id=2902277&use=l&cat=p&typeid=i","cat":285286},{"id":27069,"n":"Sorbet Oasis Multifruits x10 - 400g","p":2.84,"u":"7,10 €/KG","img":"https://fd9-photos.leclercdrive.fr/image.ashx?id=2831924&use=l&cat=p&typeid=i","cat":285250},{"id":27070,"n":"Bâtonnets Oasis Tropical x10 - 400g","p":2.63,"u":"6,58 €/KG","img":"https://fd9-photos.leclercdrive.fr/image.ashx?id=2877829&use=l&cat=p&typeid=i","cat":285250},{"id":27086,"n":"Crème légère fluide UHT Bio Bio Village 15%mg - 3x20cl","p":3.65,"u":"6,08 €/L","img":"https://fd9-photos.leclercdrive.fr/image.ashx?id=2694434&use=l&cat=p&typeid=i","cat":284381},{"id":27087,"n":"Crème entière fluide UHT Bio Bio Village 30% MG - 3x20cl","p":3.96,"u":"6,60 €/L","img":"https://fd9-photos.leclercdrive.fr/image.ashx?id=2496899&use=l&cat=p&typeid=i","cat":284381},{"id":27088,"n":"Glace à l'eau Stick Smicy 5 parfums x20 - 845g","p":2.74,"u":"3,24 €/KG","img":"https://fd9-photos.leclercdrive.fr/image.ashx?id=2073057&use=l&cat=p&typeid=i","cat":285250},{"id":27091,"n":"Mayonnaise Rustica A la moutarde de Dijon - 235g","p":1.14,"u":"4,85 €/KG","img":"https://fd9-photos.leclercdrive.fr/image.ashx?id=2579366&use=l&cat=p&typeid=i","cat":298295},{"id":27093,"n":"Compote Douceur du Verger Coupelle pomme abricot - 4x100g","p":1.19,"u":"2,98 €/KG","img":"https://fd9-photos.leclercdrive.fr/image.ashx?id=2663500&use=l&cat=p&typeid=i","cat":284508},{"id":27096,"n":"Mayonnaise allégée Rustica 450g","p":1.13,"u":"2,51 €/KG","img":"https://fd9-photos.leclercdrive.fr/image.ashx?id=1026709&use=l&cat=p&typeid=i","cat":298295},{"id":27098,"n":"Café moulu Plantation Brésil - 250g","p":3.71,"u":"14,84 €/KG","img":"https://fd9-photos.leclercdrive.fr/image.ashx?id=2607512&use=l&cat=p&typeid=i","cat":284750},{"id":27106,"n":"Couches bébé Mots d'Enfants Mini - T2 : 3/6kg - x35 changes","p":5.18,"u":"0,15 €/P","img":"https://fd9-photos.leclercdrive.fr/image.ashx?id=1956841&use=l&cat=p&typeid=i","cat":284737},{"id":27108,"n":"Steak haché 5%mg Férial façon bouchère - 250g","p":4.14,"u":"16,56 €/KG","img":"https://fd9-photos.leclercdrive.fr/image.ashx?id=2903989&use=l&cat=p&typeid=i","cat":284332},{"id":27114,"n":"Lait céréales Blédidej 12 mois Chocolat - 4x250ml","p":3.46,"u":"3,46 €/L","img":"https://fd9-photos.leclercdrive.fr/image.ashx?id=2921058&use=l&cat=p&typeid=i","cat":312226},{"id":27123,"n":"Petit sucre Beghin Say Morceaux boite - 1kg","p":2.58,"u":"2,58 €/KG","img":"https://fd9-photos.leclercdrive.fr/image.ashx?id=2855100&use=l&cat=p&typeid=i","cat":284502},{"id":27146,"n":"Viande hachée tradition Charal Prêt à cuisiner 20%mg - 600g","p":10.5,"u":"17,50 €/KG","img":"https://fd9-photos.leclercdrive.fr/image.ashx?id=2558954&use=l&cat=p&typeid=i","cat":284332},{"id":27158,"n":"Mini Barre Chocolat Lait KitKat x21 barres - 350g","p":4.49,"u":"12,83 €/KG","img":"https://fd9-photos.leclercdrive.fr/image.ashx?id=2762611&use=l&cat=p&typeid=i","cat":284498},{"id":27172,"n":"Boisson lactée allégé Candy'UP Chocolat - 6x20cl","p":2.77,"u":"2,31 €/L","img":"https://fd9-photos.leclercdrive.fr/image.ashx?id=2492148&use=l&cat=p&typeid=i","cat":295246},{"id":27174,"n":"Bière blonde Tripel Karmeliet 8,4% - 75cl","p":4.6,"u":"6,13 €/L","img":"https://fd9-photos.leclercdrive.fr/image.ashx?id=2861180&use=l&cat=p&typeid=i","cat":334872},{"id":27178,"n":"Friandises Fun Tastix Fido Jambon fromage - 150g","p":1.53,"u":"10,20 €/KG","img":"https://fd9-photos.leclercdrive.fr/image.ashx?id=2681212&use=l&cat=p&typeid=i","cat":294527},{"id":27189,"n":"Cornichons Kühne Spécial Sandwich - 185g","p":1.76,"u":"9,51 €/KG","img":"https://fd9-photos.leclercdrive.fr/image.ashx?id=2058418&use=l&cat=p&typeid=i","cat":284458},{"id":27214,"n":"Bière blonde Triple Karmeliet 33cl","p":2.65,"u":"8,03 €/L","img":"https://fd9-photos.leclercdrive.fr/image.ashx?id=1875926&use=l&cat=p&typeid=i","cat":334872},{"id":27228,"n":"Couches bébé Mots d'Enfants Ecologique - T3 : 4/9kg - x36","p":8.99,"u":"0,25 €/P","img":"https://fd9-photos.leclercdrive.fr/image.ashx?id=2234851&use=l&cat=p&typeid=i","cat":284737},{"id":27229,"n":"Couches bébé Mots d'Enfants Ecologique - T4 : 7/18kg - x32","p":8.99,"u":"0,28 €/P","img":"https://fd9-photos.leclercdrive.fr/image.ashx?id=2234854&use=l&cat=p&typeid=i","cat":284737},{"id":27230,"n":"Couches bébé Mots d'Enfants Ecologique - T5 : 11/25kg - x28","p":9.29,"u":"0,33 €/P","img":"https://fd9-photos.leclercdrive.fr/image.ashx?id=2904565&use=l&cat=p&typeid=i","cat":284737},{"id":27260,"n":"Profiteroles La Laitière Chocolat - 4x90g","p":2.97,"u":"8,25 €/KG","img":"https://fd9-photos.leclercdrive.fr/image.ashx?id=3007981&use=l&cat=p&typeid=i","cat":284419},{"id":27363,"n":"Steak haché 5% mg Bio  Bio village - 250g","p":5.59,"u":"22,36 €/KG","img":"https://fd9-photos.leclercdrive.fr/image.ashx?id=1072040&use=l&cat=p&typeid=i","cat":284332},{"id":27366,"n":"Viande haché 5% MG Bio Village Bio 350g","p":7.89,"u":"22,54 €/KG","img":"https://fd9-photos.leclercdrive.fr/image.ashx?id=2241447&use=l&cat=p&typeid=i","cat":284332},{"id":27434,"n":"Coupelles Pêches DDV Sirop léger - 4x70 g","p":2.49,"u":"8,89 €/KG","img":"https://fd9-photos.leclercdrive.fr/image.ashx?id=2100784&use=l&cat=p&typeid=i","cat":284507},{"id":27454,"n":"Maïs Notre Jardin Croquant - 3x140g","p":1.83,"u":"4,36 €/KG","img":"https://fd9-photos.leclercdrive.fr/image.ashx?id=2052802&use=l&cat=p&typeid=i","cat":312611},{"id":27487,"n":"Dés Salakis basilic Fromage brebis - 300g","p":3.4,"u":"11,33 €/KG","img":"https://fd9-photos.leclercdrive.fr/image.ashx?id=2729695&use=l&cat=p&typeid=i","cat":314026},{"id":27523,"n":"Colin d'Alaska Pêche Océan À la parisienne - MSC - 400g","p":2.79,"u":"6,98 €/KG","img":"https://fd9-photos.leclercdrive.fr/image.ashx?id=2930120&use=l&cat=p&typeid=i","cat":319786},{"id":27524,"n":"Colin d'Alaska Côté Table A la provençale - MSC - 400g","p":2.79,"u":"6,98 €/KG","img":"https://fd9-photos.leclercdrive.fr/image.ashx?id=2546251&use=l&cat=p&typeid=i","cat":319786},{"id":27531,"n":"Assortiment exotique Tables du Monde 470g","p":4.79,"u":"10,19 €/KG","img":"https://fd9-photos.leclercdrive.fr/image.ashx?id=1735978&use=l&cat=p&typeid=i","cat":333673},{"id":27564,"n":"Blé précuit Comptoir du Grain Sachet cuisson - x4 - 500g","p":1.7,"u":"3,40 €/KG","img":"https://fd9-photos.leclercdrive.fr/image.ashx?id=3012836&use=l&cat=p&typeid=i","cat":284429},{"id":27566,"n":"Ruban adhésif d'emballage Siléa Largeur 50mm x 66 mètres","p":2.84,"img":"https://fd9-photos.leclercdrive.fr/image.ashx?id=2162345&use=l&cat=p&typeid=i","cat":300576},{"id":27709,"n":"Dentifrice Dentamyl Soin complet sensitive 75ml","p":0.92,"u":"12,27 €/L","img":"https://fd9-photos.leclercdrive.fr/image.ashx?id=2489119&use=l&cat=p&typeid=i","cat":284612},{"id":27721,"n":"Emmental Les Croisés En tranches - 200g","p":1.94,"u":"9,70 €/KG","img":"https://fd9-photos.leclercdrive.fr/image.ashx?id=2380395&use=l&cat=p&typeid=i","cat":314028},{"id":27798,"n":"Bière ambrée corse Pietra 6° - 75cl","p":3.63,"u":"4,84 €/L","img":"https://fd9-photos.leclercdrive.fr/image.ashx?id=2992921&use=l&cat=p&typeid=i","cat":334872},{"id":27834,"n":"Pizza Crousti-moelleuse Marie 4 fromages - 510g","p":3.73,"u":"7,31 €/KG","img":"https://fd9-photos.leclercdrive.fr/image.ashx?id=2996749&use=l&cat=p&typeid=i","cat":284256},{"id":27836,"n":"Pizza Crousti-moelleuse Marie Poulet kebab - 530g","p":3.93,"u":"7,42 €/KG","img":"https://fd9-photos.leclercdrive.fr/image.ashx?id=2996752&use=l&cat=p&typeid=i","cat":284256},{"id":27941,"n":"Cotons Duo Démaquillants Inell Disques x110","p":0.97,"img":"https://fd9-photos.leclercdrive.fr/image.ashx?id=1709588&use=l&cat=p&typeid=i","cat":285593},{"id":27961,"n":"Poulet basquaise Marie Riz à la tomate - 900g","p":4.68,"u":"5,20 €/KG","img":"https://fd9-photos.leclercdrive.fr/image.ashx?id=2996779&use=l&cat=p&typeid=i","cat":284254},{"id":27976,"n":"Eau minérale naturelle Vittel 8x33cl","p":2.58,"u":"0,98 €/L","img":"https://fd9-photos.leclercdrive.fr/image.ashx?id=3000423&use=l&cat=p&typeid=i","cat":284535},{"id":27977,"n":"Eau minérale naturelle Vittel 6x50cl","p":2.38,"u":"0,79 €/L","img":"https://fd9-photos.leclercdrive.fr/image.ashx?id=2999850&use=l&cat=p&typeid=i","cat":284535},{"id":28021,"n":"Dentifrice enfant Dentamyl Gel fraise - 75ml","p":1.25,"u":"16,67 €/L","img":"https://fd9-photos.leclercdrive.fr/image.ashx?id=2613831&use=l&cat=p&typeid=i","cat":288898},{"id":28023,"n":"Duo céréales Comptoir du Grain  Quinoa et Boulgour - 400g","p":2.05,"u":"5,13 €/KG","img":"https://fd9-photos.leclercdrive.fr/image.ashx?id=3012830&use=l&cat=p&typeid=i","cat":284429},{"id":28028,"n":"Recharge power tabs Rubson Lot de 4","p":19.9,"u":"4,98 €/P","img":"https://fd9-photos.leclercdrive.fr/image.ashx?id=1971365&use=l&cat=p&typeid=i","cat":300576},{"id":28078,"n":"Coton bébé Mots d'Enfants Duo maxi carrés - x80","p":1.79,"u":"0,02 €/P","img":"https://fd9-photos.leclercdrive.fr/image.ashx?id=3014206&use=l&cat=p&typeid=i","cat":284739},{"id":28083,"n":"Maïs Notre Jardin Tendre  - 2x300g","p":1.88,"u":"3,13 €/KG","img":"https://fd9-photos.leclercdrive.fr/image.ashx?id=3005661&use=l&cat=p&typeid=i","cat":312611},{"id":28104,"n":"IGP Pays d'Oc Merlot vin rosé Vieux Carion 12.5% vol -75 cl","p":2.25,"u":"3,00 €/L","img":"https://fd9-photos.leclercdrive.fr/image.ashx?id=2903962&use=l&cat=p&typeid=i","cat":289558},{"id":28209,"n":"Noix de cajou grillées Tokapi Salées - 125g","p":1.48,"u":"11,84 €/KG","img":"https://fd9-photos.leclercdrive.fr/image.ashx?id=2795553&use=l&cat=p&typeid=i","cat":284448},{"id":28211,"n":"Pistaches Tokapi Grillées et salées - 125g","p":1.85,"u":"14,80 €/KG","img":"https://fd9-photos.leclercdrive.fr/image.ashx?id=2417165&use=l&cat=p&typeid=i","cat":284448},{"id":28216,"n":"Café en grains Bio Village Bio 100% arabica - 250g","p":4.51,"u":"18,04 €/KG","img":"https://fd9-photos.leclercdrive.fr/image.ashx?id=1470434&use=l&cat=p&typeid=i","cat":293237},{"id":28217,"n":"Pain d'épices bio Bio Village Miel - Pré-tranché - 300g","p":1.65,"u":"5,50 €/KG","img":"https://fd9-photos.leclercdrive.fr/image.ashx?id=769642&use=l&cat=p&typeid=i","cat":284493},{"id":28226,"n":"Cotons Duo Démaquillants Inell Duo ovale - Disques x70","p":1.56,"img":"https://fd9-photos.leclercdrive.fr/image.ashx?id=1709940&use=l&cat=p&typeid=i","cat":285593},{"id":28228,"n":"Chocolat Pâtissier Bio Village Bio - Noir  52% cacao - 200g","p":2.75,"u":"13,75 €/KG","img":"https://fd9-photos.leclercdrive.fr/image.ashx?id=2658596&use=l&cat=p&typeid=i","cat":285562},{"id":28229,"n":"Gaufres au miel bio Bio Village 175g","p":1.81,"u":"10,34 €/KG","img":"https://fd9-photos.leclercdrive.fr/image.ashx?id=2652743&use=l&cat=p&typeid=i","cat":294777},{"id":28241,"n":"Savon mains en crème Manava Lait et miel - 300ml","p":1.05,"u":"3,50 €/L","img":"https://fd9-photos.leclercdrive.fr/image.ashx?id=2935486&use=l&cat=p&typeid=i","cat":284597},{"id":28280,"n":"Flan entremets Tablier Blanc Vanille x4 192g","p":0.99,"u":"5,16 €/KG","img":"https://fd9-photos.leclercdrive.fr/image.ashx?id=2141527&use=l&cat=p&typeid=i","cat":284505},{"id":28281,"n":"Flan entremets Tablier Blanc Chocolat x4 232g","p":1.57,"u":"6,77 €/KG","img":"https://fd9-photos.leclercdrive.fr/image.ashx?id=2982613&use=l&cat=p&typeid=i","cat":284505},{"id":28311,"n":"Liqueur Grand Marnier Orange & Cognac - 40%vol - 70cl","p":21.91,"u":"31,30 €/L","img":"https://fd9-photos.leclercdrive.fr/image.ashx?id=3007909&use=l&cat=p&typeid=i","cat":286032},{"id":28344,"n":"Olives vertes La Ciota Farcies poivrons - 120g","p":1.79,"u":"14,92 €/KG","img":"https://fd9-photos.leclercdrive.fr/image.ashx?id=2296584&use=l&cat=p&typeid=i","cat":284458},{"id":28353,"n":"AOP Reblochon de Savoie Pochat 45%mg - 450g","p":6.93,"u":"15,40 €/KG","img":"https://fd9-photos.leclercdrive.fr/image.ashx?id=2102761&use=l&cat=p&typeid=i","cat":314037},{"id":28368,"n":"Tablette de chocolat Equador Noir fleur de sel 100g","p":1.42,"u":"14,20 €/KG","img":"https://fd9-photos.leclercdrive.fr/image.ashx?id=2368530&use=l&cat=p&typeid=i","cat":284956},{"id":28415,"n":"Colin d'Alaska Pêche Océan À la moutarde - MSC - 400g","p":2.99,"u":"7,48 €/KG","img":"https://fd9-photos.leclercdrive.fr/image.ashx?id=2930117&use=l&cat=p&typeid=i","cat":319786},{"id":28419,"n":"Lingettes anti-transfert Texil Tous textiles x25","p":2.32,"u":"0,09 €/P","img":"https://fd9-photos.leclercdrive.fr/image.ashx?id=1646465&use=l&cat=p&typeid=i","cat":290450},{"id":28422,"n":"Choucroute d'Alsace NRT 920g","p":6.87,"u":"7,47 €/KG","img":"https://fd9-photos.leclercdrive.fr/image.ashx?id=2723243&use=l&cat=p&typeid=i","cat":333666},{"id":28423,"n":"Choucroute d'Alsace NRT 370g","p":3.04,"u":"8,22 €/KG","img":"https://fd9-photos.leclercdrive.fr/image.ashx?id=2723246&use=l&cat=p&typeid=i","cat":333665},{"id":28432,"n":"Jus d'ananas Eco + Brique 1L","p":1.57,"u":"1,57 €/L","img":"https://fd9-photos.leclercdrive.fr/image.ashx?id=2595074&use=l&cat=p&typeid=i","cat":284916},{"id":28516,"n":"Chocolat Noir Lindt Excellence  pointe de piment rouge - 100g","p":2.56,"u":"25,60 €/KG","img":"https://fd9-photos.leclercdrive.fr/image.ashx?id=2209200&use=l&cat=p&typeid=i","cat":284956},{"id":28594,"n":"Soupe instantanée Royco  Crème d'asperges - 4x200ml","p":1.53,"u":"1,91 €/L","img":"https://fd9-photos.leclercdrive.fr/image.ashx?id=2650982&use=l&cat=p&typeid=i","cat":293527},{"id":28596,"n":"Soupe instantanée Royco  Crème de volaille - 4x200ml","p":1.76,"u":"2,20 €/L","img":"https://fd9-photos.leclercdrive.fr/image.ashx?id=2376413&use=l&cat=p&typeid=i","cat":293527},{"id":28614,"n":"Pur jus d'orange Eco+ Brique - 1L","p":1.87,"u":"1,87 €/L","img":"https://fd9-photos.leclercdrive.fr/image.ashx?id=2275712&use=l&cat=p&typeid=i","cat":284521},{"id":28710,"n":"Lingettes Mots d'Enfants Bio Bébé - x72 lingettes","p":2.53,"u":"0,04 €/P","img":"https://fd9-photos.leclercdrive.fr/image.ashx?id=2158209&use=l&cat=p&typeid=i","cat":284738},{"id":28713,"n":"Tablettes anti-calcaire Calgon 4 en 1 x17 - 221g","p":4.3,"u":"19,46 €/KG","img":"https://fd9-photos.leclercdrive.fr/image.ashx?id=2953761&use=l&cat=p&typeid=i","cat":284653},{"id":28715,"n":"Gel Toilette Intime Fraîcheur Intima Natural Aloe Vera 200ml","p":3.08,"u":"15,40 €/L","img":"https://fd9-photos.leclercdrive.fr/image.ashx?id=2959862&use=l&cat=p&typeid=i","cat":284627},{"id":28724,"n":"Nettoyant écologique Uni Vert Spécial Vitres - 750ml","p":1.79,"u":"2,39 €/L","img":"https://fd9-photos.leclercdrive.fr/image.ashx?id=2370993&use=l&cat=p&typeid=i","cat":325363},{"id":28725,"n":"Nettoyant écologique Uni Vert Spécial Vitres - 750ml","p":1.47,"u":"1,96 €/L","img":"https://fd9-photos.leclercdrive.fr/image.ashx?id=2372341&use=l&cat=p&typeid=i","cat":325363},{"id":28727,"n":"Tablettes anti-calcaire Calgon  4 en 1 - x48","p":9.48,"u":"15,19 €/KG","img":"https://fd9-photos.leclercdrive.fr/image.ashx?id=2954881&use=l&cat=p&typeid=i","cat":284653},{"id":28730,"n":"Bain moussant Manava Vanille et ambre 500ml","p":2.14,"u":"4,28 €/L","img":"https://fd9-photos.leclercdrive.fr/image.ashx?id=1525349&use=l&cat=p&typeid=i","cat":284594},{"id":28809,"n":"Pain burger géant Epi d'Or Nature x4 - 330g","p":0.87,"u":"2,64 €/KG","img":"https://fd9-photos.leclercdrive.fr/image.ashx?id=1861089&use=l&cat=p&typeid=i","cat":325067},{"id":28827,"n":"Chili con carne Côté Table Au piment de Cayenne - 820g","p":3.24,"u":"3,95 €/KG","img":"https://fd9-photos.leclercdrive.fr/image.ashx?id=2125548&use=l&cat=p&typeid=i","cat":325094},{"id":28831,"n":"Cookies Méga pépites P'tit Déli Choco amandes caramelisées 184g","p":1.51,"u":"8,21 €/KG","img":"https://fd9-photos.leclercdrive.fr/image.ashx?id=2116128&use=l&cat=p&typeid=i","cat":325066},{"id":28832,"n":"Cookies Méga pépites P'tit Déli Chocolat 184g","p":1.51,"u":"8,21 €/KG","img":"https://fd9-photos.leclercdrive.fr/image.ashx?id=2116125&use=l&cat=p&typeid=i","cat":325066},{"id":28848,"n":"Pennes au saumon Marie A la crème - 900g","p":5.77,"u":"6,41 €/KG","img":"https://fd9-photos.leclercdrive.fr/image.ashx?id=2996761&use=l&cat=p&typeid=i","cat":284254},{"id":28861,"n":"Pain de mie Epi d'Or Spécial mie - Nature - 500g","p":1.49,"u":"2,98 €/KG","img":"https://fd9-photos.leclercdrive.fr/image.ashx?id=2354668&use=l&cat=p&typeid=i","cat":284477},{"id":28864,"n":"Cassoulet au confit canard NRT - 300g","p":2.97,"u":"9,90 €/KG","img":"https://fd9-photos.leclercdrive.fr/image.ashx?id=2996143&use=l&cat=p&typeid=i","cat":284953},{"id":28869,"n":"Parmentier canard Sud Ouest NRT - 300g","p":2.99,"u":"9,97 €/KG","img":"https://fd9-photos.leclercdrive.fr/image.ashx?id=2925210&use=l&cat=p&typeid=i","cat":284953},{"id":28872,"n":"Saucisses de Toulouse lentilles NRT - 300g","p":2.36,"u":"7,87 €/KG","img":"https://fd9-photos.leclercdrive.fr/image.ashx?id=2723234&use=l&cat=p&typeid=i","cat":284953},{"id":28873,"n":"Thon blanc Bretagne NRT huile d'olive - 160g","p":2.88,"u":"18,00 €/KG","img":"https://fd9-photos.leclercdrive.fr/image.ashx?id=2791099&use=l&cat=p&typeid=i","cat":303867},{"id":28874,"n":"Thon blanc Bretagne NRT Nature - 160g","p":2.69,"u":"16,81 €/KG","img":"https://fd9-photos.leclercdrive.fr/image.ashx?id=2775445&use=l&cat=p&typeid=i","cat":303867},{"id":28912,"n":"Pastis 51 Anisé 45% vol - 70cl","p":14.53,"u":"20,76 €/L","img":"https://fd9-photos.leclercdrive.fr/image.ashx?id=2452041&use=l&cat=p&typeid=i","cat":284548},{"id":28938,"n":"Velouté bio Bio Village Légumes variés  - 1L","p":2.06,"u":"2,06 €/L","img":"https://fd9-photos.leclercdrive.fr/image.ashx?id=2133954&use=l&cat=p&typeid=i","cat":284462},{"id":28966,"n":"Liqueur Malibu Coco 18% vol - 70cl","p":9.95,"u":"14,21 €/L","img":"https://fd9-photos.leclercdrive.fr/image.ashx?id=2993481&use=l&cat=p&typeid=i","cat":284551},{"id":28996,"n":"Mayonnaise de Dijon AMORA 235g","p":1.94,"u":"8,26 €/KG","img":"https://fd9-photos.leclercdrive.fr/image.ashx?id=2946649&use=l&cat=p&typeid=i","cat":298295},{"id":28997,"n":"Mayonnaise de Dijon Amora 235g","p":1.52,"u":"6,47 €/KG","img":"https://fd9-photos.leclercdrive.fr/image.ashx?id=2877208&use=l&cat=p&typeid=i","cat":298295},{"id":28999,"n":"Mayonnaise de Dijon Amora Sans conservateur  - 415g","p":2.23,"u":"5,37 €/KG","img":"https://fd9-photos.leclercdrive.fr/image.ashx?id=2964207&use=l&cat=p&typeid=i","cat":298295},{"id":29000,"n":"Mayonnaise de Dijon Amora 710g","p":3.25,"u":"4,58 €/KG","img":"https://fd9-photos.leclercdrive.fr/image.ashx?id=2598672&use=l&cat=p&typeid=i","cat":298295},{"id":29006,"n":"Escargots préparés Eco+ Recette bourguignonne - 89g","p":2.99,"u":"33,60 €/KG","img":"https://fd9-photos.leclercdrive.fr/image.ashx?id=2978501&use=l&cat=p&typeid=i","cat":319775},{"id":29032,"n":"Chips Bret's Poulet braisé - 125g","p":1.17,"u":"9,36 €/KG","img":"https://fd9-photos.leclercdrive.fr/image.ashx?id=1927788&use=l&cat=p&typeid=i","cat":284447},{"id":29044,"n":"Cerneaux de noix Tablier Blanc 50g","p":1.3,"u":"26,00 €/KG","img":"https://fd9-photos.leclercdrive.fr/image.ashx?id=2460607&use=l&cat=p&typeid=i","cat":323809},{"id":29045,"n":"Noisettes Tablier Blanc En poudre 125g","p":2.75,"u":"22,00 €/KG","img":"https://fd9-photos.leclercdrive.fr/image.ashx?id=2460598&use=l&cat=p&typeid=i","cat":284504},{"id":29047,"n":"Pignons de pin Tablier Blanc 50g","p":2.39,"u":"47,80 €/KG","img":"https://fd9-photos.leclercdrive.fr/image.ashx?id=2867907&use=l&cat=p&typeid=i","cat":323809},{"id":29048,"n":"Pralin Tablier Blanc 100g","p":1.56,"u":"15,60 €/KG","img":"https://fd9-photos.leclercdrive.fr/image.ashx?id=2460604&use=l&cat=p&typeid=i","cat":284504},{"id":29117,"n":"Bonbons sans sucres Confiséo Menthe - 150g","p":1.98,"u":"13,20 €/KG","img":"https://fd9-photos.leclercdrive.fr/image.ashx?id=2934697&use=l&cat=p&typeid=i","cat":304252},{"id":29119,"n":"Potage gourmand Régal Soupe 8 légumes à la crème - 1L","p":1.69,"u":"1,69 €/L","img":"https://fd9-photos.leclercdrive.fr/image.ashx?id=2607521&use=l&cat=p&typeid=i","cat":284462},{"id":29133,"n":"Sacs poubelle Haute 50L Elembal Poignées coulissantes - x15","p":1.94,"u":"0,13 €/P","img":"https://fd9-photos.leclercdrive.fr/image.ashx?id=2958726&use=l&cat=p&typeid=i","cat":285168},{"id":29134,"n":"Mousse coiffante Vitanove Effet boucles - 200ml","p":1.48,"u":"7,40 €/L","img":"https://fd9-photos.leclercdrive.fr/image.ashx?id=1069070&use=l&cat=p&typeid=i","cat":284609},{"id":29174,"n":"Lait de douche Manava Pêche de vigne - 250ml","p":0.94,"u":"3,76 €/L","img":"https://fd9-photos.leclercdrive.fr/image.ashx?id=1636779&use=l&cat=p&typeid=i","cat":284594},{"id":29189,"n":"Bûche de chèvre Bio Bio Village 180g","p":2.66,"u":"14,78 €/KG","img":"https://fd9-photos.leclercdrive.fr/image.ashx?id=2070437&use=l&cat=p&typeid=i","cat":314031},{"id":29235,"n":"Vin mousseux Charles Volner Brut 11%vol. - 4x75cl+2 offert","p":17.2,"u":"3,82 €/L","img":"https://fd9-photos.leclercdrive.fr/image.ashx?id=1630017&use=l&cat=p&typeid=i","cat":284544},{"id":29334,"n":"Biscuits miel sésame GERBLE  crousti'son - 4x5 200g","p":1.53,"u":"7,65 €/KG","img":"https://fd9-photos.leclercdrive.fr/image.ashx?id=2662280&use=l&cat=p&typeid=i","cat":318651},{"id":29358,"n":"Pur jus pamplemousse Jafaden Rose - 1L","p":1.67,"u":"1,67 €/L","img":"https://fd9-photos.leclercdrive.fr/image.ashx?id=2869269&use=l&cat=p&typeid=i","cat":284914},{"id":29361,"n":"Sacs poubelle haute 30L Elembal Poignées coulissantes - x25","p":3.23,"u":"0,13 €/P","img":"https://fd9-photos.leclercdrive.fr/image.ashx?id=2958723&use=l&cat=p&typeid=i","cat":285168},{"id":29364,"n":"Boisson base vin rosé Festalie Pamplemousse - 7.5% - 75 cl","p":1.89,"u":"2,52 €/L","img":"https://fd9-photos.leclercdrive.fr/image.ashx?id=2774891&use=l&cat=p&typeid=i","cat":304569},{"id":29368,"n":"Boisson à base de vin blanc saveur pêche Festalie - 75 cl","p":2.75,"u":"3,67 €/L","img":"https://fd9-photos.leclercdrive.fr/image.ashx?id=2434936&use=l&cat=p&typeid=i","cat":304569},{"id":29419,"n":"Tortillas chips Tokapi Nature - 150g","p":0.55,"u":"3,67 €/KG","img":"https://fd9-photos.leclercdrive.fr/image.ashx?id=2647955&use=l&cat=p&typeid=i","cat":287899},{"id":29442,"n":"Boules de graines Pictou x50","p":7.9,"u":"1,76 €/KG","img":"https://fd9-photos.leclercdrive.fr/image.ashx?id=2021661&use=l&cat=p&typeid=i","cat":284678},{"id":29493,"n":"Tomato Ketchup Bio Heinz - 580g","p":2.56,"u":"4,41 €/KG","img":"https://fd9-photos.leclercdrive.fr/image.ashx?id=2927726&use=l&cat=p&typeid=i","cat":284455},{"id":29535,"n":"Croûtons Epi d'Or Ail - 2x90g","p":1.19,"u":"6,61 €/KG","img":"https://fd9-photos.leclercdrive.fr/image.ashx?id=2606049&use=l&cat=p&typeid=i","cat":284464},{"id":29718,"n":"La Belle Escalope de Dinde  Le Gaulois x2 - 240g","p":4.43,"u":"18,46 €/KG","img":"https://fd9-photos.leclercdrive.fr/image.ashx?id=2259646&use=l&cat=p&typeid=i","cat":284337},{"id":29724,"n":"Escalope de dinde Le Gaulois Milanaise x2 - 240g","p":4.37,"u":"18,21 €/KG","img":"https://fd9-photos.leclercdrive.fr/image.ashx?id=2259652&use=l&cat=p&typeid=i","cat":284337},{"id":29729,"n":"Escalope de dinde Le Gaulois Extra tendre x2 - 250g","p":4.17,"u":"16,68 €/KG","img":"https://fd9-photos.leclercdrive.fr/image.ashx?id=2259649&use=l&cat=p&typeid=i","cat":284337},{"id":29753,"n":"Eau gazeuse La Pétillante Citron vert sans sucre - 1L","p":0.4,"u":"0,40 €/L","img":"https://fd9-photos.leclercdrive.fr/image.ashx?id=2669738&use=l&cat=p&typeid=i","cat":284536},{"id":29754,"n":"Eau gazeuse La Pétillante Citron sans sucre - 1L","p":0.4,"u":"0,40 €/L","img":"https://fd9-photos.leclercdrive.fr/image.ashx?id=2590442&use=l&cat=p&typeid=i","cat":284536},{"id":29761,"n":"Taboulé Pierre Martinet Au poulet 500g","p":2.33,"u":"4,66 €/KG","img":"https://fd9-photos.leclercdrive.fr/image.ashx?id=2990526&use=l&cat=p&typeid=i","cat":333657},{"id":29764,"n":"Galettes blé noir Bio village Bio x4 - 200g","p":1.83,"u":"9,15 €/KG","img":"https://fd9-photos.leclercdrive.fr/image.ashx?id=2907258&use=l&cat=p&typeid=i","cat":333672},{"id":29768,"n":"Bière blonde 1664 5,5° - 50cl canette","p":1.19,"u":"2,38 €/L","img":"https://fd9-photos.leclercdrive.fr/image.ashx?id=2887563&use=l&cat=p&typeid=i","cat":334853},{"id":29787,"n":"Champignons Menu Fraîcheur A la grecque - 300g","p":2.45,"u":"8,17 €/KG","img":"https://fd9-photos.leclercdrive.fr/image.ashx?id=2055304&use=l&cat=p&typeid=i","cat":333657},{"id":29794,"n":"Triangolo Fromage enfants vache Les Croisés 24 portions - 400g","p":2.67,"u":"6,68 €/KG","img":"https://fd9-photos.leclercdrive.fr/image.ashx?id=2969716&use=l&cat=p&typeid=i","cat":314030},{"id":29795,"n":"Fromage à tartiner Les Croisés Ail et fines herbes 24%mg 250g","p":2.09,"u":"8,36 €/KG","img":"https://fd9-photos.leclercdrive.fr/image.ashx?id=2476143&use=l&cat=p&typeid=i","cat":314029},{"id":29799,"n":"Galettes jambon emmental NRT x2 - 300g","p":3.78,"u":"12,60 €/KG","img":"https://fd9-photos.leclercdrive.fr/image.ashx?id=2743882&use=l&cat=p&typeid=i","cat":333672},{"id":29802,"n":"Kit Pâte à pizza Tablier Blanc 600g","p":2.59,"u":"4,32 €/KG","img":"https://fd9-photos.leclercdrive.fr/image.ashx?id=1731167&use=l&cat=p&typeid=i","cat":333681},{"id":29811,"n":"Museau de boeuf Menu Fraîcheur A la lyonnaise - 300g","p":1.99,"u":"6,63 €/KG","img":"https://fd9-photos.leclercdrive.fr/image.ashx?id=2816570&use=l&cat=p&typeid=i","cat":333657},{"id":29816,"n":"Bicarbonate alimentaire La Baleine - 800g","p":2.15,"u":"2,69 €/KG","img":"https://fd9-photos.leclercdrive.fr/image.ashx?id=2468335&use=l&cat=p&typeid=i","cat":284457},{"id":29828,"n":"Tarte Côté Table Chèvre épinards - 350g","p":2.9,"u":"8,29 €/KG","img":"https://fd9-photos.leclercdrive.fr/image.ashx?id=2858830&use=l&cat=p&typeid=i","cat":333680},{"id":29840,"n":"Bouillon cubes herbes Knorr Huile d'olive Puget x15 -150g","p":1.28,"u":"8,53 €/KG","img":"https://fd9-photos.leclercdrive.fr/image.ashx?id=2890601&use=l&cat=p&typeid=i","cat":288379},{"id":29841,"n":"Bouillon de Poule KNORR 15 Tablettes - 150g","p":1.19,"u":"7,93 €/KG","img":"https://fd9-photos.leclercdrive.fr/image.ashx?id=2906043&use=l&cat=p&typeid=i","cat":288379},{"id":29854,"n":"Beurre de Bretagne Les Croisés Doux - 82% MG - 250g","p":2.61,"u":"10,44 €/KG","img":"https://fd9-photos.leclercdrive.fr/image.ashx?id=2070036&use=l&cat=p&typeid=i","cat":284379},{"id":29855,"n":"Beurre de Bretagne Les Croisés Demi-sel - 80% MG - 250g","p":2.61,"u":"10,44 €/KG","img":"https://fd9-photos.leclercdrive.fr/image.ashx?id=2943644&use=l&cat=p&typeid=i","cat":284379},{"id":29856,"n":"Beurre Extra fin Les Croisés Doux - 82 % MG - 125g","p":1.49,"u":"11,92 €/KG","img":"https://fd9-photos.leclercdrive.fr/image.ashx?id=2084078&use=l&cat=p&typeid=i","cat":284379},{"id":29857,"n":"Beurre Les Croisés 80% MG  Demi-sel Extra fin - 125g","p":1.49,"u":"11,92 €/KG","img":"https://fd9-photos.leclercdrive.fr/image.ashx?id=2893304&use=l&cat=p&typeid=i","cat":284379},{"id":29862,"n":"Champignons Bio Bio Village Emincés - 600g","p":2.99,"u":"4,98 €/KG","img":"https://fd9-photos.leclercdrive.fr/image.ashx?id=2891815&use=l&cat=p&typeid=i","cat":319805},{"id":29864,"n":"Crème fraîche entière Délisse Fleurette - 30% MG - 40cl","p":1.72,"u":"4,30 €/L","img":"https://fd9-photos.leclercdrive.fr/image.ashx?id=2064840&use=l&cat=p&typeid=i","cat":284381},{"id":29865,"n":"Crème fraîche légère Délisse Fleurette - 12% MG - 40cl","p":1.62,"u":"4,05 €/L","img":"https://fd9-photos.leclercdrive.fr/image.ashx?id=2064843&use=l&cat=p&typeid=i","cat":284381},{"id":29866,"n":"Crème légère fluide UHT Délisse Brique 12%mg - 1L","p":3.39,"u":"3,39 €/L","img":"https://fd9-photos.leclercdrive.fr/image.ashx?id=1879963&use=l&cat=p&typeid=i","cat":284381},{"id":29869,"n":"Crème anglaise Délisse 1L","p":2.49,"u":"2,49 €/L","img":"https://fd9-photos.leclercdrive.fr/image.ashx?id=3002596&use=l&cat=p&typeid=i","cat":284382},{"id":29870,"n":"Crème d'Isigny AOP NRT 40%MG - 20cl","p":1.79,"u":"8,95 €/L","img":"https://fd9-photos.leclercdrive.fr/image.ashx?id=2184859&use=l&cat=p&typeid=i","cat":284381},{"id":29872,"n":"Crème semi-épaisse légère UHT Délisse 18%mg - 2x25cl","p":2.34,"u":"4,68 €/L","img":"https://fd9-photos.leclercdrive.fr/image.ashx?id=1883732&use=l&cat=p&typeid=i","cat":284381},{"id":29874,"n":"Emincés poireaux Notre Jardin A la crème 750g","p":2.55,"u":"3,40 €/KG","img":"https://fd9-photos.leclercdrive.fr/image.ashx?id=2059873&use=l&cat=p&typeid=i","cat":319805},{"id":29897,"n":"Liqueur pomme verte Manzella 17%vol. - 70cl","p":6.5,"u":"9,29 €/L","img":"https://fd9-photos.leclercdrive.fr/image.ashx?id=2715997&use=l&cat=p&typeid=i","cat":286032},{"id":29900,"n":"Bière belge Rince Cochon Blonde - 8.5%vol. - 33cl","p":1.98,"u":"6,00 €/L","img":"https://fd9-photos.leclercdrive.fr/image.ashx?id=2694695&use=l&cat=p&typeid=i","cat":334872},{"id":29927,"n":"Bière belge Rince Cochon Blonde - 8.5%vol. - 75cl","p":3.27,"u":"4,36 €/L","img":"https://fd9-photos.leclercdrive.fr/image.ashx?id=1741463&use=l&cat=p&typeid=i","cat":334872},{"id":29961,"n":"AOC Buzet rouge L'Excellence - 75cl","p":4.6,"u":"6,13 €/L","img":"https://fd9-photos.leclercdrive.fr/image.ashx?id=2831891&use=l&cat=p&typeid=i","cat":289556},{"id":29962,"n":"IGP Côtes de Gascogne Vin Blanc Moelleux 11,5% vol - 75cl","p":6.48,"u":"8,64 €/L","img":"https://fd9-photos.leclercdrive.fr/image.ashx?id=2243347&use=l&cat=p&typeid=i","cat":289557},{"id":29979,"n":"Paupiette de veau Marie  Jardinière de légumes - 300g","p":3.73,"u":"12,43 €/KG","img":"https://fd9-photos.leclercdrive.fr/image.ashx?id=2317420&use=l&cat=p&typeid=i","cat":333665},{"id":30029,"n":"Poêlée champignons Notre Jardin Forestière - 400g","p":4.66,"u":"11,65 €/KG","img":"https://fd9-photos.leclercdrive.fr/image.ashx?id=2771372&use=l&cat=p&typeid=i","cat":319823},{"id":30030,"n":"Cornichons Kühne Aigre doux Petit croquant 185g","p":2.38,"u":"12,86 €/KG","img":"https://fd9-photos.leclercdrive.fr/image.ashx?id=2551039&use=l&cat=p&typeid=i","cat":284458},{"id":30042,"n":"Lait frais demi-écrémé Délisse Bouteille - 1L","p":1.12,"u":"1,12 €/L","img":"https://fd9-photos.leclercdrive.fr/image.ashx?id=2163871&use=l&cat=p&typeid=i","cat":285609},{"id":30051,"n":"Mini gratins Côté Table Choux fleurs - x4 480g","p":3.19,"u":"6,65 €/KG","img":"https://fd9-photos.leclercdrive.fr/image.ashx?id=2029370&use=l&cat=p&typeid=i","cat":319802},{"id":30053,"n":"Nuggets de poulet Pic'Express x18 400g","p":4.15,"u":"10,38 €/KG","img":"https://fd9-photos.leclercdrive.fr/image.ashx?id=2823747&use=l&cat=p&typeid=i","cat":319780},{"id":30054,"n":"Matière grasse doux 58% MG Bio Bio village - 250g","p":1.92,"u":"7,68 €/KG","img":"https://fd9-photos.leclercdrive.fr/image.ashx?id=2294348&use=l&cat=p&typeid=i","cat":315229},{"id":30055,"n":"Légumes pour potage Bio Bio Village - 600g","p":1.99,"u":"3,32 €/KG","img":"https://fd9-photos.leclercdrive.fr/image.ashx?id=2891818&use=l&cat=p&typeid=i","cat":319805},{"id":30056,"n":"Ratatouille Bio Bio Village Cuisinée - 600g","p":3.49,"u":"5,82 €/KG","img":"https://fd9-photos.leclercdrive.fr/image.ashx?id=2891821&use=l&cat=p&typeid=i","cat":319823},{"id":30059,"n":"Trio de fleurette Notre Jardin 1kg","p":2.48,"u":"2,48 €/KG","img":"https://fd9-photos.leclercdrive.fr/image.ashx?id=2873135&use=l&cat=p&typeid=i","cat":319805},{"id":30069,"n":"Roux minute Maïzena Béchamel - 250g","p":1.93,"u":"7,72 €/KG","img":"https://fd9-photos.leclercdrive.fr/image.ashx?id=2769603&use=l&cat=p&typeid=i","cat":288382},{"id":30084,"n":"Bacon Saint Azay 100g","p":1.61,"u":"16,10 €/KG","img":"https://fd9-photos.leclercdrive.fr/image.ashx?id=2059181&use=l&cat=p&typeid=i","cat":316007},{"id":30089,"n":"Blanc de poulet Tradilège 6 tranches - 180g","p":1.51,"u":"8,39 €/KG","img":"https://fd9-photos.leclercdrive.fr/image.ashx?id=2943677&use=l&cat=p&typeid=i","cat":316010},{"id":30093,"n":"Jambon supérieur Tradilège -25% de sel - Découenné x2-80g","p":1.69,"u":"21,13 €/KG","img":"https://fd9-photos.leclercdrive.fr/image.ashx?id=2991515&use=l&cat=p&typeid=i","cat":316009},{"id":30105,"n":"Rillettes du Mans Tradilège 110g","p":1.38,"u":"12,55 €/KG","img":"https://fd9-photos.leclercdrive.fr/image.ashx?id=2059435&use=l&cat=p&typeid=i","cat":316008},{"id":30110,"n":"Pommes de terre NRT à la Sarladaise - 600g","p":2.99,"u":"4,98 €/KG","img":"https://fd9-photos.leclercdrive.fr/image.ashx?id=1946120&use=l&cat=p&typeid=i","cat":319823},{"id":30117,"n":"Sacs poubelle 50L Alfapac Coulissant végétal - x10","p":2.86,"img":"https://fd9-photos.leclercdrive.fr/image.ashx?id=2732362&use=l&cat=p&typeid=i","cat":285168},{"id":30124,"n":"Soupe Régal Soupe Tomate et vermicelles - 1L","p":1.8,"u":"1,80 €/L","img":"https://fd9-photos.leclercdrive.fr/image.ashx?id=2607518&use=l&cat=p&typeid=i","cat":284462},{"id":30128,"n":"Céréales Chocapic Nestlé Chocolat - 1kg","p":5.41,"u":"5,41 €/KG","img":"https://fd9-photos.leclercdrive.fr/image.ashx?id=2977729&use=l&cat=p&typeid=i","cat":309513},{"id":30144,"n":"Croquettes chiens adulte Ultima Medium/maxi - poulet 7.5kg","p":21.88,"u":"2,92 €/KG","img":"https://fd9-photos.leclercdrive.fr/image.ashx?id=2872033&use=l&cat=p&typeid=i","cat":284672},{"id":30145,"n":"Croquettes chiens Ultima Allégées - 7.5kg","p":21.88,"u":"2,92 €/KG","img":"https://fd9-photos.leclercdrive.fr/image.ashx?id=2328175&use=l&cat=p&typeid=i","cat":284672},{"id":30150,"n":"Eau aromatisée Volvic Juicy Agrumes -1,5L","p":1.4,"u":"0,93 €/L","img":"https://fd9-photos.leclercdrive.fr/image.ashx?id=2961987&use=l&cat=p&typeid=i","cat":284537},{"id":30185,"n":"Haché moelleux oignon Férial x10 - 1kg","p":7.49,"u":"7,49 €/KG","img":"https://fd9-photos.leclercdrive.fr/image.ashx?id=2704517&use=l&cat=p&typeid=i","cat":319778},{"id":30186,"n":"Haché moelleux Férial x10 - 1kg","p":9.73,"u":"9,73 €/KG","img":"https://fd9-photos.leclercdrive.fr/image.ashx?id=2966514&use=l&cat=p&typeid=i","cat":319778},{"id":30188,"n":"Steak haché bio - Bio Village  15%mg x4 - 400g","p":8.25,"u":"20,63 €/KG","img":"https://fd9-photos.leclercdrive.fr/image.ashx?id=2840422&use=l&cat=p&typeid=i","cat":319778},{"id":30189,"n":"Tortillas chips Tokapi Chili - 150g","p":0.99,"u":"6,60 €/KG","img":"https://fd9-photos.leclercdrive.fr/image.ashx?id=2647958&use=l&cat=p&typeid=i","cat":287899},{"id":30212,"n":"Soufflés l'Original Curly Cacahuète - 100g","p":0.85,"u":"8,50 €/KG","img":"https://fd9-photos.leclercdrive.fr/image.ashx?id=2693635&use=l&cat=p&typeid=i","cat":284449},{"id":30213,"n":"Soufflés l'Original Curly Cacahuète - 2x100g","p":1.72,"u":"8,60 €/KG","img":"https://fd9-photos.leclercdrive.fr/image.ashx?id=2962887&use=l&cat=p&typeid=i","cat":284449},{"id":30235,"n":"Bonbons Tic Tac  Menthe x100 - 49g","p":1.6,"u":"32,65 €/KG","img":"https://fd9-photos.leclercdrive.fr/image.ashx?id=2729470&use=l&cat=p&typeid=i","cat":304256},{"id":30256,"n":"Pâte à tartiner Nutella 825g","p":5.77,"u":"6,99 €/KG","img":"https://fd9-photos.leclercdrive.fr/image.ashx?id=2961813&use=l&cat=p&typeid=i","cat":284481},{"id":30257,"n":"Cassoulet La Belle Chaurienne Au canard 420g","p":3.14,"u":"7,48 €/KG","img":"https://fd9-photos.leclercdrive.fr/image.ashx?id=2831912&use=l&cat=p&typeid=i","cat":284440},{"id":30272,"n":"IGP Pays d'Oc rouge Merlot Les Ormes de Cambras 12.5% BIB 5L","p":15.5,"u":"3,10 €/L","img":"https://fd9-photos.leclercdrive.fr/image.ashx?id=2443871&use=l&cat=p&typeid=i","cat":289560},{"id":30273,"n":"IGP Pays d'OC rouge Les Ormes De Cambras Sauvignon 12% BIB 5L","p":15.5,"u":"3,10 €/L","img":"https://fd9-photos.leclercdrive.fr/image.ashx?id=2445115&use=l&cat=p&typeid=i","cat":289560},{"id":30349,"n":"Nettoyant écologique Uni Vert Salle de bain - 750ml","p":2.06,"u":"2,75 €/L","img":"https://fd9-photos.leclercdrive.fr/image.ashx?id=2059089&use=l&cat=p&typeid=i","cat":325357},{"id":30360,"n":"Bonbons Tic Tac 100 pastilles citron vert et orange - 49g","p":1.6,"u":"32,65 €/KG","img":"https://fd9-photos.leclercdrive.fr/image.ashx?id=2736280&use=l&cat=p&typeid=i","cat":304256},{"id":30362,"n":"Fleur de maïs Maïzena 400g","p":1.39,"u":"3,48 €/KG","img":"https://fd9-photos.leclercdrive.fr/image.ashx?id=2312770&use=l&cat=p&typeid=i","cat":288382},{"id":30365,"n":"Arôme vanille Sainte Lucie Flacon 250ml","p":3.34,"u":"13,36 €/L","img":"https://fd9-photos.leclercdrive.fr/image.ashx?id=2774367&use=l&cat=p&typeid=i","cat":284504},{"id":30372,"n":"Fleur de Maïs Maïzena Sans Gluten Format Famille 700g","p":2.47,"u":"3,53 €/KG","img":"https://fd9-photos.leclercdrive.fr/image.ashx?id=2773907&use=l&cat=p&typeid=i","cat":288382},{"id":30377,"n":"Levure chimique Sainte Lucie Sachet x5 50g","p":0.53,"u":"10,60 €/KG","img":"https://fd9-photos.leclercdrive.fr/image.ashx?id=2775089&use=l&cat=p&typeid=i","cat":294686},{"id":30379,"n":"Fixateur chantilly Sainte Lucie Sachet x5 15g","p":1.37,"u":"91,33 €/KG","img":"https://fd9-photos.leclercdrive.fr/image.ashx?id=2513313&use=l&cat=p&typeid=i","cat":284504},{"id":30386,"n":"Crème dessert Mont Blanc Boîte Praliné - 570g","p":2.33,"u":"4,09 €/KG","img":"https://fd9-photos.leclercdrive.fr/image.ashx?id=3011596&use=l&cat=p&typeid=i","cat":284506},{"id":30398,"n":"Noix ambrées Sainte Lucie Cerneaux - 50g","p":1.78,"u":"35,60 €/KG","img":"https://fd9-photos.leclercdrive.fr/image.ashx?id=2775104&use=l&cat=p&typeid=i","cat":323809},{"id":30407,"n":"Dés de fromage salade Boursin Ail & fines herbes -120g","p":2.33,"u":"19,42 €/KG","img":"https://fd9-photos.leclercdrive.fr/image.ashx?id=2864366&use=l&cat=p&typeid=i","cat":314027},{"id":30410,"n":"Lasagnes bolognaise Marie 300g","p":3.19,"u":"10,63 €/KG","img":"https://fd9-photos.leclercdrive.fr/image.ashx?id=2800339&use=l&cat=p&typeid=i","cat":333665},{"id":30415,"n":"IGP Pays d'Oc rouge J-P Chenet Cabernet Syrah 13% vol - BIB 3L","p":10.2,"u":"3,40 €/L","img":"https://fd9-photos.leclercdrive.fr/image.ashx?id=2837451&use=l&cat=p&typeid=i","cat":289560},{"id":30420,"n":"Pizza Cuite sur pierre Turini Royale familiale - 570g","p":2.84,"u":"4,98 €/KG","img":"https://fd9-photos.leclercdrive.fr/image.ashx?id=2815241&use=l&cat=p&typeid=i","cat":284256},{"id":30477,"n":"Chocolat Pâtissier Nestlé Dessert : Praliné - 170g","p":3.04,"u":"17,88 €/KG","img":"https://fd9-photos.leclercdrive.fr/image.ashx?id=2895637&use=l&cat=p&typeid=i","cat":285562},{"id":30520,"n":"Fromage apéritif BoursinFromage Ail et fines herbes 20 roulés","p":3.47,"u":"34,70 €/KG","img":"https://fd9-photos.leclercdrive.fr/image.ashx?id=2918589&use=l&cat=p&typeid=i","cat":314027},{"id":30570,"n":"Sauce Tube Ail Oignons Panzani Panzani - 180G","p":1.15,"u":"6,39 €/KG","img":"https://fd9-photos.leclercdrive.fr/image.ashx?id=3004804&use=l&cat=p&typeid=i","cat":288384},{"id":30572,"n":"Pur jus de pomme Jafaden 1L","p":2.15,"u":"2,15 €/L","img":"https://fd9-photos.leclercdrive.fr/image.ashx?id=2403691&use=l&cat=p&typeid=i","cat":285435},{"id":30573,"n":"Edulcorant sucralose Canderel Briquet x300","p":2.97,"u":"95,81 €/KG","img":"https://fd9-photos.leclercdrive.fr/image.ashx?id=2811014&use=l&cat=p&typeid=i","cat":324846},{"id":30575,"n":"Happy' Box Haribo Boîte bonbons - 600g","p":4.14,"u":"6,90 €/KG","img":"https://fd9-photos.leclercdrive.fr/image.ashx?id=2802353&use=l&cat=p&typeid=i","cat":304250},{"id":30576,"n":"Zanzigliss Haribo Sachet bonbons réglisse - 300g","p":1.43,"u":"4,77 €/KG","img":"https://fd9-photos.leclercdrive.fr/image.ashx?id=2802347&use=l&cat=p&typeid=i","cat":304250},{"id":30577,"n":"Les Schtroumpfs Pik Haribo Sachet bonbons acidulés - 275g","p":1.53,"u":"5,56 €/KG","img":"https://fd9-photos.leclercdrive.fr/image.ashx?id=2984898&use=l&cat=p&typeid=i","cat":304250},{"id":30578,"n":"Bonbons LUTTI Scoubidou Doux Fruits - 200g","p":1.27,"u":"6,35 €/KG","img":"https://fd9-photos.leclercdrive.fr/image.ashx?id=2817434&use=l&cat=p&typeid=i","cat":304250},{"id":30582,"n":"Petit pot de crème Délisse Vanille - 8x100g","p":3.42,"u":"4,28 €/KG","img":"https://fd9-photos.leclercdrive.fr/image.ashx?id=2544976&use=l&cat=p&typeid=i","cat":285041},{"id":30592,"n":"Fromage blanc Délisse Sucré 3% MG - 8x100g","p":2.29,"u":"2,86 €/KG","img":"https://fd9-photos.leclercdrive.fr/image.ashx?id=3012833&use=l&cat=p&typeid=i","cat":284409},{"id":30598,"n":"Actifidus Délisse Vanille - 4x125g","p":1.25,"u":"2,50 €/KG","img":"https://fd9-photos.leclercdrive.fr/image.ashx?id=2713649&use=l&cat=p&typeid=i","cat":315000},{"id":30607,"n":"Soupe liquide Liebig  Potiron et kiri - Brique 1L","p":2.62,"u":"2,62 €/L","img":"https://fd9-photos.leclercdrive.fr/image.ashx?id=2892130&use=l&cat=p&typeid=i","cat":284462},{"id":30619,"n":"Jambon cru Aoste Quart Tranché  sans conservateur -  x18 - 220g","p":5.37,"u":"24,41 €/KG","img":"https://fd9-photos.leclercdrive.fr/image.ashx?id=2948057&use=l&cat=p&typeid=i","cat":316007},{"id":30640,"n":"Lapin chasseur Côté Table 280g","p":2.2,"u":"7,86 €/KG","img":"https://fd9-photos.leclercdrive.fr/image.ashx?id=2393866&use=l&cat=p&typeid=i","cat":284953},{"id":30641,"n":"Son d'avoine bio Bio Village 500g","p":2.69,"u":"5,38 €/KG","img":"https://fd9-photos.leclercdrive.fr/image.ashx?id=2228286&use=l&cat=p&typeid=i","cat":309512},{"id":30646,"n":"Salade Notre Jardin Feuille de chêne - 125g","p":0.95,"u":"7,60 €/KG","img":"https://fd9-photos.leclercdrive.fr/image.ashx?id=2081328&use=l&cat=p&typeid=i","cat":284353},{"id":30652,"n":"Purée pommes de terre Florette 2x200g","p":2.47,"u":"6,18 €/KG","img":"https://fd9-photos.leclercdrive.fr/image.ashx?id=2767678&use=l&cat=p&typeid=i","cat":333665},{"id":30653,"n":"Purée de carottes Florette 2x200g","p":2.47,"u":"6,18 €/KG","img":"https://fd9-photos.leclercdrive.fr/image.ashx?id=2790003&use=l&cat=p&typeid=i","cat":333665},{"id":30659,"n":"Crème teintée 6en1 SPF10 Nivea BB Crème Hydratante Clair 50ml","p":5.07,"u":"101,40 €/L","img":"https://fd9-photos.leclercdrive.fr/image.ashx?id=2836073&use=l&cat=p&typeid=i","cat":325345},{"id":30685,"n":"Liquide vaisselle Palmolive Original  amande - 750ml","p":1.43,"u":"1,91 €/L","img":"https://fd9-photos.leclercdrive.fr/image.ashx?id=2690147&use=l&cat=p&typeid=i","cat":284655},{"id":30697,"n":"Savon d'alep Manava 200g","p":3.99,"u":"19,95 €/KG","img":"https://fd9-photos.leclercdrive.fr/image.ashx?id=1952895&use=l&cat=p&typeid=i","cat":284597},{"id":30739,"n":"Tablette lave-vaisselle Univert Tout en 1 x30 - 480g","p":4.39,"u":"9,15 €/KG","img":"https://fd9-photos.leclercdrive.fr/image.ashx?id=2193758&use=l&cat=p&typeid=i","cat":284656},{"id":30758,"n":"Eau de javel La Croix Précise Désinfectant fraîch - 750ml","p":1.34,"u":"1,79 €/L","img":"https://fd9-photos.leclercdrive.fr/image.ashx?id=2512327&use=l&cat=p&typeid=i","cat":284661},{"id":30768,"n":"Gel douche Manava Pétales d'Orient 100ml","p":0.8,"u":"8,00 €/L","img":"https://fd9-photos.leclercdrive.fr/image.ashx?id=1669982&use=l&cat=p&typeid=i","cat":284594},{"id":30780,"n":"Sacs poubelle 30L Eco+ x20","p":0.57,"u":"0,03 €/P","img":"https://fd9-photos.leclercdrive.fr/image.ashx?id=1979356&use=l&cat=p&typeid=i","cat":285168},{"id":30781,"n":"Sacs poubelle 50L Eco+ x10","p":0.41,"u":"0,04 €/P","img":"https://fd9-photos.leclercdrive.fr/image.ashx?id=1904756&use=l&cat=p&typeid=i","cat":285168},{"id":30791,"n":"Mouchoirs blancs 2 plis Eco+ Boîte mouchoirs en papier- x150","p":0.62,"img":"https://fd9-photos.leclercdrive.fr/image.ashx?id=2897751&use=l&cat=p&typeid=i","cat":284638},{"id":30808,"n":"Coton-tiges Eco+ Tige papier x200 bâtonnets","p":0.34,"img":"https://fd9-photos.leclercdrive.fr/image.ashx?id=2940893&use=l&cat=p&typeid=i","cat":284636},{"id":30815,"n":"Dissolvant Eco+ 250ml","p":1.33,"u":"5,32 €/L","img":"https://fd9-photos.leclercdrive.fr/image.ashx?id=1873934&use=l&cat=p&typeid=i","cat":325347},{"id":30816,"n":"Film étirable Eco+ 50m","p":0.95,"img":"https://fd9-photos.leclercdrive.fr/image.ashx?id=2048995&use=l&cat=p&typeid=i","cat":334134},{"id":30821,"n":"Recharge Sense & Spray Glade Bois de Santal & Jasmin 18ml","p":3.49,"img":"https://fd9-photos.leclercdrive.fr/image.ashx?id=1621027&use=l&cat=p&typeid=i","cat":311629},{"id":30830,"n":"Feuilles dessin Esquisse Blanches 24x32cm 180g x12","p":1.89,"img":"https://fd9-photos.leclercdrive.fr/image.ashx?id=2943178&use=l&cat=p&typeid=i","cat":284697},{"id":30850,"n":"Blanquette veau Côté Table Champignons 285g","p":2.2,"u":"7,72 €/KG","img":"https://fd9-photos.leclercdrive.fr/image.ashx?id=2064822&use=l&cat=p&typeid=i","cat":284953},{"id":30851,"n":"Cuisse Dinde Label Rouge x 1  IGP Volailles du Maine  - 750g","p":6.58,"u":"8,77 €/KG","img":"https://fd9-photos.leclercdrive.fr/image.ashx?id=2250570&use=l&cat=p&typeid=i","cat":284337},{"id":30863,"n":"Feutres pour ardoise Esquisse A sec - x4","p":1.75,"u":"0,44 €/P","img":"https://fd9-photos.leclercdrive.fr/image.ashx?id=2943190&use=l&cat=p&typeid=i","cat":334133},{"id":30882,"n":"Bloc de fromage Leerdammer L'Original - 250g","p":3.23,"u":"12,92 €/KG","img":"https://fd9-photos.leclercdrive.fr/image.ashx?id=2146096&use=l&cat=p&typeid=i","cat":314034},{"id":30910,"n":"Pain façon campagnard Chaque Jour Sans Gluten - 400g","p":4.0,"u":"10,00 €/KG","img":"https://fd9-photos.leclercdrive.fr/image.ashx?id=2710795&use=l&cat=p&typeid=i","cat":325069},{"id":30916,"n":"Ciboulette Sainte Lucie Tubulaire - 5g","p":1.59,"u":"318,00 €/KG","img":"https://fd9-photos.leclercdrive.fr/image.ashx?id=2974336&use=l&cat=p&typeid=i","cat":298297},{"id":30917,"n":"Pâtes Escalope volaille Marie Crème champignons - 900g","p":4.96,"u":"5,51 €/KG","img":"https://fd9-photos.leclercdrive.fr/image.ashx?id=2996794&use=l&cat=p&typeid=i","cat":284254},{"id":30929,"n":"Tortillas chips Tables du Monde Nature - 200g","p":1.15,"u":"5,75 €/KG","img":"https://fd9-photos.leclercdrive.fr/image.ashx?id=2655695&use=l&cat=p&typeid=i","cat":288993},{"id":30932,"n":"Biscuits déli matin P'tit Déli  Chocolat allégé- 300g","p":1.88,"u":"6,27 €/KG","img":"https://fd9-photos.leclercdrive.fr/image.ashx?id=3001202&use=l&cat=p&typeid=i","cat":284491},{"id":30933,"n":"Biscuit chocolat noir Gerblé Sans Sucres Ajoutés - 126g","p":1.87,"u":"14,84 €/KG","img":"https://fd9-photos.leclercdrive.fr/image.ashx?id=2662799&use=l&cat=p&typeid=i","cat":318653},{"id":30947,"n":"Pâtes Collezione Barilla Tagliatelle - 500g","p":1.5,"u":"3,00 €/KG","img":"https://fd9-photos.leclercdrive.fr/image.ashx?id=2654119&use=l&cat=p&typeid=i","cat":284427},{"id":30951,"n":"Chocolat au lait Tablette d'Or Coeur de lait - 2x100g","p":1.95,"u":"9,75 €/KG","img":"https://fd9-photos.leclercdrive.fr/image.ashx?id=3010575&use=l&cat=p&typeid=i","cat":284497},{"id":30953,"n":"Couscous Grain Moyen Ferrero  - 500g","p":1.25,"u":"2,50 €/KG","img":"https://fd9-photos.leclercdrive.fr/image.ashx?id=2886777&use=l&cat=p&typeid=i","cat":284429},{"id":30969,"n":"Glace Cône Nestlé Extrême Sorbet fruits rouges x6 - 426g","p":3.86,"u":"9,06 €/KG","img":"https://fd9-photos.leclercdrive.fr/image.ashx?id=2729845&use=l&cat=p&typeid=i","cat":284264},{"id":30976,"n":"Matière grasse Bridelight Demi-sel - 15% MG - 250g","p":2.08,"u":"8,32 €/KG","img":"https://fd9-photos.leclercdrive.fr/image.ashx?id=2643890&use=l&cat=p&typeid=i","cat":284379},{"id":30983,"n":"Filets de limande Pêche Océan Meunière - MSC - 400g","p":6.85,"u":"17,13 €/KG","img":"https://fd9-photos.leclercdrive.fr/image.ashx?id=2178662&use=l&cat=p&typeid=i","cat":319788},{"id":31002,"n":"Petit salé aux lentilles  William Saurin - 840g","p":6.01,"u":"7,15 €/KG","img":"https://fd9-photos.leclercdrive.fr/image.ashx?id=2904095&use=l&cat=p&typeid=i","cat":284441},{"id":31019,"n":"Feuilles de lasagne Turini 350g","p":2.69,"u":"7,69 €/KG","img":"https://fd9-photos.leclercdrive.fr/image.ashx?id=2617371&use=l&cat=p&typeid=i","cat":333682},{"id":31022,"n":"Gnocchi à poêler Turini 500g","p":1.42,"u":"2,84 €/KG","img":"https://fd9-photos.leclercdrive.fr/image.ashx?id=2254532&use=l&cat=p&typeid=i","cat":333682},{"id":31023,"n":"Ravioli Ricotta épinards Bio  Bio village - 250g","p":2.99,"u":"11,96 €/KG","img":"https://fd9-photos.leclercdrive.fr/image.ashx?id=647425&use=l&cat=p&typeid=i","cat":333682},{"id":31029,"n":"Escalope Cordon Bleu Père Dodu  Dinde - Comté x2 - 200g","p":2.39,"u":"11,95 €/KG","img":"https://fd9-photos.leclercdrive.fr/image.ashx?id=2957179&use=l&cat=p&typeid=i","cat":333683},{"id":31035,"n":"Chips La classique Vico Nature - 135g","p":1.21,"u":"8,96 €/KG","img":"https://fd9-photos.leclercdrive.fr/image.ashx?id=2917801&use=l&cat=p&typeid=i","cat":284447},{"id":31044,"n":"Haricots verts Notre Jardin Extra fins - 5 Fagots - 220g","p":2.15,"u":"9,77 €/KG","img":"https://fd9-photos.leclercdrive.fr/image.ashx?id=788822&use=l&cat=p&typeid=i","cat":312606},{"id":31046,"n":"Assortiment crackers Tokapi Emmental - 100g","p":0.64,"u":"6,40 €/KG","img":"https://fd9-photos.leclercdrive.fr/image.ashx?id=2034386&use=l&cat=p&typeid=i","cat":297000},{"id":31050,"n":"Biscuits pavot citron GERBLE  - 4x4  200g","p":1.44,"u":"7,20 €/KG","img":"https://fd9-photos.leclercdrive.fr/image.ashx?id=2967001&use=l&cat=p&typeid=i","cat":318651},{"id":31052,"n":"Biscuits figue et son GERBLE   - 5x5, 210g","p":1.26,"u":"6,00 €/KG","img":"https://fd9-photos.leclercdrive.fr/image.ashx?id=2662319&use=l&cat=p&typeid=i","cat":318651},{"id":31054,"n":"Bouillon Cube Maggi Vollaile - x12 cubes - 120g","p":1.54,"u":"12,83 €/KG","img":"https://fd9-photos.leclercdrive.fr/image.ashx?id=2736982&use=l&cat=p&typeid=i","cat":288379},{"id":31058,"n":"Pâtes Barilla Capellini n°1 - 500g","p":0.97,"u":"1,94 €/KG","img":"https://fd9-photos.leclercdrive.fr/image.ashx?id=2392194&use=l&cat=p&typeid=i","cat":284427},{"id":31059,"n":"Pâtes Cheveux d'ange Panzani 1kg","p":2.01,"u":"2,01 €/KG","img":"https://fd9-photos.leclercdrive.fr/image.ashx?id=2896075&use=l&cat=p&typeid=i","cat":284427},{"id":31068,"n":"Chocolat Pâtissier Tablette dOr Lait - 170g","p":1.99,"u":"11,71 €/KG","img":"https://fd9-photos.leclercdrive.fr/image.ashx?id=2074903&use=l&cat=p&typeid=i","cat":285562},{"id":31069,"n":"Chocolat Pâtissier Tablette dOr Chocolat Blanc - 180g","p":2.03,"u":"11,28 €/KG","img":"https://fd9-photos.leclercdrive.fr/image.ashx?id=2109939&use=l&cat=p&typeid=i","cat":285562},{"id":31084,"n":"Crackers Tokapi Sésame et pavot - 100g","p":0.69,"u":"6,90 €/KG","img":"https://fd9-photos.leclercdrive.fr/image.ashx?id=1921880&use=l&cat=p&typeid=i","cat":297000},{"id":31086,"n":"Capsules Nescafé Dolce Gusto  Lungo Décaféiné - x16","p":4.57,"u":"40,80 €/KG","img":"https://fd9-photos.leclercdrive.fr/image.ashx?id=2836676&use=l&cat=p&typeid=i","cat":293239},{"id":31088,"n":"Coeurs d'artichaut Notre Jardin 245g","p":3.49,"u":"14,24 €/KG","img":"https://fd9-photos.leclercdrive.fr/image.ashx?id=2040299&use=l&cat=p&typeid=i","cat":312611},{"id":31095,"n":"Filets maquereaux Pêche Océan Citron olives - 176g","p":1.78,"u":"10,11 €/KG","img":"https://fd9-photos.leclercdrive.fr/image.ashx?id=2515679&use=l&cat=p&typeid=i","cat":303868},{"id":31097,"n":"Feuilletés Tokapi Emmental - 85g","p":0.98,"u":"11,53 €/KG","img":"https://fd9-photos.leclercdrive.fr/image.ashx?id=1884022&use=l&cat=p&typeid=i","cat":297000},{"id":31098,"n":"Capsules Nescafé Dolce Gusto  Café au Lait - x16","p":4.71,"u":"29,44 €/KG","img":"https://fd9-photos.leclercdrive.fr/image.ashx?id=2946637&use=l&cat=p&typeid=i","cat":293239},{"id":31105,"n":"Gaufrettes P'tit Déli Praliné noisette x15 110g","p":0.87,"u":"7,91 €/KG","img":"https://fd9-photos.leclercdrive.fr/image.ashx?id=2418245&use=l&cat=p&typeid=i","cat":284488},{"id":31109,"n":"Gaufrettes P'tit Déli Framboise 160g","p":1.47,"u":"9,19 €/KG","img":"https://fd9-photos.leclercdrive.fr/image.ashx?id=2915290&use=l&cat=p&typeid=i","cat":284489},{"id":31113,"n":"Haricots rouges Notre Jardin 500g","p":1.37,"u":"2,74 €/KG","img":"https://fd9-photos.leclercdrive.fr/image.ashx?id=2448980&use=l&cat=p&typeid=i","cat":312606},{"id":31116,"n":"Pâtes bio Jardin Bio' Tire-bouchon semi-complet  500g","p":1.89,"u":"3,78 €/KG","img":"https://fd9-photos.leclercdrive.fr/image.ashx?id=2961116&use=l&cat=p&typeid=i","cat":284427},{"id":31119,"n":"Tartelettes P'tit Déli Chocolat noisettes - 150g","p":1.29,"u":"8,60 €/KG","img":"https://fd9-photos.leclercdrive.fr/image.ashx?id=2345556&use=l&cat=p&typeid=i","cat":284488},{"id":31132,"n":"Tartine croustillante Epi d'Or Céréales - 250g","p":1.41,"u":"5,64 €/KG","img":"https://fd9-photos.leclercdrive.fr/image.ashx?id=2535256&use=l&cat=p&typeid=i","cat":284479},{"id":31135,"n":"Terrine de lapin Côté Table A la moutarde - 180g","p":2.49,"u":"13,83 €/KG","img":"https://fd9-photos.leclercdrive.fr/image.ashx?id=2476125&use=l&cat=p&typeid=i","cat":305149},{"id":31136,"n":"Pâtes Torti Panzani 3 Minutes - 1Kg","p":2.2,"u":"2,20 €/KG","img":"https://fd9-photos.leclercdrive.fr/image.ashx?id=2896099&use=l&cat=p&typeid=i","cat":284427},{"id":31139,"n":"Tortillas chips Tables du Monde Chili - 200g","p":1.39,"u":"6,95 €/KG","img":"https://fd9-photos.leclercdrive.fr/image.ashx?id=2661544&use=l&cat=p&typeid=i","cat":288993},{"id":31143,"n":"Lait concentré sucré Délisse 397g","p":1.35,"u":"3,40 €/KG","img":"https://fd9-photos.leclercdrive.fr/image.ashx?id=2576588&use=l&cat=p&typeid=i","cat":299162},{"id":31156,"n":"Café Soluble Nescafé x25 - 50g","p":2.04,"u":"40,80 €/KG","img":"https://fd9-photos.leclercdrive.fr/image.ashx?id=2485131&use=l&cat=p&typeid=i","cat":284843},{"id":31166,"n":"Pousses d'haricots  Bio Village Haricots Mungo Bio - 175g","p":1.34,"u":"7,66 €/KG","img":"https://fd9-photos.leclercdrive.fr/image.ashx?id=2302979&use=l&cat=p&typeid=i","cat":312611},{"id":31174,"n":"Pâtes penne rigate Panzani 1kg","p":1.95,"u":"1,95 €/KG","img":"https://fd9-photos.leclercdrive.fr/image.ashx?id=2876020&use=l&cat=p&typeid=i","cat":284427},{"id":31177,"n":"Miettes de thon Saupiquet Tomate - 160g","p":1.75,"u":"10,94 €/KG","img":"https://fd9-photos.leclercdrive.fr/image.ashx?id=2402868&use=l&cat=p&typeid=i","cat":303867},{"id":31178,"n":"Pois apéritif Tanoshi wasabi - sachet 100g","p":1.49,"u":"14,90 €/KG","img":"https://fd9-photos.leclercdrive.fr/image.ashx?id=2928522&use=l&cat=p&typeid=i","cat":288992},{"id":31183,"n":"Pain campagnard Schar 240g","p":3.43,"u":"14,29 €/KG","img":"https://fd9-photos.leclercdrive.fr/image.ashx?id=2267978&use=l&cat=p&typeid=i","cat":325069},{"id":31191,"n":"Riz sushi Tanoshi 450g","p":3.15,"u":"7,00 €/KG","img":"https://fd9-photos.leclercdrive.fr/image.ashx?id=2955788&use=l&cat=p&typeid=i","cat":288992},{"id":31193,"n":"Biscuit apéritif ancel Bretzels Sticks - 200g","p":0.94,"u":"4,70 €/KG","img":"https://fd9-photos.leclercdrive.fr/image.ashx?id=2895178&use=l&cat=p&typeid=i","cat":297000},{"id":31200,"n":"AOP Bordeaux rouge Baron de Lestac - BIB 3L","p":13.72,"u":"4,57 €/L","img":"https://fd9-photos.leclercdrive.fr/image.ashx?id=2420910&use=l&cat=p&typeid=i","cat":289560},{"id":31211,"n":"Grana Padano AOP Casa Azzurra Râpé -  100g","p":1.89,"u":"18,90 €/KG","img":"https://fd9-photos.leclercdrive.fr/image.ashx?id=2284730&use=l&cat=p&typeid=i","cat":314035},{"id":31223,"n":"Bain Dissolvant Inell Bain sans acétone - 75ml","p":3.99,"u":"53,20 €/L","img":"https://fd9-photos.leclercdrive.fr/image.ashx?id=2244820&use=l&cat=p&typeid=i","cat":325347},{"id":31265,"n":"Friandises chats Félix Original  Party mix - 60g","p":1.34,"u":"22,33 €/KG","img":"https://fd9-photos.leclercdrive.fr/image.ashx?id=2683346&use=l&cat=p&typeid=i","cat":285285},{"id":31266,"n":"Friandises chats Félix Grillade - 60g","p":1.09,"u":"18,17 €/KG","img":"https://fd9-photos.leclercdrive.fr/image.ashx?id=2336614&use=l&cat=p&typeid=i","cat":285285},{"id":31289,"n":"Emmental râpé Entremont 3x70g","p":2.4,"u":"11,43 €/KG","img":"https://fd9-photos.leclercdrive.fr/image.ashx?id=2983150&use=l&cat=p&typeid=i","cat":314035},{"id":31298,"n":"Brique affinée Les Croisés 30%mg - 180g","p":2.59,"u":"14,39 €/KG","img":"https://fd9-photos.leclercdrive.fr/image.ashx?id=2913675&use=l&cat=p&typeid=i","cat":314033},{"id":31301,"n":"Steak haché Férial  15%mg - X10 - 1kg","p":11.9,"u":"11,90 €/KG","img":"https://fd9-photos.leclercdrive.fr/image.ashx?id=3004657&use=l&cat=p&typeid=i","cat":319778},{"id":31389,"n":"Menus gourmands Tous mes amis pour chatons - 12x100g","p":4.29,"u":"3,58 €/KG","img":"https://fd9-photos.leclercdrive.fr/image.ashx?id=2027595&use=l&cat=p&typeid=i","cat":285286},{"id":31408,"n":"Crème vanille tradition Jock 500g","p":2.37,"u":"4,74 €/KG","img":"https://fd9-photos.leclercdrive.fr/image.ashx?id=2967723&use=l&cat=p&typeid=i","cat":284505},{"id":31414,"n":"Pâtes Alpina Savoie Chanterelles Crozets - 400g","p":2.52,"u":"6,30 €/KG","img":"https://fd9-photos.leclercdrive.fr/image.ashx?id=2795063&use=l&cat=p&typeid=i","cat":284427},{"id":31416,"n":"Chocolat noir Villars 72% -100g","p":2.34,"u":"23,40 €/KG","img":"https://fd9-photos.leclercdrive.fr/image.ashx?id=2464270&use=l&cat=p&typeid=i","cat":284956},{"id":31441,"n":"Plat bébé Blédina 12 mois  Courgette riz veau - 2x200g","p":2.88,"u":"7,20 €/KG","img":"https://fd9-photos.leclercdrive.fr/image.ashx?id=2975074&use=l&cat=p&typeid=i","cat":312237},{"id":31447,"n":"Tablette Chocolat Lait Crunch Céréales Croustillantes 2x100g","p":2.7,"u":"13,50 €/KG","img":"https://fd9-photos.leclercdrive.fr/image.ashx?id=2899740&use=l&cat=p&typeid=i","cat":284497},{"id":31458,"n":"Moutarde de Dijon Rustica  Fine et forte - 160g","p":0.95,"u":"5,94 €/KG","img":"https://fd9-photos.leclercdrive.fr/image.ashx?id=2954367&use=l&cat=p&typeid=i","cat":288850},{"id":31640,"n":"Pain complet 300g","p":1.45,"u":"4,83 €/KG","img":"https://fd9-photos.leclercdrive.fr/image.ashx?id=2657166&use=l&cat=p&typeid=i","cat":284359},{"id":31641,"n":"Poulet basquaise Côté Table Riz 285g","p":1.81,"u":"6,35 €/KG","img":"https://fd9-photos.leclercdrive.fr/image.ashx?id=2188638&use=l&cat=p&typeid=i","cat":284953},{"id":31652,"n":"Beurre Tendre Elle&Vire Doux - 82% MG - 250g","p":2.92,"u":"11,68 €/KG","img":"https://fd9-photos.leclercdrive.fr/image.ashx?id=2574374&use=l&cat=p&typeid=i","cat":284379},{"id":31659,"n":"Sirop La Maison Guiot Cerise - 70cl","p":2.98,"u":"4,26 €/L","img":"https://fd9-photos.leclercdrive.fr/image.ashx?id=2857201&use=l&cat=p&typeid=i","cat":295020},{"id":31660,"n":"Sirop La Maison Guiot Fraise des bois - 70cl","p":3.41,"u":"4,87 €/L","img":"https://fd9-photos.leclercdrive.fr/image.ashx?id=2857207&use=l&cat=p&typeid=i","cat":295020},{"id":31661,"n":"Sirop La Maison Guiot Pêche blanche - 70cl","p":3.18,"u":"4,54 €/L","img":"https://fd9-photos.leclercdrive.fr/image.ashx?id=2857198&use=l&cat=p&typeid=i","cat":295020},{"id":31662,"n":"Sirop La Maison Guiot Mûre / Cassis - 70cl","p":3.32,"u":"4,74 €/L","img":"https://fd9-photos.leclercdrive.fr/image.ashx?id=2857186&use=l&cat=p&typeid=i","cat":295020},{"id":31680,"n":"Lingettes bébé Mots d'Enfants Ultra-douces - x24","p":1.25,"u":"0,05 €/P","img":"https://fd9-photos.leclercdrive.fr/image.ashx?id=2856501&use=l&cat=p&typeid=i","cat":284738},{"id":31682,"n":"Sachet repas chat Tous mes amis Viande en sauces - 4x100g","p":1.49,"u":"3,73 €/KG","img":"https://fd9-photos.leclercdrive.fr/image.ashx?id=2043005&use=l&cat=p&typeid=i","cat":285286},{"id":31709,"n":"Viande boeuf séchée Saint Azay 10 tranches - 80g","p":3.78,"u":"47,25 €/KG","img":"https://fd9-photos.leclercdrive.fr/image.ashx?id=2071366&use=l&cat=p&typeid=i","cat":316007},{"id":31714,"n":"Pur jus de pomme Bio Village Bio - 6x20cl","p":3.25,"u":"2,71 €/L","img":"https://fd9-photos.leclercdrive.fr/image.ashx?id=2077442&use=l&cat=p&typeid=i","cat":284524},{"id":31717,"n":"Parmigiano Reg AOP Casa Azzurra Râpé -  60g","p":1.45,"u":"24,17 €/KG","img":"https://fd9-photos.leclercdrive.fr/image.ashx?id=2261951&use=l&cat=p&typeid=i","cat":314035},{"id":31728,"n":"Jus de pomme Jafaden Nectar - 2L","p":2.15,"u":"1,08 €/L","img":"https://fd9-photos.leclercdrive.fr/image.ashx?id=2956077&use=l&cat=p&typeid=i","cat":284522},{"id":31729,"n":"Jus de pomme Jafaden A base de concentré - 1L","p":0.95,"u":"0,95 €/L","img":"https://fd9-photos.leclercdrive.fr/image.ashx?id=2550842&use=l&cat=p&typeid=i","cat":284522},{"id":31730,"n":"Pur jus de pomme Jafaden 1L","p":0.99,"u":"0,99 €/L","img":"https://fd9-photos.leclercdrive.fr/image.ashx?id=1936638&use=l&cat=p&typeid=i","cat":284522},{"id":31731,"n":"Thé glacé Fresh Tea Pêche - 1L","p":1.03,"u":"1,03 €/L","img":"https://fd9-photos.leclercdrive.fr/image.ashx?id=2622251&use=l&cat=p&typeid=i","cat":295019},{"id":31733,"n":"Pur jus multifruits Jafaden 1L","p":1.39,"u":"1,39 €/L","img":"https://fd9-photos.leclercdrive.fr/image.ashx?id=2890006&use=l&cat=p&typeid=i","cat":284917},{"id":31735,"n":"Nectar multifruits Jafaden 1L","p":1.75,"u":"1,75 €/L","img":"https://fd9-photos.leclercdrive.fr/image.ashx?id=2956089&use=l&cat=p&typeid=i","cat":284917},{"id":31736,"n":"Nectar Jafaden Goyave - 1L","p":2.08,"u":"2,08 €/L","img":"https://fd9-photos.leclercdrive.fr/image.ashx?id=2956095&use=l&cat=p&typeid=i","cat":284916},{"id":31737,"n":"Nectar Jafaden Passion - 1L","p":2.71,"u":"2,71 €/L","img":"https://fd9-photos.leclercdrive.fr/image.ashx?id=2959602&use=l&cat=p&typeid=i","cat":284916},{"id":31814,"n":"Confiture Cuite au chaudron Fraises Lucien Georgelin - 320g","p":1.92,"u":"6,00 €/KG","img":"https://fd9-photos.leclercdrive.fr/image.ashx?id=1638664&use=l&cat=p&typeid=i","cat":284480},{"id":31830,"n":"Sachet repas chat Tous mes amis Viande en sauce - 12x100g","p":3.65,"u":"3,04 €/KG","img":"https://fd9-photos.leclercdrive.fr/image.ashx?id=2677077&use=l&cat=p&typeid=i","cat":285286},{"id":31869,"n":"Crème épaisse AOP  Isigny Ste Mère 35%mg - 20cl","p":1.65,"u":"8,25 €/L","img":"https://fd9-photos.leclercdrive.fr/image.ashx?id=2711851&use=l&cat=p&typeid=i","cat":284381},{"id":31870,"n":"Crème épaisse AOP Isigny Ste Mère 35%mg - 50cl","p":3.51,"u":"7,02 €/L","img":"https://fd9-photos.leclercdrive.fr/image.ashx?id=2812753&use=l&cat=p&typeid=i","cat":284381},{"id":31899,"n":"Huile OPTIMA Tramier  1L","p":4.99,"u":"4,99 €/L","img":"https://fd9-photos.leclercdrive.fr/image.ashx?id=2680407&use=l&cat=p&typeid=i","cat":284453},{"id":31915,"n":"Mayonnaise à la moutarde de Dij  de Dijon Rustica - 235 g","p":1.25,"u":"5,32 €/KG","img":"https://fd9-photos.leclercdrive.fr/image.ashx?id=1026705&use=l&cat=p&typeid=i","cat":298295},{"id":31918,"n":"Sucre Tablier Blanc En morceaux - 1kg","p":1.99,"u":"1,99 €/KG","img":"https://fd9-photos.leclercdrive.fr/image.ashx?id=2116140&use=l&cat=p&typeid=i","cat":284502},{"id":31924,"n":"Déodorant bille Manava Peaux sensibles 50ml","p":1.15,"u":"23,00 €/L","img":"https://fd9-photos.leclercdrive.fr/image.ashx?id=2481222&use=l&cat=p&typeid=i","cat":284595},{"id":31933,"n":"Laque Iroise Fixation forte 300ml","p":1.95,"u":"6,50 €/L","img":"https://fd9-photos.leclercdrive.fr/image.ashx?id=2930346&use=l&cat=p&typeid=i","cat":284609},{"id":31962,"n":"Thym et laurier Sainte Lucie 15g","p":2.27,"u":"151,33 €/KG","img":"https://fd9-photos.leclercdrive.fr/image.ashx?id=1951238&use=l&cat=p&typeid=i","cat":293607},{"id":31970,"n":"Soin visage Carré Homme Anti-âge anti-fatigue Q10- 50ml","p":3.7,"u":"74,00 €/L","img":"https://fd9-photos.leclercdrive.fr/image.ashx?id=2809689&use=l&cat=p&typeid=i","cat":284622},{"id":31976,"n":"Sucre vanillé bio Bio Village 6x7.5g","p":1.85,"u":"41,11 €/KG","img":"https://fd9-photos.leclercdrive.fr/image.ashx?id=2166521&use=l&cat=p&typeid=i","cat":294686},{"id":31981,"n":"Couches bébé Mots d'Enfants T4+ Ultra confort - 9/20kg - x24","p":5.8,"u":"0,24 €/P","img":"https://fd9-photos.leclercdrive.fr/image.ashx?id=2699459&use=l&cat=p&typeid=i","cat":284737},{"id":31982,"n":"Couches bébé Mots d'Enfants -T5 Ultra confort - 11/25kg - x23","p":5.66,"u":"0,25 €/P","img":"https://fd9-photos.leclercdrive.fr/image.ashx?id=2699462&use=l&cat=p&typeid=i","cat":284737},{"id":31983,"n":"Cidre rosé Les Goelleries 2.5%vol. - 75cl","p":2.29,"u":"3,05 €/L","img":"https://fd9-photos.leclercdrive.fr/image.ashx?id=2842295&use=l&cat=p&typeid=i","cat":334880},{"id":31985,"n":"Couches bébé Mots d'Enfants -T4 Ultra confort - 7/18kg - x26","p":5.55,"u":"0,21 €/P","img":"https://fd9-photos.leclercdrive.fr/image.ashx?id=2699456&use=l&cat=p&typeid=i","cat":284737},{"id":31988,"n":"Sachet repas chat Tous mes amis Poissons en gelée - 4x100g","p":1.33,"u":"3,33 €/KG","img":"https://fd9-photos.leclercdrive.fr/image.ashx?id=2043002&use=l&cat=p&typeid=i","cat":285286},{"id":32059,"n":"Sachet repas chat Tous mes amis Viande en geléé - 12x100g","p":3.65,"u":"3,04 €/KG","img":"https://fd9-photos.leclercdrive.fr/image.ashx?id=2027598&use=l&cat=p&typeid=i","cat":285286},{"id":32065,"n":"Couches bébé Mots d'Enfants T4 Douceur - 7/18kg - x74 changes","p":10.6,"u":"0,14 €/P","img":"https://fd9-photos.leclercdrive.fr/image.ashx?id=2301481&use=l&cat=p&typeid=i","cat":284737},{"id":32087,"n":"Yaourts vanille Soignon au lait de chèvre - 4x125g","p":2.42,"u":"4,84 €/KG","img":"https://fd9-photos.leclercdrive.fr/image.ashx?id=2518247&use=l&cat=p&typeid=i","cat":314998},{"id":32093,"n":"Poulet rôti Marie Pommes de terres fondantes 900g","p":4.97,"u":"5,52 €/KG","img":"https://fd9-photos.leclercdrive.fr/image.ashx?id=2996788&use=l&cat=p&typeid=i","cat":284254},{"id":32098,"n":"Biscuits Dinosaurus Lotus  Chocolat noir - 225g","p":1.96,"u":"8,71 €/KG","img":"https://fd9-photos.leclercdrive.fr/image.ashx?id=2859812&use=l&cat=p&typeid=i","cat":284488},{"id":32103,"n":"Goûter laitier Récré O'Lé Gourdes Chocolat - 4x85g","p":2.02,"u":"5,94 €/KG","img":"https://fd9-photos.leclercdrive.fr/image.ashx?id=3008824&use=l&cat=p&typeid=i","cat":284506},{"id":32104,"n":"Goûter laitier Récré O'Lé Gourdes Saveur Vanille - 4x85g","p":2.06,"u":"6,06 €/KG","img":"https://fd9-photos.leclercdrive.fr/image.ashx?id=3008827&use=l&cat=p&typeid=i","cat":284506},{"id":32125,"n":"Mélange Fruité Tokapi Fruits et graines - 110g","p":1.65,"u":"15,00 €/KG","img":"https://fd9-photos.leclercdrive.fr/image.ashx?id=2794003&use=l&cat=p&typeid=i","cat":284448},{"id":32183,"n":"Couches bébé Mots d'Enfants T4+ Douceur - 9/20kg - x70 changes","p":10.8,"u":"0,15 €/P","img":"https://fd9-photos.leclercdrive.fr/image.ashx?id=2301484&use=l&cat=p&typeid=i","cat":284737},{"id":32186,"n":"Couches bébé Mots d'Enfants T5 Douceur - 11/25kg - x66","p":10.7,"u":"0,16 €/P","img":"https://fd9-photos.leclercdrive.fr/image.ashx?id=2301487&use=l&cat=p&typeid=i","cat":284737},{"id":32202,"n":"Couches bébé Mots d'Enfants T3 Douceur - 4/9kg - x90 changes","p":11.4,"u":"0,13 €/P","img":"https://fd9-photos.leclercdrive.fr/image.ashx?id=2301478&use=l&cat=p&typeid=i","cat":284737},{"id":32213,"n":"Bacon fumé Herta Barquette 100g","p":1.95,"u":"19,50 €/KG","img":"https://fd9-photos.leclercdrive.fr/image.ashx?id=2876236&use=l&cat=p&typeid=i","cat":316011},{"id":32255,"n":"Déodorant Manava Pierre d'alun/Aloé véra - 200ml","p":1.44,"u":"7,20 €/L","img":"https://fd9-photos.leclercdrive.fr/image.ashx?id=2481225&use=l&cat=p&typeid=i","cat":284595},{"id":32258,"n":"Couches bébé Mots d'Enfants -T3 Ultra confort - 4/9kg - x29","p":5.99,"u":"0,21 €/P","img":"https://fd9-photos.leclercdrive.fr/image.ashx?id=2699453&use=l&cat=p&typeid=i","cat":284737},{"id":32267,"n":"Emmental fromage rapé Les Croisés - 325g","p":2.65,"u":"8,15 €/KG","img":"https://fd9-photos.leclercdrive.fr/image.ashx?id=2942786&use=l&cat=p&typeid=i","cat":314035},{"id":32271,"n":"Pizza Turini Jambon emmental - 200g","p":1.22,"u":"6,10 €/KG","img":"https://fd9-photos.leclercdrive.fr/image.ashx?id=2223087&use=l&cat=p&typeid=i","cat":333679},{"id":32286,"n":"Papillons d'Alsace NRT 250g","p":1.39,"u":"5,56 €/KG","img":"https://fd9-photos.leclercdrive.fr/image.ashx?id=1710797&use=l&cat=p&typeid=i","cat":284427},{"id":32293,"n":"Sucre de canne Tablier Blanc Cassonade 750g","p":1.55,"u":"2,07 €/KG","img":"https://fd9-photos.leclercdrive.fr/image.ashx?id=2127403&use=l&cat=p&typeid=i","cat":284502},{"id":32301,"n":"Biscuit Petit beurre P'tit Déli Tablette chocolat blanc - 150g","p":1.49,"u":"9,93 €/KG","img":"https://fd9-photos.leclercdrive.fr/image.ashx?id=2517772&use=l&cat=p&typeid=i","cat":284488},{"id":32335,"n":"100% Pur jus d'orange Jafaden Très pulpé - 1L","p":2.61,"u":"2,61 €/L","img":"https://fd9-photos.leclercdrive.fr/image.ashx?id=2869272&use=l&cat=p&typeid=i","cat":284521},{"id":32339,"n":"Sirop Frucci Pamplemousse Rose - 75cl","p":3.65,"u":"4,87 €/L","img":"https://fd9-photos.leclercdrive.fr/image.ashx?id=728406&use=l&cat=p&typeid=i","cat":295020},{"id":32352,"n":"Emmental fromage râpé bio Bio village - 200g","p":2.31,"u":"11,55 €/KG","img":"https://fd9-photos.leclercdrive.fr/image.ashx?id=1972558&use=l&cat=p&typeid=i","cat":314035},{"id":32371,"n":"Petits pots  Babybio Bio Carotte quinoa - 8mois 2x200g","p":2.59,"u":"6,48 €/KG","img":"https://fd9-photos.leclercdrive.fr/image.ashx?id=2834512&use=l&cat=p&typeid=i","cat":312239},{"id":32372,"n":"Petits pots Babybio Bio Légumes veau - 8 mois 2x200g","p":2.87,"u":"7,18 €/KG","img":"https://fd9-photos.leclercdrive.fr/image.ashx?id=2838308&use=l&cat=p&typeid=i","cat":312236},{"id":32373,"n":"Petits pots Babybio Bio Légume canard - 8mois 2x200g","p":3.26,"u":"16,30 €/KG","img":"https://fd9-photos.leclercdrive.fr/image.ashx?id=2912200&use=l&cat=p&typeid=i","cat":312236},{"id":32380,"n":"Farine de blé Eco+ 1kg","p":0.54,"u":"0,54 €/KG","img":"https://fd9-photos.leclercdrive.fr/image.ashx?id=2694416&use=l&cat=p&typeid=i","cat":284503},{"id":32385,"n":"Asperges blanches très grosses En bocal - 395G","p":5.45,"u":"13,80 €/KG","img":"https://fd9-photos.leclercdrive.fr/image.ashx?id=2049013&use=l&cat=p&typeid=i","cat":312611},{"id":32386,"n":"Mélange forestier Notre Jardin 225g","p":2.57,"u":"11,42 €/KG","img":"https://fd9-photos.leclercdrive.fr/image.ashx?id=2124588&use=l&cat=p&typeid=i","cat":312612},{"id":32387,"n":"Ratatouille Notre Jardin A la provençale - 375g","p":1.06,"u":"2,83 €/KG","img":"https://fd9-photos.leclercdrive.fr/image.ashx?id=2526294&use=l&cat=p&typeid=i","cat":312612},{"id":32388,"n":"Maïs Notre Jardin Aux 2 poivrons - 270g","p":1.19,"u":"4,41 €/KG","img":"https://fd9-photos.leclercdrive.fr/image.ashx?id=2988057&use=l&cat=p&typeid=i","cat":312611},{"id":32395,"n":"Vinaigre blanc d'alcool Fuchs Incolore - 1L","p":0.54,"u":"0,54 €/L","img":"https://fd9-photos.leclercdrive.fr/image.ashx?id=2545231&use=l&cat=p&typeid=i","cat":325365},{"id":32420,"n":"Sardines Les Dieux Ile de Ré - 115g","p":2.73,"u":"23,74 €/KG","img":"https://fd9-photos.leclercdrive.fr/image.ashx?id=2921576&use=l&cat=p&typeid=i","cat":305146},{"id":32422,"n":"Poulet rôti Purée à l'ancienne La Cuisine d'Océane 300g","p":2.71,"u":"9,03 €/KG","img":"https://fd9-photos.leclercdrive.fr/image.ashx?id=2962377&use=l&cat=p&typeid=i","cat":284953},{"id":32476,"n":"Sacs poubelles 10L Poubel'sak Blanc - x20","p":0.63,"u":"0,03 €/P","img":"https://fd9-photos.leclercdrive.fr/image.ashx?id=1893430&use=l&cat=p&typeid=i","cat":285168},{"id":32478,"n":"Fruits rouges Fruistar 650g","p":4.72,"u":"7,26 €/KG","img":"https://fd9-photos.leclercdrive.fr/image.ashx?id=2072629&use=l&cat=p&typeid=i","cat":284268},{"id":32479,"n":"Culotte absorbante Tena Taille L - Plus - x8","p":8.43,"u":"1,05 €/P","img":"https://fd9-photos.leclercdrive.fr/image.ashx?id=2428585&use=l&cat=p&typeid=i","cat":284628},{"id":32481,"n":"Beurre de Baratte Pamplie AOP Doux - 82% MG - 250g","p":2.97,"u":"11,88 €/KG","img":"https://fd9-photos.leclercdrive.fr/image.ashx?id=2763517&use=l&cat=p&typeid=i","cat":284379},{"id":32482,"n":"Beurre de Baratte Pamplie AOP Demi-sel Extra fin 80% MG 250g","p":2.97,"u":"11,88 €/KG","img":"https://fd9-photos.leclercdrive.fr/image.ashx?id=2107862&use=l&cat=p&typeid=i","cat":284379},{"id":32492,"n":"Crème glacée L'Angelys Vanille - 450g","p":5.17,"u":"11,49 €/KG","img":"https://fd9-photos.leclercdrive.fr/image.ashx?id=2963574&use=l&cat=p&typeid=i","cat":284263},{"id":32493,"n":"Crème glacée L'Angelys Caramel beurre salé - 450g","p":5.17,"u":"11,49 €/KG","img":"https://fd9-photos.leclercdrive.fr/image.ashx?id=2883188&use=l&cat=p&typeid=i","cat":284263},{"id":32494,"n":"Lait demi-écremé des Charentes et Poitou UHT 6x1L","p":5.62,"u":"0,94 €/L","img":"https://fd9-photos.leclercdrive.fr/image.ashx?id=2902684&use=l&cat=p&typeid=i","cat":284377},{"id":32497,"n":"Recharge Savon Mains Dettol Parfum Citron 250ml","p":1.97,"u":"7,88 €/L","img":"https://fd9-photos.leclercdrive.fr/image.ashx?id=2962020&use=l&cat=p&typeid=i","cat":284597},{"id":32516,"n":"Saumon fumé Bio Bio Village Atlantique x4T - 120g","p":5.77,"u":"48,08 €/KG","img":"https://fd9-photos.leclercdrive.fr/image.ashx?id=2627209&use=l&cat=p&typeid=i","cat":285188},{"id":32533,"n":"Langue de bœuf Larzul Sauce madère 410g","p":7.95,"u":"19,39 €/KG","img":"https://fd9-photos.leclercdrive.fr/image.ashx?id=2204021&use=l&cat=p&typeid=i","cat":284441},{"id":32555,"n":"Fromage Maasdam Les Croisés tranches x14 - 27.1%mg - 350g","p":3.23,"u":"9,23 €/KG","img":"https://fd9-photos.leclercdrive.fr/image.ashx?id=2026322&use=l&cat=p&typeid=i","cat":314028},{"id":32556,"n":"Gouda Les Croisés 30.5%mg portion - 250g","p":3.25,"u":"13,00 €/KG","img":"https://fd9-photos.leclercdrive.fr/image.ashx?id=2900121&use=l&cat=p&typeid=i","cat":314034},{"id":32557,"n":"Edam Les Croisés 23.7%mg portion - 250g","p":3.09,"u":"12,36 €/KG","img":"https://fd9-photos.leclercdrive.fr/image.ashx?id=2075425&use=l&cat=p&typeid=i","cat":314034},{"id":32558,"n":"Mimolette Les Croisés 23.7%mg portion - 250g","p":2.97,"u":"11,88 €/KG","img":"https://fd9-photos.leclercdrive.fr/image.ashx?id=2796049&use=l&cat=p&typeid=i","cat":314034},{"id":32631,"n":"Biscuits palmier Bio Village Bio - 100g","p":1.27,"u":"12,70 €/KG","img":"https://fd9-photos.leclercdrive.fr/image.ashx?id=2610729&use=l&cat=p&typeid=i","cat":284487},{"id":32643,"n":"Pruneaux d'Agen Couleurs Vives Dénoyautés - 500g","p":3.99,"u":"7,98 €/KG","img":"https://fd9-photos.leclercdrive.fr/image.ashx?id=2124107&use=l&cat=p&typeid=i","cat":284357},{"id":32690,"n":"Tranches de fromage Leerdammer Le Léger - 8 Tranches - 200g","p":3.8,"u":"19,00 €/KG","img":"https://fd9-photos.leclercdrive.fr/image.ashx?id=2507581&use=l&cat=p&typeid=i","cat":314028},{"id":32707,"n":"Poisson pané  Cabillaud Findus MSC x4 - 400g","p":6.77,"u":"16,93 €/KG","img":"https://fd9-photos.leclercdrive.fr/image.ashx?id=2650666&use=l&cat=p&typeid=i","cat":319788},{"id":32724,"n":"Pain grillé bio Bio Village Céréales et graines - 225g","p":1.59,"u":"7,07 €/KG","img":"https://fd9-photos.leclercdrive.fr/image.ashx?id=2119166&use=l&cat=p&typeid=i","cat":284479},{"id":32829,"n":"Litière chats Tous mes Amis Optimale - 5L","p":4.5,"u":"0,90 €/L","img":"https://fd9-photos.leclercdrive.fr/image.ashx?id=2055220&use=l&cat=p&typeid=i","cat":284683},{"id":32843,"n":"Chipolatas superieure Socopa Sous atmosphère x6 - 330g","p":3.62,"u":"10,97 €/KG","img":"https://fd9-photos.leclercdrive.fr/image.ashx?id=2638130&use=l&cat=p&typeid=i","cat":284334},{"id":32877,"n":"Tarte au fromage Côté Table 2x130g","p":2.71,"u":"10,42 €/KG","img":"https://fd9-photos.leclercdrive.fr/image.ashx?id=2201483&use=l&cat=p&typeid=i","cat":333680},{"id":32915,"n":"Oignons frits Colona 100g","p":1.23,"u":"12,30 €/KG","img":"https://fd9-photos.leclercdrive.fr/image.ashx?id=2687230&use=l&cat=p&typeid=i","cat":298297},{"id":32925,"n":"Levure boulangère 42g","p":0.37,"u":"8,81 €/KG","img":"https://fd9-photos.leclercdrive.fr/image.ashx?id=2352489&use=l&cat=p&typeid=i","cat":294686},{"id":32949,"n":"Gel Douche Fa Cap tonique mixte flacon- 250ml","p":1.63,"u":"6,52 €/L","img":"https://fd9-photos.leclercdrive.fr/image.ashx?id=2995418&use=l&cat=p&typeid=i","cat":284594},{"id":32957,"n":"Poitrine fumée Herta 2x100g","p":2.97,"u":"14,85 €/KG","img":"https://fd9-photos.leclercdrive.fr/image.ashx?id=2787773&use=l&cat=p&typeid=i","cat":316011},{"id":32970,"n":"Lingettes Bionaïa Démaquillantes Bio x25","p":1.04,"u":"0,04 €/P","img":"https://fd9-photos.leclercdrive.fr/image.ashx?id=2376025&use=l&cat=p&typeid=i","cat":284603},{"id":32973,"n":"Eau micellaire Inell 500ml","p":2.36,"u":"4,72 €/L","img":"https://fd9-photos.leclercdrive.fr/image.ashx?id=1938870&use=l&cat=p&typeid=i","cat":284603},{"id":32982,"n":"Pâtes coquillettes Turini Les 3 min - 1kg","p":1.43,"u":"1,43 €/KG","img":"https://fd9-photos.leclercdrive.fr/image.ashx?id=2607530&use=l&cat=p&typeid=i","cat":284427},{"id":32985,"n":"Riz long Comptoir du Grain Cuisson rapide - 2kg","p":3.36,"u":"1,68 €/KG","img":"https://fd9-photos.leclercdrive.fr/image.ashx?id=2226197&use=l&cat=p&typeid=i","cat":284428},{"id":32986,"n":"Pâtes penne Turini Les 3 min - 500g","p":0.99,"u":"1,98 €/KG","img":"https://fd9-photos.leclercdrive.fr/image.ashx?id=2302178&use=l&cat=p&typeid=i","cat":284427},{"id":33019,"n":"Crème Nourrissante Nivea Visage Corps Mains - 150ml","p":1.95,"u":"13,00 €/L","img":"https://fd9-photos.leclercdrive.fr/image.ashx?id=2600536&use=l&cat=p&typeid=i","cat":325350},{"id":33036,"n":"Beurre allégé Les Croisés Doux - 60% MG - 250g","p":1.87,"u":"7,48 €/KG","img":"https://fd9-photos.leclercdrive.fr/image.ashx?id=2893319&use=l&cat=p&typeid=i","cat":284379},{"id":33046,"n":"Tuiles Tokapi Epicé - 170g","p":1.39,"u":"8,18 €/KG","img":"https://fd9-photos.leclercdrive.fr/image.ashx?id=2641277&use=l&cat=p&typeid=i","cat":287899},{"id":33063,"n":"Lait de toilette Mots d'Enfants Extra-doux - 750ml","p":3.69,"u":"4,92 €/L","img":"https://fd9-photos.leclercdrive.fr/image.ashx?id=2266495&use=l&cat=p&typeid=i","cat":284741},{"id":33097,"n":"Steak haché façon bouchère 560g Férial - 15%mg - X4","p":9.45,"u":"16,88 €/KG","img":"https://fd9-photos.leclercdrive.fr/image.ashx?id=3004660&use=l&cat=p&typeid=i","cat":319778},{"id":33098,"n":"Viande hachée Férial 15%mg - 400G","p":5.49,"u":"13,73 €/KG","img":"https://fd9-photos.leclercdrive.fr/image.ashx?id=1499813&use=l&cat=p&typeid=i","cat":319779},{"id":33117,"n":"Marrons glacés Artisan Provençal - 160g","p":13.7,"u":"85,63 €/KG","img":"https://fd9-photos.leclercdrive.fr/image.ashx?id=1611470&use=l&cat=p&typeid=i","cat":327603},{"id":33150,"n":"Blanquette Weight Watchers Poulet 300g","p":3.1,"u":"10,33 €/KG","img":"https://fd9-photos.leclercdrive.fr/image.ashx?id=2880739&use=l&cat=p&typeid=i","cat":333665},{"id":33197,"n":"Café moulu Plantation Colombie - 250g","p":3.87,"u":"15,48 €/KG","img":"https://fd9-photos.leclercdrive.fr/image.ashx?id=2824268&use=l&cat=p&typeid=i","cat":284750},{"id":33217,"n":"Yaourts nature Bio Vrai Au lait de brebis - 4x120g","p":2.83,"u":"23,58 €/KG","img":"https://fd9-photos.leclercdrive.fr/image.ashx?id=2359306&use=l&cat=p&typeid=i","cat":314998},{"id":33219,"n":"Truite fumée Ovive Aquitaine 4 tranches - 120g","p":5.82,"u":"48,50 €/KG","img":"https://fd9-photos.leclercdrive.fr/image.ashx?id=2996941&use=l&cat=p&typeid=i","cat":285188},{"id":33255,"n":"Pâtes farfalle Turini Les 3 min - 500g","p":1.07,"u":"2,14 €/KG","img":"https://fd9-photos.leclercdrive.fr/image.ashx?id=2669723&use=l&cat=p&typeid=i","cat":284427},{"id":33262,"n":"Céréales Corn Flakes Kellogg's 500g","p":2.38,"u":"4,76 €/KG","img":"https://fd9-photos.leclercdrive.fr/image.ashx?id=2522005&use=l&cat=p&typeid=i","cat":309513},{"id":33266,"n":"Céréales Smacks Kellogg's 400g","p":2.33,"u":"5,83 €/KG","img":"https://fd9-photos.leclercdrive.fr/image.ashx?id=2584235&use=l&cat=p&typeid=i","cat":309513},{"id":33269,"n":"Pommes de terre Pom'lisse Grenaille - 450g","p":2.49,"u":"5,53 €/KG","img":"https://fd9-photos.leclercdrive.fr/image.ashx?id=1918976&use=l&cat=p&typeid=i","cat":319792},{"id":33274,"n":"Pâtes spaghetti Turini Les 3 min - 1kg","p":1.55,"u":"1,55 €/KG","img":"https://fd9-photos.leclercdrive.fr/image.ashx?id=2607533&use=l&cat=p&typeid=i","cat":284427},{"id":33287,"n":"Pâtes Torsettes Turini 3 min - 1kg","p":1.63,"u":"1,63 €/KG","img":"https://fd9-photos.leclercdrive.fr/image.ashx?id=2744237&use=l&cat=p&typeid=i","cat":284427},{"id":33299,"n":"Sérum physiologique Mots d'Enfants 5ml x40","p":2.19,"u":"10,95 €/L","img":"https://fd9-photos.leclercdrive.fr/image.ashx?id=2044116&use=l&cat=p&typeid=i","cat":284741},{"id":33302,"n":"Pâtes cannelloni Turini 250g","p":0.99,"u":"3,96 €/KG","img":"https://fd9-photos.leclercdrive.fr/image.ashx?id=2980468&use=l&cat=p&typeid=i","cat":284427},{"id":33304,"n":"Soja cuisine Bio Village Fluide bio - 3x20cl","p":1.61,"u":"2,68 €/L","img":"https://fd9-photos.leclercdrive.fr/image.ashx?id=2493679&use=l&cat=p&typeid=i","cat":316069},{"id":33305,"n":"Mélange Cocktail Tokapi Ananas et raisins - 120g","p":1.53,"u":"12,75 €/KG","img":"https://fd9-photos.leclercdrive.fr/image.ashx?id=1962786&use=l&cat=p&typeid=i","cat":284448},{"id":33306,"n":"Sucre pure canne Bio Village En poudre bio - 500g","p":1.66,"u":"3,32 €/KG","img":"https://fd9-photos.leclercdrive.fr/image.ashx?id=3010443&use=l&cat=p&typeid=i","cat":284502},{"id":33307,"n":"Semoule de blé fine Comptoir du Grain - 500g","p":0.96,"u":"1,92 €/KG","img":"https://fd9-photos.leclercdrive.fr/image.ashx?id=3012842&use=l&cat=p&typeid=i","cat":284429},{"id":33335,"n":"Eau nettoyante Mots d'Enfants Hydratante - 750ml","p":3.15,"u":"4,20 €/L","img":"https://fd9-photos.leclercdrive.fr/image.ashx?id=3015075&use=l&cat=p&typeid=i","cat":284741},{"id":33336,"n":"Gel lavant bébé Mots d'Enfants Corps et cheveux - 750ml","p":3.15,"u":"4,20 €/L","img":"https://fd9-photos.leclercdrive.fr/image.ashx?id=3014224&use=l&cat=p&typeid=i","cat":284740},{"id":33503,"n":"Salade & Cie Sodebo Antibes Thon riz - 320g","p":3.19,"u":"9,97 €/KG","img":"https://fd9-photos.leclercdrive.fr/image.ashx?id=2799431&use=l&cat=p&typeid=i","cat":333657},{"id":33577,"n":"Confit d'oignons Labeyrie 50g","p":1.63,"u":"32,60 €/KG","img":"https://fd9-photos.leclercdrive.fr/image.ashx?id=2923510&use=l&cat=p&typeid=i","cat":316008},{"id":33579,"n":"Fromage à tartiner Boursin Echalote ciboulette 10 portions","p":2.74,"u":"17,13 €/KG","img":"https://fd9-photos.leclercdrive.fr/image.ashx?id=2962056&use=l&cat=p&typeid=i","cat":314029},{"id":33582,"n":"Fromage à tartiner Boursin Poivre - 150g","p":2.16,"u":"14,40 €/KG","img":"https://fd9-photos.leclercdrive.fr/image.ashx?id=2962284&use=l&cat=p&typeid=i","cat":314029},{"id":33593,"n":"Détacheur Eau Ecarlate Universel - 250ml","p":2.06,"u":"8,24 €/L","img":"https://fd9-photos.leclercdrive.fr/image.ashx?id=2101174&use=l&cat=p&typeid=i","cat":284651},{"id":33594,"n":"Cacahuètes  Benenuts Grillées salées - 220g","p":1.31,"u":"5,95 €/KG","img":"https://fd9-photos.leclercdrive.fr/image.ashx?id=2418762&use=l&cat=p&typeid=i","cat":284448},{"id":33595,"n":"Monster Munch Salé - 85g","p":0.96,"u":"11,29 €/KG","img":"https://fd9-photos.leclercdrive.fr/image.ashx?id=2971598&use=l&cat=p&typeid=i","cat":284449},{"id":33596,"n":"Monster Munch Jambon fromage - 85g","p":1.04,"u":"12,24 €/KG","img":"https://fd9-photos.leclercdrive.fr/image.ashx?id=2971604&use=l&cat=p&typeid=i","cat":284449},{"id":33600,"n":"Monster Munch Ketchup - 85g","p":1.06,"u":"12,47 €/KG","img":"https://fd9-photos.leclercdrive.fr/image.ashx?id=2996932&use=l&cat=p&typeid=i","cat":284449},{"id":33667,"n":"Crème de cassis Auguste Mugniot 15%vol. - 70cl","p":4.89,"u":"6,99 €/L","img":"https://fd9-photos.leclercdrive.fr/image.ashx?id=1211501&use=l&cat=p&typeid=i","cat":286032},{"id":33745,"n":"IGP Pays d'Oc rosé Cinsault  Syrah Ormes de Cambras - BIB 5L","p":15.5,"u":"3,10 €/L","img":"https://fd9-photos.leclercdrive.fr/image.ashx?id=2445118&use=l&cat=p&typeid=i","cat":289560},{"id":33749,"n":"IGP Terres du Midi Listel Vin rosé 12% vol - BIB 3L","p":12.57,"u":"4,19 €/L","img":"https://fd9-photos.leclercdrive.fr/image.ashx?id=2883468&use=l&cat=p&typeid=i","cat":289560},{"id":33792,"n":"Crème mains bio Bio NaÏa Hydratante - 100ml","p":1.99,"u":"19,90 €/L","img":"https://fd9-photos.leclercdrive.fr/image.ashx?id=2558811&use=l&cat=p&typeid=i","cat":325354},{"id":33804,"n":"Déodorant Manava Douceur satin 200ml","p":1.44,"u":"7,20 €/L","img":"https://fd9-photos.leclercdrive.fr/image.ashx?id=1911801&use=l&cat=p&typeid=i","cat":284595},{"id":33805,"n":"Lingettes désinfectantes Clair Anti-bactériennes x40","p":1.05,"u":"0,03 €/P","img":"https://fd9-photos.leclercdrive.fr/image.ashx?id=2768095&use=l&cat=p&typeid=i","cat":325358},{"id":33809,"n":"Sachet fraîcheur chat Sheba  Poissons en sauce - 12x85g","p":4.88,"u":"4,78 €/KG","img":"https://fd9-photos.leclercdrive.fr/image.ashx?id=2759631&use=l&cat=p&typeid=i","cat":285286},{"id":33811,"n":"Pastis de Marseille 45%vol - 1L","p":16.35,"u":"16,35 €/L","img":"https://fd9-photos.leclercdrive.fr/image.ashx?id=2637817&use=l&cat=p&typeid=i","cat":284548},{"id":33816,"n":"Bâtonnets Dentastix Pedigree Moyen chien x56 - 1440g","p":13.88,"u":"9,91 €/KG","img":"https://fd9-photos.leclercdrive.fr/image.ashx?id=2980185&use=l&cat=p&typeid=i","cat":294527},{"id":33819,"n":"Friandises chien Pedigree  Rodeo bœuf x4 - 70g","p":0.77,"u":"11,00 €/KG","img":"https://fd9-photos.leclercdrive.fr/image.ashx?id=2997202&use=l&cat=p&typeid=i","cat":294527},{"id":33820,"n":"Friandises chat Catisfactions Saumon - 60g","p":1.08,"u":"18,00 €/KG","img":"https://fd9-photos.leclercdrive.fr/image.ashx?id=2912605&use=l&cat=p&typeid=i","cat":285285},{"id":33847,"n":"Pur jus multifruits Jafaden Orange Ananas Mangue - 1L","p":2.29,"u":"2,29 €/L","img":"https://fd9-photos.leclercdrive.fr/image.ashx?id=2841160&use=l&cat=p&typeid=i","cat":284917},{"id":33849,"n":"Shampooing bio Bio naïa 250ml","p":1.8,"u":"7,20 €/L","img":"https://fd9-photos.leclercdrive.fr/image.ashx?id=1961446&use=l&cat=p&typeid=i","cat":284606},{"id":33850,"n":"Eponges multi-usage Mamison Vertes - X6","p":1.75,"u":"0,29 €/P","img":"https://fd9-photos.leclercdrive.fr/image.ashx?id=2175768&use=l&cat=p&typeid=i","cat":284667},{"id":33852,"n":"Cubes allume-feu Silex x72 cubes","p":3.05,"u":"0,04 €/P","img":"https://fd9-photos.leclercdrive.fr/image.ashx?id=1304486&use=l&cat=p&typeid=i","cat":300578},{"id":33882,"n":"Farfalle Bio Village Bio Au blé complet - 500g","p":1.95,"u":"3,90 €/KG","img":"https://fd9-photos.leclercdrive.fr/image.ashx?id=2625373&use=l&cat=p&typeid=i","cat":284427},{"id":33885,"n":"Olives noires  Rustica Dénoyautées - 180g","p":1.23,"u":"6,83 €/KG","img":"https://fd9-photos.leclercdrive.fr/image.ashx?id=1698893&use=l&cat=p&typeid=i","cat":284458},{"id":33887,"n":"Pains grillés complet Epi d'or 400g","p":1.57,"u":"3,93 €/KG","img":"https://fd9-photos.leclercdrive.fr/image.ashx?id=2236473&use=l&cat=p&typeid=i","cat":284479},{"id":33891,"n":"Paëlla royale Côté Table 300g","p":3.39,"u":"11,30 €/KG","img":"https://fd9-photos.leclercdrive.fr/image.ashx?id=1960407&use=l&cat=p&typeid=i","cat":284953},{"id":33892,"n":"Poule au riz Côté table 300g","p":2.31,"u":"7,70 €/KG","img":"https://fd9-photos.leclercdrive.fr/image.ashx?id=2393875&use=l&cat=p&typeid=i","cat":284953},{"id":33893,"n":"Penne Bio Village  Bio - 500g","p":0.89,"u":"1,78 €/KG","img":"https://fd9-photos.leclercdrive.fr/image.ashx?id=2625370&use=l&cat=p&typeid=i","cat":284427},{"id":33910,"n":"Biscuit Petit beurre P'tit Déli Chocolat noir pocket - 250g","p":2.39,"u":"9,56 €/KG","img":"https://fd9-photos.leclercdrive.fr/image.ashx?id=2234694&use=l&cat=p&typeid=i","cat":284488},{"id":33915,"n":"Veau aux légumes Côté table Barquette 280g","p":2.29,"u":"8,18 €/KG","img":"https://fd9-photos.leclercdrive.fr/image.ashx?id=2476152&use=l&cat=p&typeid=i","cat":284953},{"id":33917,"n":"Thon entier Pêche Océan Huile d'olive - 160g","p":2.29,"u":"14,31 €/KG","img":"https://fd9-photos.leclercdrive.fr/image.ashx?id=2125554&use=l&cat=p&typeid=i","cat":303867},{"id":33918,"n":"Pâtes torsettes Turini Blé complet - 500g","p":0.99,"u":"1,98 €/KG","img":"https://fd9-photos.leclercdrive.fr/image.ashx?id=2607527&use=l&cat=p&typeid=i","cat":284427},{"id":33921,"n":"Boisson énergisante X-tense Bouteille - 1L","p":1.8,"u":"1,80 €/L","img":"https://fd9-photos.leclercdrive.fr/image.ashx?id=2956098&use=l&cat=p&typeid=i","cat":284533},{"id":33988,"n":"Bloc WC Syphon Activ' Effect Marine x1","p":1.58,"img":"https://fd9-photos.leclercdrive.fr/image.ashx?id=2302690&use=l&cat=p&typeid=i","cat":284662},{"id":34106,"n":"Dosettes café Plantation  Classique - x36 - 250g","p":3.72,"u":"14,88 €/KG","img":"https://fd9-photos.leclercdrive.fr/image.ashx?id=2181473&use=l&cat=p&typeid=i","cat":293238},{"id":34107,"n":"Dosettes café Plantation  Corsé - x36 - 250g","p":3.72,"u":"14,88 €/KG","img":"https://fd9-photos.leclercdrive.fr/image.ashx?id=2622112&use=l&cat=p&typeid=i","cat":293238},{"id":34176,"n":"Bouillon de légumes Jardin Bio' Bio cube sans huile palme x10","p":2.12,"u":"23,56 €/KG","img":"https://fd9-photos.leclercdrive.fr/image.ashx?id=2990844&use=l&cat=p&typeid=i","cat":288379},{"id":34177,"n":"Effilés aux legumes Purina One Poulet / Boeufs - 4x85g","p":2.13,"u":"6,26 €/KG","img":"https://fd9-photos.leclercdrive.fr/image.ashx?id=2467483&use=l&cat=p&typeid=i","cat":285286},{"id":34178,"n":"Sachet repas chats Purina One Viandes et Poissons - 4x85g","p":2.14,"u":"6,29 €/KG","img":"https://fd9-photos.leclercdrive.fr/image.ashx?id=2467486&use=l&cat=p&typeid=i","cat":285286},{"id":34183,"n":"Tortilla Tables du monde Oignons 500g","p":2.89,"u":"5,78 €/KG","img":"https://fd9-photos.leclercdrive.fr/image.ashx?id=794123&use=l&cat=p&typeid=i","cat":333673},{"id":34188,"n":"Poulet Label Rouge Blanc  IGP Volailles du Maine 1,25kg","p":10.74,"u":"8,59 €/KG","img":"https://fd9-photos.leclercdrive.fr/image.ashx?id=2411746&use=l&cat=p&typeid=i","cat":284336},{"id":34189,"n":"Poulet Label Rouge Jaune  IGP Volailles du Maine  1,25kg","p":10.72,"u":"8,58 €/KG","img":"https://fd9-photos.leclercdrive.fr/image.ashx?id=2411749&use=l&cat=p&typeid=i","cat":284336},{"id":34196,"n":"Gratin Fleury Michon Choux-fleur jambon 280g","p":2.88,"u":"10,29 €/KG","img":"https://fd9-photos.leclercdrive.fr/image.ashx?id=3003293&use=l&cat=p&typeid=i","cat":333665},{"id":34197,"n":"Aiguillettes de poulet  Douce France - 280g","p":4.29,"u":"15,32 €/KG","img":"https://fd9-photos.leclercdrive.fr/image.ashx?id=2629067&use=l&cat=p&typeid=i","cat":284336},{"id":34199,"n":"Filet poulet jaune Douce France x2 - 300g","p":4.26,"u":"14,20 €/KG","img":"https://fd9-photos.leclercdrive.fr/image.ashx?id=2305326&use=l&cat=p&typeid=i","cat":284336},{"id":34241,"n":"Manchons de poulet Côté Croc Barbecue - 250g","p":2.49,"u":"9,96 €/KG","img":"https://fd9-photos.leclercdrive.fr/image.ashx?id=2560482&use=l&cat=p&typeid=i","cat":333685},{"id":34248,"n":"Chocolats Schoko-bons Kinder 500g","p":7.99,"u":"15,98 €/KG","img":"https://fd9-photos.leclercdrive.fr/image.ashx?id=2323799&use=l&cat=p&typeid=i","cat":327592},{"id":34258,"n":"Bière blonde spéciale 5 Lager Canette - 5%vol. - 50cl","p":0.79,"u":"1,58 €/L","img":"https://fd9-photos.leclercdrive.fr/image.ashx?id=2954097&use=l&cat=p&typeid=i","cat":334853},{"id":34326,"n":"Dosettes café Plantation  Caramel - x10 - 70g","p":1.63,"u":"23,29 €/KG","img":"https://fd9-photos.leclercdrive.fr/image.ashx?id=2824277&use=l&cat=p&typeid=i","cat":293238},{"id":34327,"n":"Dosettes café Plantation Noisette - x10 - 70g","p":1.82,"u":"26,00 €/KG","img":"https://fd9-photos.leclercdrive.fr/image.ashx?id=2664578&use=l&cat=p&typeid=i","cat":293238},{"id":34332,"n":"Vodka Sobieski  37,5%vol - 1L","p":15.48,"u":"15,48 €/L","img":"https://fd9-photos.leclercdrive.fr/image.ashx?id=2948477&use=l&cat=p&typeid=i","cat":284550},{"id":34333,"n":"Boisson à base de vin rosé Very Framboise - 75cl","p":3.19,"u":"4,25 €/L","img":"https://fd9-photos.leclercdrive.fr/image.ashx?id=2446632&use=l&cat=p&typeid=i","cat":304569},{"id":34334,"n":"Boisson à base de vin blanc  Very Pech'- Pêche - 75cl","p":3.23,"u":"4,31 €/L","img":"https://fd9-photos.leclercdrive.fr/image.ashx?id=2443874&use=l&cat=p&typeid=i","cat":304569},{"id":34350,"n":"Shampooing sec Vitanove Cheveux normaux - 150ml","p":1.87,"u":"12,47 €/L","img":"https://fd9-photos.leclercdrive.fr/image.ashx?id=2669720&use=l&cat=p&typeid=i","cat":289143},{"id":34406,"n":"Dosettes café Plantation  Décaféiné - x36 - 250g","p":3.99,"u":"15,96 €/KG","img":"https://fd9-photos.leclercdrive.fr/image.ashx?id=2824274&use=l&cat=p&typeid=i","cat":293238},{"id":34500,"n":"Dosettes café Plantation  Classique - x48 - 336g","p":4.95,"u":"14,73 €/KG","img":"https://fd9-photos.leclercdrive.fr/image.ashx?id=2824271&use=l&cat=p&typeid=i","cat":293238},{"id":34557,"n":"AOP Corbières rouge Castelmaure - 75cl","p":4.99,"u":"6,65 €/L","img":"https://fd9-photos.leclercdrive.fr/image.ashx?id=2679551&use=l&cat=p&typeid=i","cat":289556},{"id":34660,"n":"Pruneaux d'Agen Couleurs Vives Dénoyautés - 250g","p":2.99,"u":"11,96 €/KG","img":"https://fd9-photos.leclercdrive.fr/image.ashx?id=2093129&use=l&cat=p&typeid=i","cat":284357},{"id":34670,"n":"Oignons jaunes Filière Panier du Primeur Filet 1kg","p":1.99,"u":"1,99 €/KG","img":"https://fd9-photos.leclercdrive.fr/image.ashx?id=2953734&use=l&cat=p&typeid=i","cat":284352},{"id":34672,"n":"Ail blanc Panier du Primeur A mijoter et à confire x3","p":2.99,"u":"1,00 €/P","img":"https://fd9-photos.leclercdrive.fr/image.ashx?id=2958720&use=l&cat=p&typeid=i","cat":284352},{"id":34693,"n":"Briochettes pépites Epi d'Or Chocolat au lait x12 - 500g","p":2.44,"u":"4,88 €/KG","img":"https://fd9-photos.leclercdrive.fr/image.ashx?id=1883954&use=l&cat=p&typeid=i","cat":293505},{"id":34763,"n":"Huile Cheveux Elsève Sublimateur Cheveu sec - 100ml","p":11.05,"u":"110,50 €/L","img":"https://fd9-photos.leclercdrive.fr/image.ashx?id=2870671&use=l&cat=p&typeid=i","cat":284608},{"id":34813,"n":"Thé Britley Citron - x25 - 40g","p":0.88,"u":"22,00 €/KG","img":"https://fd9-photos.leclercdrive.fr/image.ashx?id=1865714&use=l&cat=p&typeid=i","cat":293233},{"id":34841,"n":"Rillettes Tradilège poulet rôti 220g","p":1.84,"u":"8,36 €/KG","img":"https://fd9-photos.leclercdrive.fr/image.ashx?id=2930924&use=l&cat=p&typeid=i","cat":316008},{"id":34845,"n":"IGP Vinaigre balsamique Maille 50cl","p":3.32,"u":"6,64 €/L","img":"https://fd9-photos.leclercdrive.fr/image.ashx?id=2866178&use=l&cat=p&typeid=i","cat":298543},{"id":34908,"n":"Fromage frais Petit Yoplait Nature 3.8%MG - 6x60g","p":1.34,"u":"3,72 €/KG","img":"https://fd9-photos.leclercdrive.fr/image.ashx?id=2811026&use=l&cat=p&typeid=i","cat":284409},{"id":34943,"n":"Blanc de poulet Fleury Michon rôti à la broche x4 - 120g","p":1.62,"u":"13,50 €/KG","img":"https://fd9-photos.leclercdrive.fr/image.ashx?id=2977288&use=l&cat=p&typeid=i","cat":316010},{"id":34952,"n":"Ratatouille à la Provençale NRT 650g","p":3.3,"u":"5,08 €/KG","img":"https://fd9-photos.leclercdrive.fr/image.ashx?id=2771390&use=l&cat=p&typeid=i","cat":312612},{"id":34973,"n":"Bière Trois Monts Grande réserve 9.5%vol. - 75cl","p":3.02,"u":"4,03 €/L","img":"https://fd9-photos.leclercdrive.fr/image.ashx?id=2548376&use=l&cat=p&typeid=i","cat":334852},{"id":34975,"n":"Bière Cuvée des Trolls Blonde - 7.5%vol. - 75cl","p":4.83,"u":"6,44 €/L","img":"https://fd9-photos.leclercdrive.fr/image.ashx?id=2611083&use=l&cat=p&typeid=i","cat":334872},{"id":34982,"n":"Bûche chèvre Soignon 200g","p":2.23,"u":"11,15 €/KG","img":"https://fd9-photos.leclercdrive.fr/image.ashx?id=2995325&use=l&cat=p&typeid=i","cat":314031},{"id":34999,"n":"Nuggets Croustillant Père Dodu  Poulet x10 - 200g","p":2.28,"u":"11,40 €/KG","img":"https://fd9-photos.leclercdrive.fr/image.ashx?id=2956975&use=l&cat=p&typeid=i","cat":333684},{"id":35006,"n":"Aiguillettes canard Volandrie 210g","p":4.85,"u":"23,10 €/KG","img":"https://fd9-photos.leclercdrive.fr/image.ashx?id=2358351&use=l&cat=p&typeid=i","cat":284339},{"id":35008,"n":"Céréales Special K Kellogg's Nature - 750g","p":4.35,"u":"5,80 €/KG","img":"https://fd9-photos.leclercdrive.fr/image.ashx?id=2586288&use=l&cat=p&typeid=i","cat":309512},{"id":35018,"n":"Bouillon de poule Jardin Bio' Bio cube sans huile palme - x8","p":1.76,"u":"22,00 €/KG","img":"https://fd9-photos.leclercdrive.fr/image.ashx?id=2535004&use=l&cat=p&typeid=i","cat":288379},{"id":35022,"n":"Cordon bleu Le Gaulois Dinde x4 - 400g","p":3.99,"u":"9,98 €/KG","img":"https://fd9-photos.leclercdrive.fr/image.ashx?id=2860226&use=l&cat=p&typeid=i","cat":333683},{"id":35026,"n":"Concentré de tomate Jardin Bio Bio Double concentré - 200g","p":1.68,"u":"8,40 €/KG","img":"https://fd9-photos.leclercdrive.fr/image.ashx?id=2535469&use=l&cat=p&typeid=i","cat":288384},{"id":35027,"n":"Dessert fruitier bio Jardin Bio Pomme poire 680g","p":2.68,"u":"3,94 €/KG","img":"https://fd9-photos.leclercdrive.fr/image.ashx?id=2939877&use=l&cat=p&typeid=i","cat":284508},{"id":35031,"n":"Batonnets Fritelle Lay's Goût nature - 80g","p":0.75,"u":"9,38 €/KG","img":"https://fd9-photos.leclercdrive.fr/image.ashx?id=2140635&use=l&cat=p&typeid=i","cat":284449},{"id":35034,"n":"Eau minérale gazeuse Perrier  Canettes - 6x33cl","p":2.7,"u":"1,36 €/L","img":"https://fd9-photos.leclercdrive.fr/image.ashx?id=2672554&use=l&cat=p&typeid=i","cat":284536},{"id":35039,"n":"Dosettes café Plantation Corsé - x48 - 336g","p":4.95,"u":"14,73 €/KG","img":"https://fd9-photos.leclercdrive.fr/image.ashx?id=2622115&use=l&cat=p&typeid=i","cat":293238},{"id":35108,"n":"Bière blonde Affligem 6,7%vol. - 12x25cl","p":9.43,"u":"3,14 €/L","img":"https://fd9-photos.leclercdrive.fr/image.ashx?id=2639405&use=l&cat=p&typeid=i","cat":334852},{"id":35133,"n":"Poudre AJAX à récurer bi javellisante - 750 g","p":1.03,"u":"1,37 €/KG","img":"https://fd9-photos.leclercdrive.fr/image.ashx?id=2832563&use=l&cat=p&typeid=i","cat":325357},{"id":35138,"n":"Yaourt SMARTIES Vanille bonbons chocolat 4x120g","p":2.31,"u":"4,81 €/KG","img":"https://fd9-photos.leclercdrive.fr/image.ashx?id=2571038&use=l&cat=p&typeid=i","cat":284414},{"id":35146,"n":"Fromages râpé spécial Pizza  Les Croisés - 125g","p":1.62,"u":"12,96 €/KG","img":"https://fd9-photos.leclercdrive.fr/image.ashx?id=1984682&use=l&cat=p&typeid=i","cat":314035},{"id":35147,"n":"Fromage Cheddar Burger Les Croisés 20 Tranches - 340g","p":1.99,"u":"5,85 €/KG","img":"https://fd9-photos.leclercdrive.fr/image.ashx?id=2064825&use=l&cat=p&typeid=i","cat":314028},{"id":35148,"n":"Fromage Emmental Croque Les Croisés 20 Tranches - 340g","p":2.01,"u":"5,91 €/KG","img":"https://fd9-photos.leclercdrive.fr/image.ashx?id=1868644&use=l&cat=p&typeid=i","cat":314028},{"id":35155,"n":"Tablette de chocolat noir Lindt Fleur de sel - 100g","p":2.24,"u":"22,40 €/KG","img":"https://fd9-photos.leclercdrive.fr/image.ashx?id=2681595&use=l&cat=p&typeid=i","cat":284956},{"id":35159,"n":"Croco Haribo Sachet bonbons - 280g","p":1.26,"u":"4,50 €/KG","img":"https://fd9-photos.leclercdrive.fr/image.ashx?id=2446467&use=l&cat=p&typeid=i","cat":304250},{"id":35160,"n":"Croissants Pasquier x16 - 640g","p":3.75,"u":"5,86 €/KG","img":"https://fd9-photos.leclercdrive.fr/image.ashx?id=2853056&use=l&cat=p&typeid=i","cat":296366},{"id":35161,"n":"Bonbon réglisse Ricola Sans sucre - 50g","p":1.6,"u":"32,00 €/KG","img":"https://fd9-photos.leclercdrive.fr/image.ashx?id=2382216&use=l&cat=p&typeid=i","cat":304256},{"id":35182,"n":"Boisson énergisante Monster Original - 50cl","p":1.34,"u":"2,68 €/L","img":"https://fd9-photos.leclercdrive.fr/image.ashx?id=2510163&use=l&cat=p&typeid=i","cat":284533},{"id":35183,"n":"Boisson énergisante Monster Original Canette - 4x50cl","p":5.36,"u":"2,68 €/L","img":"https://fd9-photos.leclercdrive.fr/image.ashx?id=2210242&use=l&cat=p&typeid=i","cat":284533},{"id":35185,"n":"Eau aromatisée Volvic Juicy Citronnade - 1,5L","p":1.47,"u":"0,98 €/L","img":"https://fd9-photos.leclercdrive.fr/image.ashx?id=3011008&use=l&cat=p&typeid=i","cat":284537},{"id":35210,"n":"Croissants pur beurre       2p","p":1.45,"u":"0,73 €/P","img":"https://fd9-photos.leclercdrive.fr/image.ashx?id=572842&use=l&cat=p&typeid=i","cat":284984},{"id":35211,"n":"Pains au chocolat 2x1p","p":1.7,"u":"0,85 €/P","img":"https://fd9-photos.leclercdrive.fr/image.ashx?id=2071019&use=l&cat=p&typeid=i","cat":284984},{"id":35212,"n":"Chaussons aux pommes  2p","p":2.25,"u":"1,13 €/P","img":"https://fd9-photos.leclercdrive.fr/image.ashx?id=2071022&use=l&cat=p&typeid=i","cat":284984},{"id":35300,"n":"Jambon supérieur Tradilège À l'étouffée 6 tranches - 240g","p":2.92,"u":"12,17 €/KG","img":"https://fd9-photos.leclercdrive.fr/image.ashx?id=2991521&use=l&cat=p&typeid=i","cat":316009},{"id":35308,"n":"Beurre Tendre Elle&Vire Demi-Sel - 80% MG - 250g","p":2.9,"u":"11,60 €/KG","img":"https://fd9-photos.leclercdrive.fr/image.ashx?id=2604773&use=l&cat=p&typeid=i","cat":284379},{"id":35309,"n":"Beurre Tendre Elle&Vire Doux - 82% MG - 250g","p":2.89,"u":"11,56 €/KG","img":"https://fd9-photos.leclercdrive.fr/image.ashx?id=2765629&use=l&cat=p&typeid=i","cat":284379},{"id":35333,"n":"Bain de bouche Sanogyl Multi Protection - 500ml","p":3.24,"u":"6,48 €/L","img":"https://fd9-photos.leclercdrive.fr/image.ashx?id=2638256&use=l&cat=p&typeid=i","cat":284613},{"id":35388,"n":"Déodorant Compressé Monsavon Anti-Transpirant Coton 100ml","p":2.03,"u":"20,30 €/L","img":"https://fd9-photos.leclercdrive.fr/image.ashx?id=2797437&use=l&cat=p&typeid=i","cat":284595},{"id":35398,"n":"Eau Micellaire Garnier Peaux Sensibles - 400ml","p":2.82,"u":"7,05 €/L","img":"https://fd9-photos.leclercdrive.fr/image.ashx?id=2926593&use=l&cat=p&typeid=i","cat":284603},{"id":35417,"n":"Lingettes Demak'Up Peaux normales - x25","p":2.62,"img":"https://fd9-photos.leclercdrive.fr/image.ashx?id=2981337&use=l&cat=p&typeid=i","cat":284603},{"id":35418,"n":"Lingettes Demak'Up Peaux sensibles - x25","p":2.5,"u":"0,10 €/P","img":"https://fd9-photos.leclercdrive.fr/image.ashx?id=2981340&use=l&cat=p&typeid=i","cat":284603},{"id":35433,"n":"Tampons Doulys Compact Super plus - x20","p":2.6,"u":"0,13 €/P","img":"https://fd9-photos.leclercdrive.fr/image.ashx?id=2965509&use=l&cat=p&typeid=i","cat":284626},{"id":35450,"n":"Recharge Savon Mains Dettol Aloe Vera Hydratant 250ml","p":3.03,"u":"12,12 €/L","img":"https://fd9-photos.leclercdrive.fr/image.ashx?id=2879134&use=l&cat=p&typeid=i","cat":284597},{"id":35479,"n":"Déodorant Bille Femme Nivea Black&White Original - 50ml","p":1.89,"u":"37,80 €/L","img":"https://fd9-photos.leclercdrive.fr/image.ashx?id=2985471&use=l&cat=p&typeid=i","cat":284595},{"id":35498,"n":"Rasoir jetable Wilkinson Extra 2 Précision - x12","p":4.54,"u":"0,38 €/P","img":"https://fd9-photos.leclercdrive.fr/image.ashx?id=2424638&use=l&cat=p&typeid=i","cat":284616},{"id":35503,"n":"Gel à raser Williams Peaux sensibles 200ml","p":2.43,"u":"12,15 €/L","img":"https://fd9-photos.leclercdrive.fr/image.ashx?id=1966625&use=l&cat=p&typeid=i","cat":284617},{"id":35517,"n":"Laque Cheveux L'Oréal Paris Elnett Fixation Forte - 150ml","p":5.08,"u":"33,87 €/L","img":"https://fd9-photos.leclercdrive.fr/image.ashx?id=2056008&use=l&cat=p&typeid=i","cat":284609},{"id":35530,"n":"Mouchoirs en papier Lotus Boîte x1 - 80 mouchoirs","p":1.41,"u":"0,02 €/P","img":"https://fd9-photos.leclercdrive.fr/image.ashx?id=2867368&use=l&cat=p&typeid=i","cat":284638},{"id":35537,"n":"Recharge savon mains Palmolive Antibactérien -  250ml","p":0.61,"u":"2,44 €/L","img":"https://fd9-photos.leclercdrive.fr/image.ashx?id=2833180&use=l&cat=p&typeid=i","cat":284597},{"id":35646,"n":"Bière blonde Falsbourg Canette - 4.2%vol. - 50cl","p":0.69,"u":"1,38 €/L","img":"https://fd9-photos.leclercdrive.fr/image.ashx?id=2637904&use=l&cat=p&typeid=i","cat":334853},{"id":35647,"n":"Bière blonde Falsbourg Canette - 4.2%vol. - 6x33cl","p":2.69,"u":"1,36 €/L","img":"https://fd9-photos.leclercdrive.fr/image.ashx?id=2637913&use=l&cat=p&typeid=i","cat":334853},{"id":35716,"n":"Gourdes Goûters lactés Délisse Vanille - 4x85g","p":1.81,"u":"5,32 €/KG","img":"https://fd9-photos.leclercdrive.fr/image.ashx?id=2681427&use=l&cat=p&typeid=i","cat":284506},{"id":35729,"n":"Tiramisu Délisse Au café - 4x80g","p":2.49,"u":"7,78 €/KG","img":"https://fd9-photos.leclercdrive.fr/image.ashx?id=1990204&use=l&cat=p&typeid=i","cat":284419},{"id":35731,"n":"Crème dessert Chocolat Délisse Mix'n croc color 4x120g","p":2.09,"u":"4,35 €/KG","img":"https://fd9-photos.leclercdrive.fr/image.ashx?id=1707719&use=l&cat=p&typeid=i","cat":285041},{"id":35760,"n":"Céréales Miel Pops Kellogg's 620g","p":3.42,"u":"5,52 €/KG","img":"https://fd9-photos.leclercdrive.fr/image.ashx?id=2596952&use=l&cat=p&typeid=i","cat":309513},{"id":35761,"n":"Céréales Frosties Kellogg's 620g","p":3.4,"u":"5,48 €/KG","img":"https://fd9-photos.leclercdrive.fr/image.ashx?id=2589768&use=l&cat=p&typeid=i","cat":309513},{"id":35785,"n":"Bière belge Rince Cochon Fruits rouges - 7.5%vol. - 50cl","p":1.96,"u":"3,92 €/L","img":"https://fd9-photos.leclercdrive.fr/image.ashx?id=1741472&use=l&cat=p&typeid=i","cat":334853},{"id":35788,"n":"Café Soluble Nescafé 200g","p":5.77,"u":"28,85 €/KG","img":"https://fd9-photos.leclercdrive.fr/image.ashx?id=2810627&use=l&cat=p&typeid=i","cat":284843},{"id":35790,"n":"Nettoyant ménager Uni Vert Multi-surfaces 1L","p":1.53,"u":"1,53 €/L","img":"https://fd9-photos.leclercdrive.fr/image.ashx?id=2520837&use=l&cat=p&typeid=i","cat":284907},{"id":35815,"n":"Matière grasse St Hubert  Omega 3 - 52% MG - 255g","p":2.08,"u":"8,16 €/KG","img":"https://fd9-photos.leclercdrive.fr/image.ashx?id=2734093&use=l&cat=p&typeid=i","cat":315229},{"id":35816,"n":"Matière grasse St Hubert Omega3 52% MG - demi-sel - 255g","p":2.13,"u":"8,35 €/KG","img":"https://fd9-photos.leclercdrive.fr/image.ashx?id=2734096&use=l&cat=p&typeid=i","cat":315229},{"id":35820,"n":"Liquide pour cuisson Rustica végétal - 500ml","p":2.09,"u":"4,18 €/L","img":"https://fd9-photos.leclercdrive.fr/image.ashx?id=1887589&use=l&cat=p&typeid=i","cat":315229},{"id":35825,"n":"Fromage Pavé d'Affinois Original - 200g","p":2.45,"u":"12,25 €/KG","img":"https://fd9-photos.leclercdrive.fr/image.ashx?id=3002078&use=l&cat=p&typeid=i","cat":314033},{"id":35830,"n":"Yaourt La Laitière   Fruits panachés - 8x125g","p":3.59,"u":"3,59 €/KG","img":"https://fd9-photos.leclercdrive.fr/image.ashx?id=2744590&use=l&cat=p&typeid=i","cat":286006},{"id":35833,"n":"Yaourt La Laitière Citron - 4x125g","p":1.89,"u":"3,78 €/KG","img":"https://fd9-photos.leclercdrive.fr/image.ashx?id=2904065&use=l&cat=p&typeid=i","cat":286006},{"id":35837,"n":"Fromage blanc Bio Vrai Nature - 3.6%mg - 500g","p":2.0,"u":"4,00 €/KG","img":"https://fd9-photos.leclercdrive.fr/image.ashx?id=2516278&use=l&cat=p&typeid=i","cat":284409},{"id":35838,"n":"Yaourts nature Vrai Bio - 4x125g","p":1.28,"u":"2,56 €/KG","img":"https://fd9-photos.leclercdrive.fr/image.ashx?id=2360707&use=l&cat=p&typeid=i","cat":284409},{"id":35906,"n":"Gourdes Goûters lactés Délisse Chocolat - 4x85g","p":1.75,"u":"5,15 €/KG","img":"https://fd9-photos.leclercdrive.fr/image.ashx?id=2681424&use=l&cat=p&typeid=i","cat":284506},{"id":35907,"n":"Cassoulet mitonné   William Saurin - 840g","p":2.88,"u":"3,43 €/KG","img":"https://fd9-photos.leclercdrive.fr/image.ashx?id=2890148&use=l&cat=p&typeid=i","cat":284440},{"id":35908,"n":"Cassoulet mitonné   William Saurin - 420g","p":1.87,"u":"4,45 €/KG","img":"https://fd9-photos.leclercdrive.fr/image.ashx?id=2890151&use=l&cat=p&typeid=i","cat":284441},{"id":35917,"n":"Bière blonde Forte Extra Strong Canette - 8.4%vol. - 50cl","p":1.15,"u":"2,30 €/L","img":"https://fd9-photos.leclercdrive.fr/image.ashx?id=2927998&use=l&cat=p&typeid=i","cat":334853},{"id":35918,"n":"Jus de pomme Jafaden A base de concentré - 6x20cl","p":1.32,"u":"1,10 €/L","img":"https://fd9-photos.leclercdrive.fr/image.ashx?id=2079828&use=l&cat=p&typeid=i","cat":284524},{"id":35921,"n":"Pur jus de pomme Jafaden 1,5L","p":1.48,"u":"0,99 €/L","img":"https://fd9-photos.leclercdrive.fr/image.ashx?id=1936641&use=l&cat=p&typeid=i","cat":284522},{"id":35922,"n":"Bière blonde Forte Extra Strong Canette - 10%vol - 50cl","p":1.19,"u":"2,38 €/L","img":"https://fd9-photos.leclercdrive.fr/image.ashx?id=2928004&use=l&cat=p&typeid=i","cat":334853},{"id":35955,"n":"Magret de canard Périgord Nos Régions ont du Talent 410g","p":8.99,"u":"21,93 €/KG","img":"https://fd9-photos.leclercdrive.fr/image.ashx?id=2867925&use=l&cat=p&typeid=i","cat":284339},{"id":36009,"n":"Bâtonnets Trium Vanille Amandes x4 - 314g","p":2.05,"u":"6,53 €/KG","img":"https://fd9-photos.leclercdrive.fr/image.ashx?id=2051813&use=l&cat=p&typeid=i","cat":284265},{"id":36010,"n":"Bâtonnets Trium Vanille chocolat blanc x4 -308g","p":2.59,"u":"8,41 €/KG","img":"https://fd9-photos.leclercdrive.fr/image.ashx?id=1914951&use=l&cat=p&typeid=i","cat":284265},{"id":36037,"n":"Crème UHT Elle&Vire Fluide Entière - 30% MG - 3x20cl","p":3.14,"u":"5,23 €/L","img":"https://fd9-photos.leclercdrive.fr/image.ashx?id=3008551&use=l&cat=p&typeid=i","cat":284381},{"id":36039,"n":"Crème légère fluide UHT Délisse 12%mg - 3x20cl","p":1.84,"u":"3,07 €/L","img":"https://fd9-photos.leclercdrive.fr/image.ashx?id=1725031&use=l&cat=p&typeid=i","cat":284381},{"id":36040,"n":"Spécialité laitière UHT Délisse Semi-épaisse 4%mg - 3x20cl","p":2.21,"u":"3,68 €/L","img":"https://fd9-photos.leclercdrive.fr/image.ashx?id=1759885&use=l&cat=p&typeid=i","cat":284381},{"id":36041,"n":"Crème semi-épaisse entière UHT Délisse 30%mg - 3x20cl","p":3.5,"u":"5,83 €/L","img":"https://fd9-photos.leclercdrive.fr/image.ashx?id=2494099&use=l&cat=p&typeid=i","cat":284381},{"id":36115,"n":"Carré fondant Rians Au chocolat - 2x110g","p":2.28,"u":"10,36 €/KG","img":"https://fd9-photos.leclercdrive.fr/image.ashx?id=2495701&use=l&cat=p&typeid=i","cat":284419},{"id":36124,"n":"Haricots blancs Notre Jardin - 500g","p":1.03,"u":"2,06 €/KG","img":"https://fd9-photos.leclercdrive.fr/image.ashx?id=2482942&use=l&cat=p&typeid=i","cat":312606},{"id":36125,"n":"Haricots blancs Notre Jardin 250g","p":0.85,"u":"3,40 €/KG","img":"https://fd9-photos.leclercdrive.fr/image.ashx?id=2448983&use=l&cat=p&typeid=i","cat":312606},{"id":36195,"n":"Emincés de poulet Tradilège Rôti - Maxi format 2x125g","p":3.59,"u":"14,36 €/KG","img":"https://fd9-photos.leclercdrive.fr/image.ashx?id=2994372&use=l&cat=p&typeid=i","cat":316011},{"id":36197,"n":"Truite fumée Landvika Mini tranches - 100g","p":2.35,"u":"23,50 €/KG","img":"https://fd9-photos.leclercdrive.fr/image.ashx?id=2159415&use=l&cat=p&typeid=i","cat":285188},{"id":36198,"n":"Lardons supérieurs Tradilège Fumés maxi format 2x200g","p":3.39,"u":"8,48 €/KG","img":"https://fd9-photos.leclercdrive.fr/image.ashx?id=2921381&use=l&cat=p&typeid=i","cat":316011},{"id":36200,"n":"Coton Démaquillant Eco+ Prédécoupé - 200g","p":1.57,"u":"7,85 €/KG","img":"https://fd9-photos.leclercdrive.fr/image.ashx?id=2724535&use=l&cat=p&typeid=i","cat":285593},{"id":36201,"n":"Crème hydratante Eco+ Visage et corps - 250ml","p":1.59,"u":"6,36 €/L","img":"https://fd9-photos.leclercdrive.fr/image.ashx?id=2487410&use=l&cat=p&typeid=i","cat":325350},{"id":36206,"n":"Mousse à raser hydratante Eco+ Peaux normales - 300ml","p":0.85,"u":"2,83 €/L","img":"https://fd9-photos.leclercdrive.fr/image.ashx?id=2422683&use=l&cat=p&typeid=i","cat":284617},{"id":36267,"n":"Noix St Jacques NRT de Normandie - 300g","p":16.95,"u":"56,50 €/KG","img":"https://fd9-photos.leclercdrive.fr/image.ashx?id=1961976&use=l&cat=p&typeid=i","cat":319787},{"id":36270,"n":"Soufflés ExtraTerrestres Tokapi Salé - 80g","p":0.79,"u":"9,88 €/KG","img":"https://fd9-photos.leclercdrive.fr/image.ashx?id=1932960&use=l&cat=p&typeid=i","cat":284449},{"id":36308,"n":"Shampooing Nateïs Camomille abricot - 250ml","p":1.39,"u":"5,56 €/L","img":"https://fd9-photos.leclercdrive.fr/image.ashx?id=1886499&use=l&cat=p&typeid=i","cat":284606},{"id":36309,"n":"Shampooing Nateïs Cranberry Huile de jojoba 250ml","p":1.4,"u":"5,60 €/L","img":"https://fd9-photos.leclercdrive.fr/image.ashx?id=1905491&use=l&cat=p&typeid=i","cat":284606},{"id":36311,"n":"Shampooing Nateïs Huile d'argan - 250ml","p":1.29,"u":"5,16 €/L","img":"https://fd9-photos.leclercdrive.fr/image.ashx?id=2626796&use=l&cat=p&typeid=i","cat":284606},{"id":36313,"n":"Shampooing extra-doux Nateïs Karité / Huile d'avocat - 250ml","p":1.39,"u":"5,56 €/L","img":"https://fd9-photos.leclercdrive.fr/image.ashx?id=1905494&use=l&cat=p&typeid=i","cat":284606},{"id":36314,"n":"Shampooing Nateïs Fleur de tilleul pomme verte - 250ml","p":1.27,"u":"5,08 €/L","img":"https://fd9-photos.leclercdrive.fr/image.ashx?id=1898913&use=l&cat=p&typeid=i","cat":284606},{"id":36317,"n":"Dessert fruitier pomme Douceur Verger s/sucre 8x100g","p":1.99,"u":"2,49 €/KG","img":"https://fd9-photos.leclercdrive.fr/image.ashx?id=1957093&use=l&cat=p&typeid=i","cat":284416},{"id":36346,"n":"Rondelé au Bleu d'Aveyron 125g","p":1.73,"u":"13,84 €/KG","img":"https://fd9-photos.leclercdrive.fr/image.ashx?id=2877751&use=l&cat=p&typeid=i","cat":314029},{"id":36347,"n":"Rondelé aux Noix 125g","p":1.58,"u":"12,64 €/KG","img":"https://fd9-photos.leclercdrive.fr/image.ashx?id=2967732&use=l&cat=p&typeid=i","cat":314029},{"id":36348,"n":"Papier aluminium Alfapac Gaufré - Rouleau 20m","p":3.23,"img":"https://fd9-photos.leclercdrive.fr/image.ashx?id=2870446&use=l&cat=p&typeid=i","cat":334134},{"id":36354,"n":"Crème hydratante Mots d'Enfants Bio visage et corps - 75ml","p":2.19,"u":"29,20 €/L","img":"https://fd9-photos.leclercdrive.fr/image.ashx?id=3015078&use=l&cat=p&typeid=i","cat":284741},{"id":36355,"n":"Compote Douceur du Verger  Pomme Rhubarbe - 4x100g","p":1.28,"u":"3,20 €/KG","img":"https://fd9-photos.leclercdrive.fr/image.ashx?id=1913463&use=l&cat=p&typeid=i","cat":284416},{"id":36356,"n":"Compote Douceur du Verger Pomme Framboise - 4x100g","p":1.46,"u":"3,65 €/KG","img":"https://fd9-photos.leclercdrive.fr/image.ashx?id=3009788&use=l&cat=p&typeid=i","cat":284416},{"id":36388,"n":"Bière ambrée corse Pietra 6° - 6x25cl","p":8.34,"u":"5,56 €/L","img":"https://fd9-photos.leclercdrive.fr/image.ashx?id=3011464&use=l&cat=p&typeid=i","cat":334872},{"id":36395,"n":"Yaourt Nature Sucré Yoplait - 12x125g","p":2.66,"u":"1,77 €/KG","img":"https://fd9-photos.leclercdrive.fr/image.ashx?id=2796827&use=l&cat=p&typeid=i","cat":284409},{"id":36396,"n":"Gâteau fourré Mini BN Chocolat 175g","p":1.85,"u":"10,57 €/KG","img":"https://fd9-photos.leclercdrive.fr/image.ashx?id=2746854&use=l&cat=p&typeid=i","cat":284488},{"id":36397,"n":"Biscuits Mini BN Goûter à la fraise - 175g","p":1.83,"u":"10,46 €/KG","img":"https://fd9-photos.leclercdrive.fr/image.ashx?id=2748212&use=l&cat=p&typeid=i","cat":284489},{"id":36399,"n":"Pizza La Pizz Sodebo Chèvre lardons - 470g","p":3.61,"u":"7,68 €/KG","img":"https://fd9-photos.leclercdrive.fr/image.ashx?id=2851494&use=l&cat=p&typeid=i","cat":333679},{"id":36400,"n":"Pizza La Pizz Sodebo 4 fromages - 470g","p":3.53,"u":"7,51 €/KG","img":"https://fd9-photos.leclercdrive.fr/image.ashx?id=2905366&use=l&cat=p&typeid=i","cat":333679},{"id":36401,"n":"Pizza Dolce Sodebo 4 fromaggi - 380g","p":3.93,"u":"10,34 €/KG","img":"https://fd9-photos.leclercdrive.fr/image.ashx?id=2921636&use=l&cat=p&typeid=i","cat":333679},{"id":36402,"n":"Pizza Dolce Sodebo Prosciutto Jambon Mozza - 400g","p":3.51,"u":"8,78 €/KG","img":"https://fd9-photos.leclercdrive.fr/image.ashx?id=2919277&use=l&cat=p&typeid=i","cat":333679},{"id":36403,"n":"Pizza Dolce Sodebo Campanella Jambon Speck - 380g","p":3.69,"u":"9,71 €/KG","img":"https://fd9-photos.leclercdrive.fr/image.ashx?id=2921639&use=l&cat=p&typeid=i","cat":333679},{"id":36404,"n":"Pizza Dolce Sodebo Regina Jambon Champignons 400g","p":3.81,"u":"9,53 €/KG","img":"https://fd9-photos.leclercdrive.fr/image.ashx?id=3008251&use=l&cat=p&typeid=i","cat":333679},{"id":36412,"n":"Compote Douceur du Verger Coupelle pomme - 16x100g","p":3.09,"u":"1,93 €/KG","img":"https://fd9-photos.leclercdrive.fr/image.ashx?id=2663512&use=l&cat=p&typeid=i","cat":284508},{"id":36414,"n":"Compote Douceur du Verger Coupelle pomme - 8x100g","p":1.89,"u":"2,36 €/KG","img":"https://fd9-photos.leclercdrive.fr/image.ashx?id=2663506&use=l&cat=p&typeid=i","cat":284508},{"id":36416,"n":"Compote Douceur du Verger Coupelle pomme rhubarbe -4x100g","p":1.3,"u":"3,25 €/KG","img":"https://fd9-photos.leclercdrive.fr/image.ashx?id=2663521&use=l&cat=p&typeid=i","cat":284508},{"id":36417,"n":"Compote Douceur du Verger Gourdes multivariétés - 4x90g","p":1.69,"u":"4,69 €/KG","img":"https://fd9-photos.leclercdrive.fr/image.ashx?id=2805030&use=l&cat=p&typeid=i","cat":284508},{"id":36418,"n":"Compote Douceur du Verger Gourdes Pomme Poire - 4x90g","p":1.49,"u":"4,14 €/KG","img":"https://fd9-photos.leclercdrive.fr/image.ashx?id=2837054&use=l&cat=p&typeid=i","cat":284508},{"id":36419,"n":"Compote Douceur du Verger Coupelle pomme - 4x100g","p":0.99,"u":"2,48 €/KG","img":"https://fd9-photos.leclercdrive.fr/image.ashx?id=2663524&use=l&cat=p&typeid=i","cat":284508},{"id":36421,"n":"Fromage Petit Livarot NRT AOP  250g","p":4.99,"u":"19,96 €/KG","img":"https://fd9-photos.leclercdrive.fr/image.ashx?id=2070440&use=l&cat=p&typeid=i","cat":329558},{"id":36424,"n":"Brownie P'tit Deli Chocolat noisette 285g","p":1.85,"u":"6,49 €/KG","img":"https://fd9-photos.leclercdrive.fr/image.ashx?id=2892055&use=l&cat=p&typeid=i","cat":294776},{"id":36437,"n":"Friandises pour chien Lydog Assortiment sticks - x15 126g","p":1.33,"u":"10,56 €/KG","img":"https://fd9-photos.leclercdrive.fr/image.ashx?id=1947271&use=l&cat=p&typeid=i","cat":294527},{"id":36438,"n":"Sticks dentaires Lydog Petit chien - x7 110g","p":0.99,"u":"9,00 €/KG","img":"https://fd9-photos.leclercdrive.fr/image.ashx?id=1878604&use=l&cat=p&typeid=i","cat":294527},{"id":36441,"n":"Aiguillettes poulet Tradilège Rôti - 2x75g","p":2.05,"u":"13,67 €/KG","img":"https://fd9-photos.leclercdrive.fr/image.ashx?id=2279996&use=l&cat=p&typeid=i","cat":316011},{"id":36454,"n":"Pastilles NRT  Du Bassin de Vichy - 230g","p":0.98,"u":"4,26 €/KG","img":"https://fd9-photos.leclercdrive.fr/image.ashx?id=2771079&use=l&cat=p&typeid=i","cat":304252},{"id":36504,"n":"Pizza La Pizz Sodebo Jambon emmental - 470g","p":2.92,"u":"6,21 €/KG","img":"https://fd9-photos.leclercdrive.fr/image.ashx?id=2886786&use=l&cat=p&typeid=i","cat":333679},{"id":36633,"n":"Glace Cône Nestlé Extrême Crème brulée x6 - 426g","p":3.63,"u":"8,52 €/KG","img":"https://fd9-photos.leclercdrive.fr/image.ashx?id=2831672&use=l&cat=p&typeid=i","cat":284264},{"id":36650,"n":"Barres céréales Bio Village Bio Fraise x6 125g","p":1.79,"u":"14,32 €/KG","img":"https://fd9-photos.leclercdrive.fr/image.ashx?id=2807306&use=l&cat=p&typeid=i","cat":285869},{"id":36651,"n":"Barres céréales Bio Village Bio Chocolat noir x6 125g","p":1.95,"u":"15,60 €/KG","img":"https://fd9-photos.leclercdrive.fr/image.ashx?id=2807309&use=l&cat=p&typeid=i","cat":285869},{"id":36656,"n":"Soupe liquide Liebig  Velouté 10 légumes - Brique 1L","p":1.68,"u":"1,68 €/L","img":"https://fd9-photos.leclercdrive.fr/image.ashx?id=2892133&use=l&cat=p&typeid=i","cat":284462},{"id":36658,"n":"Soupe liquide Liebig  Mouliné 10 légumes - Brique 1L","p":1.65,"u":"1,65 €/L","img":"https://fd9-photos.leclercdrive.fr/image.ashx?id=2651396&use=l&cat=p&typeid=i","cat":284462},{"id":36704,"n":"Sucre en morceaux Daddy Demi-morceaux rond - 750g","p":1.68,"u":"2,24 €/KG","img":"https://fd9-photos.leclercdrive.fr/image.ashx?id=2907947&use=l&cat=p&typeid=i","cat":284502},{"id":36706,"n":"Sucre glace Daddy Sachet 1kg","p":2.81,"u":"2,81 €/KG","img":"https://fd9-photos.leclercdrive.fr/image.ashx?id=2973589&use=l&cat=p&typeid=i","cat":284502},{"id":36707,"n":"Sirop d'agave Bio Daddy 360g","p":3.35,"u":"9,31 €/KG","img":"https://fd9-photos.leclercdrive.fr/image.ashx?id=2480210&use=l&cat=p&typeid=i","cat":287643},{"id":36710,"n":"Sucre canne Béghin Say Pure - en morceaux - 750g","p":2.33,"u":"3,11 €/KG","img":"https://fd9-photos.leclercdrive.fr/image.ashx?id=2948830&use=l&cat=p&typeid=i","cat":284502},{"id":36711,"n":"Sucre cassonade Béghin Say En poudre - 750g","p":2.21,"u":"2,95 €/KG","img":"https://fd9-photos.leclercdrive.fr/image.ashx?id=2949928&use=l&cat=p&typeid=i","cat":284502},{"id":36720,"n":"Haricots blancs à la tomate 400 g","p":0.75,"u":"1,88 €/KG","img":"https://fd9-photos.leclercdrive.fr/image.ashx?id=2988078&use=l&cat=p&typeid=i","cat":312606},{"id":36721,"n":"Lait chat et chaton Whiskas 3x200ml","p":2.57,"u":"4,28 €/L","img":"https://fd9-photos.leclercdrive.fr/image.ashx?id=2759670&use=l&cat=p&typeid=i","cat":285285},{"id":36756,"n":"Haricots Blancs à la tomate 800g","p":1.08,"u":"1,35 €/KG","img":"https://fd9-photos.leclercdrive.fr/image.ashx?id=2988075&use=l&cat=p&typeid=i","cat":312606},{"id":36811,"n":"Chewing-gum Freedent Fraise 5x10 dragées 70g","p":2.39,"u":"34,14 €/KG","img":"https://fd9-photos.leclercdrive.fr/image.ashx?id=2325485&use=l&cat=p&typeid=i","cat":304251},{"id":36814,"n":"Chewing-gum Freedent Menthe verte boîte 84g","p":2.39,"u":"28,45 €/KG","img":"https://fd9-photos.leclercdrive.fr/image.ashx?id=2024402&use=l&cat=p&typeid=i","cat":304251},{"id":36819,"n":"Chocolat Noir After Eight Fourré Menthe - 300g","p":4.64,"u":"15,47 €/KG","img":"https://fd9-photos.leclercdrive.fr/image.ashx?id=2348782&use=l&cat=p&typeid=i","cat":284499},{"id":36821,"n":"Biscuits M&M's  x10 - 198g","p":2.11,"u":"10,66 €/KG","img":"https://fd9-photos.leclercdrive.fr/image.ashx?id=2148416&use=l&cat=p&typeid=i","cat":284488},{"id":36824,"n":"Tablette Villars Chocolat au lait & liqueur de poire 100g","p":3.06,"u":"30,60 €/KG","img":"https://fd9-photos.leclercdrive.fr/image.ashx?id=2656174&use=l&cat=p&typeid=i","cat":284497},{"id":36847,"n":"Tablette chocolat Milka Chocolat au lait/Oreo - 2x100g","p":2.99,"u":"14,95 €/KG","img":"https://fd9-photos.leclercdrive.fr/image.ashx?id=2382321&use=l&cat=p&typeid=i","cat":284497},{"id":36903,"n":"Lentilles vertes NRT Du Centre-Val-de-Loire - 500g","p":1.99,"u":"3,98 €/KG","img":"https://fd9-photos.leclercdrive.fr/image.ashx?id=2635771&use=l&cat=p&typeid=i","cat":284430},{"id":36920,"n":"Protège-slips Doulys Ultra-mince - Large - x30","p":0.82,"u":"0,03 €/P","img":"https://fd9-photos.leclercdrive.fr/image.ashx?id=2223093&use=l&cat=p&typeid=i","cat":284625},{"id":37025,"n":"Granulés de bois Pellex Poêles à granulés sac - 15kg","p":4.89,"u":"0,33 €/KG","img":"https://fd9-photos.leclercdrive.fr/image.ashx?id=2023646&use=l&cat=p&typeid=i","cat":300577},{"id":37030,"n":"Farine suprême Francine 1kg","p":1.71,"u":"1,71 €/KG","img":"https://fd9-photos.leclercdrive.fr/image.ashx?id=2902654&use=l&cat=p&typeid=i","cat":284503},{"id":37031,"n":"Huile d'olive Puget Vierge extra - 1,5L","p":18.14,"u":"12,09 €/L","img":"https://fd9-photos.leclercdrive.fr/image.ashx?id=2144452&use=l&cat=p&typeid=i","cat":284453},{"id":37033,"n":"Douceur Crème balsamique  Rustica - 25cl","p":1.79,"u":"7,16 €/L","img":"https://fd9-photos.leclercdrive.fr/image.ashx?id=2781877&use=l&cat=p&typeid=i","cat":284456},{"id":37049,"n":"Sauce Samourai Amora 255g","p":1.5,"u":"6,67 €/KG","img":"https://fd9-photos.leclercdrive.fr/image.ashx?id=2893838&use=l&cat=p&typeid=i","cat":318431},{"id":37053,"n":"Sucre pure canne Beghin Say Petits morceaux - 1kg","p":3.19,"u":"3,19 €/KG","img":"https://fd9-photos.leclercdrive.fr/image.ashx?id=2949922&use=l&cat=p&typeid=i","cat":284502},{"id":37054,"n":"Sucre pure canne Beghin Say Morceaux - 1kg","p":2.2,"u":"2,20 €/KG","img":"https://fd9-photos.leclercdrive.fr/image.ashx?id=2978688&use=l&cat=p&typeid=i","cat":284502},{"id":37062,"n":"Crème Visage Jour FPS 15 Nivea Anti-rides Fermeté Q10 - 50ml","p":9.57,"u":"191,40 €/L","img":"https://fd9-photos.leclercdrive.fr/image.ashx?id=2859701&use=l&cat=p&typeid=i","cat":325345},{"id":37107,"n":"Gel lavant mains Manava Spécial cuisine - 300ml","p":0.99,"u":"3,30 €/L","img":"https://fd9-photos.leclercdrive.fr/image.ashx?id=2355151&use=l&cat=p&typeid=i","cat":284597},{"id":37115,"n":"Lait toilette Mixa Bébé Très doux 250ml","p":2.16,"u":"8,64 €/L","img":"https://fd9-photos.leclercdrive.fr/image.ashx?id=2278304&use=l&cat=p&typeid=i","cat":284741},{"id":37120,"n":"Sauce Soja sucrée Kikkoman 250ml","p":4.23,"u":"16,92 €/L","img":"https://fd9-photos.leclercdrive.fr/image.ashx?id=2536296&use=l&cat=p&typeid=i","cat":288992},{"id":37125,"n":"Mogettes cuisinées Alain Martin A la Charentaise - 800g","p":3.91,"u":"4,89 €/KG","img":"https://fd9-photos.leclercdrive.fr/image.ashx?id=2755438&use=l&cat=p&typeid=i","cat":312606},{"id":37126,"n":"Haricots cuisinés Alain Martin Graisse de canard lardon - 800g","p":3.81,"u":"4,76 €/KG","img":"https://fd9-photos.leclercdrive.fr/image.ashx?id=2020638&use=l&cat=p&typeid=i","cat":312606},{"id":37149,"n":"Cookies Méga pépites P'tit Déli Chocolat noisettes 184g","p":1.51,"u":"8,21 €/KG","img":"https://fd9-photos.leclercdrive.fr/image.ashx?id=2116149&use=l&cat=p&typeid=i","cat":325066},{"id":37198,"n":"Poêlée Notre Jardin Méditerranéenne 750g","p":3.17,"u":"4,23 €/KG","img":"https://fd9-photos.leclercdrive.fr/image.ashx?id=2034527&use=l&cat=p&typeid=i","cat":319823},{"id":37199,"n":"Poêlée Notre Jardin Parisienne 750g","p":2.24,"u":"2,99 €/KG","img":"https://fd9-photos.leclercdrive.fr/image.ashx?id=2481991&use=l&cat=p&typeid=i","cat":319823},{"id":37255,"n":"Céréales Extra Kellogg's Noisettes Caramelisées - 500g","p":3.22,"u":"6,44 €/KG","img":"https://fd9-photos.leclercdrive.fr/image.ashx?id=2736598&use=l&cat=p&typeid=i","cat":309512},{"id":37261,"n":"Boisson au thé Fresh Tea Mangue - 1,5L","p":1.24,"u":"0,83 €/L","img":"https://fd9-photos.leclercdrive.fr/image.ashx?id=2622260&use=l&cat=p&typeid=i","cat":295019},{"id":37262,"n":"Boisson au thé Fresh Tea Framboise - 1,5L","p":1.33,"u":"0,89 €/L","img":"https://fd9-photos.leclercdrive.fr/image.ashx?id=2982619&use=l&cat=p&typeid=i","cat":295019},{"id":37278,"n":"Orangina Pik Haribo Sachet bonbons acidulés - 250g","p":1.59,"u":"6,36 €/KG","img":"https://fd9-photos.leclercdrive.fr/image.ashx?id=2806090&use=l&cat=p&typeid=i","cat":304250},{"id":37281,"n":"Bonbons Longfizz Lutti 200g","p":1.33,"u":"6,65 €/KG","img":"https://fd9-photos.leclercdrive.fr/image.ashx?id=2962173&use=l&cat=p&typeid=i","cat":304250},{"id":37283,"n":"Compote bio Bio Village Pomme châtaigne - 4x100g","p":1.89,"u":"4,73 €/KG","img":"https://fd9-photos.leclercdrive.fr/image.ashx?id=725380&use=l&cat=p&typeid=i","cat":284416},{"id":37286,"n":"Paëlla royale Marie 900g","p":4.69,"u":"5,21 €/KG","img":"https://fd9-photos.leclercdrive.fr/image.ashx?id=2996770&use=l&cat=p&typeid=i","cat":284254},{"id":37403,"n":"Sachet fraîcheur chien Pedigree  Mixte en sauce - 12x100g","p":5.07,"u":"4,23 €/KG","img":"https://fd9-photos.leclercdrive.fr/image.ashx?id=2870242&use=l&cat=p&typeid=i","cat":284673},{"id":37405,"n":"Foie de morue Connétable MSC Nature - 121g","p":2.05,"u":"16,94 €/KG","img":"https://fd9-photos.leclercdrive.fr/image.ashx?id=2918718&use=l&cat=p&typeid=i","cat":305147},{"id":37436,"n":"Brosse à dents enfant Dentamyl Clignotante - Multicoloris x1","p":1.99,"img":"https://fd9-photos.leclercdrive.fr/image.ashx?id=1953648&use=l&cat=p&typeid=i","cat":288897},{"id":37438,"n":"Papier cuisson Elembal Rouleau 15m","p":1.79,"img":"https://fd9-photos.leclercdrive.fr/image.ashx?id=2158218&use=l&cat=p&typeid=i","cat":334134},{"id":37456,"n":"Saucisse fumée Tradilège VPF x3 375g","p":3.18,"u":"8,48 €/KG","img":"https://fd9-photos.leclercdrive.fr/image.ashx?id=2659085&use=l&cat=p&typeid=i","cat":316012},{"id":37457,"n":"Yaourt bio Les 2 Vaches brassé nature - 4x115g","p":1.32,"u":"2,87 €/KG","img":"https://fd9-photos.leclercdrive.fr/image.ashx?id=2571545&use=l&cat=p&typeid=i","cat":284409},{"id":37467,"n":"Infusion Tiséa Fruits rouges 25 sachets 40g","p":0.92,"u":"23,00 €/KG","img":"https://fd9-photos.leclercdrive.fr/image.ashx?id=2757930&use=l&cat=p&typeid=i","cat":293234},{"id":37468,"n":"Jambon cru Fine Fondante Aoste Sans conservateur - x6 - 100g","p":3.53,"u":"35,30 €/KG","img":"https://fd9-photos.leclercdrive.fr/image.ashx?id=2937172&use=l&cat=p&typeid=i","cat":316007},{"id":37540,"n":"Compote bébé Bio Village Bio Pomme vanille 4 mois 4x100g","p":1.99,"u":"4,98 €/KG","img":"https://fd9-photos.leclercdrive.fr/image.ashx?id=2704750&use=l&cat=p&typeid=i","cat":312387},{"id":37541,"n":"Compote bébé Bio Village Bio Pomme /Banane 4 mois 4x100g","p":1.89,"u":"4,73 €/KG","img":"https://fd9-photos.leclercdrive.fr/image.ashx?id=2704753&use=l&cat=p&typeid=i","cat":312387},{"id":37542,"n":"Compote bébé Bio Village bio Poire williams - 4 mois -4x100g","p":1.89,"u":"4,73 €/KG","img":"https://fd9-photos.leclercdrive.fr/image.ashx?id=2704747&use=l&cat=p&typeid=i","cat":312387},{"id":37580,"n":"Soupe Régal Soupe Légumes et vermicelles - 1L","p":1.84,"u":"1,84 €/L","img":"https://fd9-photos.leclercdrive.fr/image.ashx?id=2983802&use=l&cat=p&typeid=i","cat":284462},{"id":37593,"n":"Snacks chats Tous mes amis Poulet fromage - 60g","p":0.84,"u":"14,00 €/KG","img":"https://fd9-photos.leclercdrive.fr/image.ashx?id=1947280&use=l&cat=p&typeid=i","cat":285285},{"id":37595,"n":"Snacks chats Tous mes amis Saumon - 60g","p":0.89,"u":"14,83 €/KG","img":"https://fd9-photos.leclercdrive.fr/image.ashx?id=1938588&use=l&cat=p&typeid=i","cat":285285},{"id":37596,"n":"Snacks chats Tous mes amis Contre les boules de poils- 60g","p":0.99,"u":"16,50 €/KG","img":"https://fd9-photos.leclercdrive.fr/image.ashx?id=1947277&use=l&cat=p&typeid=i","cat":285285},{"id":37615,"n":"Rasoirs jetables Eco+ x10","p":0.71,"u":"0,07 €/P","img":"https://fd9-photos.leclercdrive.fr/image.ashx?id=2913642&use=l&cat=p&typeid=i","cat":284616},{"id":37623,"n":"Trancetto Balconi Cacao x10 280g","p":1.39,"u":"4,96 €/KG","img":"https://fd9-photos.leclercdrive.fr/image.ashx?id=2878414&use=l&cat=p&typeid=i","cat":284495},{"id":37635,"n":"Cassoulet Charles Christ 820g","p":2.81,"u":"3,43 €/KG","img":"https://fd9-photos.leclercdrive.fr/image.ashx?id=1866775&use=l&cat=p&typeid=i","cat":284440},{"id":37712,"n":"Haricots Verts Cassegrain Extra Fins Cueillis main 390g","p":2.99,"u":"7,67 €/KG","img":"https://fd9-photos.leclercdrive.fr/image.ashx?id=2913025&use=l&cat=p&typeid=i","cat":312606},{"id":37713,"n":"Harissa Phare du Cap Bon Tube - 140g","p":0.64,"u":"4,57 €/KG","img":"https://fd9-photos.leclercdrive.fr/image.ashx?id=2239044&use=l&cat=p&typeid=i","cat":289013},{"id":37774,"n":"Recharge Dentamyl Brosse à dents électrique x2","p":6.99,"u":"3,50 €/P","img":"https://fd9-photos.leclercdrive.fr/image.ashx?id=2790967&use=l&cat=p&typeid=i","cat":297133},{"id":37775,"n":"Serviette incontinence Chorys Maxi - x12","p":3.65,"u":"0,30 €/P","img":"https://fd9-photos.leclercdrive.fr/image.ashx?id=2393884&use=l&cat=p&typeid=i","cat":284628},{"id":37786,"n":"Boeuf Bourguignon *** à mijoter - 1kg","p":11.9,"u":"11,90 €/KG","img":"https://fd9-photos.leclercdrive.fr/image.ashx?id=659562&use=l&cat=p&typeid=i","cat":284328},{"id":37842,"n":"Thé glacé zéro Fresh Tea  Pêche - 1,5L","p":1.29,"u":"0,86 €/L","img":"https://fd9-photos.leclercdrive.fr/image.ashx?id=2622266&use=l&cat=p&typeid=i","cat":295019},{"id":37858,"n":"Blanquette de veau avec os**  à mijoter -  800g","p":14.32,"u":"17,90 €/KG","img":"https://fd9-photos.leclercdrive.fr/image.ashx?id=618998&use=l&cat=p&typeid=i","cat":284329},{"id":37862,"n":"Couches Bébé Eco+ T5 - x52 changes","p":6.94,"u":"0,13 €/P","img":"https://fd9-photos.leclercdrive.fr/image.ashx?id=2487144&use=l&cat=p&typeid=i","cat":284737},{"id":37863,"n":"Compresses stériles Primoplast Ultra-douces x20","p":2.6,"u":"0,13 €/P","img":"https://fd9-photos.leclercdrive.fr/image.ashx?id=2832960&use=l&cat=p&typeid=i","cat":284630},{"id":37864,"n":"Bouchons oreilles Primoplast Mousse x8","p":3.99,"u":"0,50 €/P","img":"https://fd9-photos.leclercdrive.fr/image.ashx?id=2856513&use=l&cat=p&typeid=i","cat":284630},{"id":37867,"n":"Rillettes Tradilège poulet 110g","p":1.4,"u":"12,73 €/KG","img":"https://fd9-photos.leclercdrive.fr/image.ashx?id=2683586&use=l&cat=p&typeid=i","cat":316008},{"id":37875,"n":"Sucre en poudre Beghin Say Extra fin - 750g","p":2.02,"u":"2,69 €/KG","img":"https://fd9-photos.leclercdrive.fr/image.ashx?id=2313882&use=l&cat=p&typeid=i","cat":284502},{"id":38000,"n":"Shampooing douche Petit Manava Pomme-poire - 500ml","p":2.19,"u":"4,38 €/L","img":"https://fd9-photos.leclercdrive.fr/image.ashx?id=2403694&use=l&cat=p&typeid=i","cat":284606},{"id":38022,"n":"Barquette allégée Elle&Vire Doux - 20% MG - 250g","p":1.97,"u":"7,88 €/KG","img":"https://fd9-photos.leclercdrive.fr/image.ashx?id=2763460&use=l&cat=p&typeid=i","cat":284379},{"id":38027,"n":"Quinoa gourmand Tipiak 400g","p":2.29,"u":"5,73 €/KG","img":"https://fd9-photos.leclercdrive.fr/image.ashx?id=2640617&use=l&cat=p&typeid=i","cat":284429},{"id":38054,"n":"Thé glacé pétillant Liptonic  Ice Tea Pêche - 1,5L","p":1.93,"u":"1,29 €/L","img":"https://fd9-photos.leclercdrive.fr/image.ashx?id=2159598&use=l&cat=p&typeid=i","cat":295019},{"id":38100,"n":"Chocolat en poudre Nesquik Boîte 490g","p":3.69,"u":"7,53 €/KG","img":"https://fd9-photos.leclercdrive.fr/image.ashx?id=3005305&use=l&cat=p&typeid=i","cat":293235},{"id":38220,"n":"Pansements Primoplast Anti-ampoules x6","p":3.15,"img":"https://fd9-photos.leclercdrive.fr/image.ashx?id=2955716&use=l&cat=p&typeid=i","cat":284630},{"id":38226,"n":"Compresses stériles Primoplast Gaze x60","p":4.99,"u":"0,08 €/P","img":"https://fd9-photos.leclercdrive.fr/image.ashx?id=2834181&use=l&cat=p&typeid=i","cat":284630},{"id":38228,"n":"Vaseline Primoplast Tube 50ml","p":1.47,"u":"29,40 €/L","img":"https://fd9-photos.leclercdrive.fr/image.ashx?id=2856519&use=l&cat=p&typeid=i","cat":284630},{"id":38230,"n":"Mouchoirs blancs 4 plis Caresse Pock kid mouchoirs papier x10","p":1.12,"u":"0,11 €/P","img":"https://fd9-photos.leclercdrive.fr/image.ashx?id=2856687&use=l&cat=p&typeid=i","cat":284638},{"id":38232,"n":"Mouchoirs blancs 3 plis Caresse Boîte décor aléatoire Kids -x60","p":1.75,"u":"0,03 €/P","img":"https://fd9-photos.leclercdrive.fr/image.ashx?id=2380809&use=l&cat=p&typeid=i","cat":284638},{"id":38234,"n":"Dessert - P'tit Brassé Nestlé Banane - dès 6 mois - 4x100g","p":2.05,"u":"5,13 €/KG","img":"https://fd9-photos.leclercdrive.fr/image.ashx?id=2615131&use=l&cat=p&typeid=i","cat":312392},{"id":38235,"n":"Dessert - P'tit Brassé Nestlé Framboise - dès 6 mois - 4x100g","p":1.69,"u":"4,23 €/KG","img":"https://fd9-photos.leclercdrive.fr/image.ashx?id=2604876&use=l&cat=p&typeid=i","cat":312392},{"id":38236,"n":"Dessert - P'tit Brassé Nestlé Abricot - dès 6 mois - 4x100g","p":1.68,"u":"4,20 €/KG","img":"https://fd9-photos.leclercdrive.fr/image.ashx?id=2600569&use=l&cat=p&typeid=i","cat":312392},{"id":38237,"n":"Dessert - P'tit Brassé Nestlé Poire - dès 6 mois - 4x100g","p":1.88,"u":"4,70 €/KG","img":"https://fd9-photos.leclercdrive.fr/image.ashx?id=2615756&use=l&cat=p&typeid=i","cat":312392},{"id":38238,"n":"Dessert - P'tit Brassé Nestlé Fraise - dès 6 mois - 4x100g","p":1.68,"u":"4,20 €/KG","img":"https://fd9-photos.leclercdrive.fr/image.ashx?id=2510187&use=l&cat=p&typeid=i","cat":312392},{"id":38239,"n":"Dessert - P'tit Brassé Nestlé Myrtille - dès 6 mois - 4x100g","p":2.0,"u":"5,00 €/KG","img":"https://fd9-photos.leclercdrive.fr/image.ashx?id=2583235&use=l&cat=p&typeid=i","cat":312392},{"id":38297,"n":"Matière grasse St Hubert Omega3 52%mg - demi-sel - 510g","p":3.65,"u":"7,16 €/KG","img":"https://fd9-photos.leclercdrive.fr/image.ashx?id=2734099&use=l&cat=p&typeid=i","cat":315229},{"id":38298,"n":"Matière grasse St Hubert Omega 3 - 52%mg - doux - 510g","p":3.4,"u":"6,67 €/KG","img":"https://fd9-photos.leclercdrive.fr/image.ashx?id=2734108&use=l&cat=p&typeid=i","cat":315229},{"id":38304,"n":"Taboulé Pierre Martinet Au poulet - 300g","p":1.72,"u":"5,73 €/KG","img":"https://fd9-photos.leclercdrive.fr/image.ashx?id=2990529&use=l&cat=p&typeid=i","cat":333657},{"id":38322,"n":"Compote Douceur du Verger Gourdes multivariétés - 20x90g","p":5.95,"u":"3,31 €/KG","img":"https://fd9-photos.leclercdrive.fr/image.ashx?id=2837060&use=l&cat=p&typeid=i","cat":284508},{"id":38379,"n":"Shampooing Manava Aux oeufs 500ml","p":1.0,"u":"2,00 €/L","img":"https://fd9-photos.leclercdrive.fr/image.ashx?id=2852243&use=l&cat=p&typeid=i","cat":284606},{"id":38510,"n":"Shampooing 2en1 Manava Lait amande douce - 500ml","p":1.0,"u":"2,00 €/L","img":"https://fd9-photos.leclercdrive.fr/image.ashx?id=1903860&use=l&cat=p&typeid=i","cat":284606},{"id":38524,"n":"Tendres perles Blé Tipiak Prêt en 5 min - 350g","p":1.48,"u":"4,23 €/KG","img":"https://fd9-photos.leclercdrive.fr/image.ashx?id=2640614&use=l&cat=p&typeid=i","cat":284429},{"id":38562,"n":"Cône Nestlé Extrême  Vanille de Madagascar x6 - 426g","p":3.49,"u":"8,19 €/KG","img":"https://fd9-photos.leclercdrive.fr/image.ashx?id=3000432&use=l&cat=p&typeid=i","cat":284264},{"id":38563,"n":"Cône Extrême Nestlé Chocolat intense 6x71g","p":3.5,"u":"8,22 €/KG","img":"https://fd9-photos.leclercdrive.fr/image.ashx?id=2353089&use=l&cat=p&typeid=i","cat":284264},{"id":38634,"n":"Compas Esquisse Coffret 3 pièces","p":1.99,"img":"https://fd9-photos.leclercdrive.fr/image.ashx?id=1678426&use=l&cat=p&typeid=i","cat":334133},{"id":38705,"n":"Chocolat Pâtissier Nestlé Dessert - 2x205g","p":5.86,"u":"14,29 €/KG","img":"https://fd9-photos.leclercdrive.fr/image.ashx?id=2959491&use=l&cat=p&typeid=i","cat":285562},{"id":38724,"n":"Madeleines coquilles NRT 330g","p":3.29,"u":"9,97 €/KG","img":"https://fd9-photos.leclercdrive.fr/image.ashx?id=2704903&use=l&cat=p&typeid=i","cat":284492},{"id":38735,"n":"Lait de douche Manava Lait et miel - 250ml","p":0.94,"u":"3,76 €/L","img":"https://fd9-photos.leclercdrive.fr/image.ashx?id=1628283&use=l&cat=p&typeid=i","cat":284594},{"id":38765,"n":"Soda Jean's Cola Cherry Bouteille - 1,5L","p":1.49,"u":"0,99 €/L","img":"https://fd9-photos.leclercdrive.fr/image.ashx?id=2637916&use=l&cat=p&typeid=i","cat":284530},{"id":38773,"n":"Pur jus d'orange Jafaden Avec pulpe - 1,5L","p":3.0,"u":"2,00 €/L","img":"https://fd9-photos.leclercdrive.fr/image.ashx?id=2496893&use=l&cat=p&typeid=i","cat":284521},{"id":38780,"n":"Shampooing Manava Anti-pelliculaire 500ml","p":1.0,"u":"2,00 €/L","img":"https://fd9-photos.leclercdrive.fr/image.ashx?id=1903863&use=l&cat=p&typeid=i","cat":284606},{"id":38781,"n":"Mouchoirs blancs 4 plis Caresse Boîte mouchoirs papier - x80","p":1.1,"u":"0,01 €/P","img":"https://fd9-photos.leclercdrive.fr/image.ashx?id=2801049&use=l&cat=p&typeid=i","cat":284638},{"id":38799,"n":"Essuie-tout Mimosa Demi-feuille - x3","p":4.9,"u":"1,63 €/P","img":"https://fd9-photos.leclercdrive.fr/image.ashx?id=2418335&use=l&cat=p&typeid=i","cat":284635},{"id":38801,"n":"Déodorant spray Manava Vanille 100ml","p":1.39,"u":"13,90 €/L","img":"https://fd9-photos.leclercdrive.fr/image.ashx?id=2671408&use=l&cat=p&typeid=i","cat":284595},{"id":38803,"n":"Déodorant spray grenade Manava A l'huile sauge sclarée - 100ml","p":1.39,"u":"13,90 €/L","img":"https://fd9-photos.leclercdrive.fr/image.ashx?id=2656448&use=l&cat=p&typeid=i","cat":284595},{"id":38812,"n":"Pains au lait Pasquier x10 - 350g","p":1.37,"u":"3,91 €/KG","img":"https://fd9-photos.leclercdrive.fr/image.ashx?id=2576940&use=l&cat=p&typeid=i","cat":293505},{"id":38857,"n":"Fromage Boursin cuisine Ail & fines herbes - 240g","p":2.33,"u":"9,71 €/KG","img":"https://fd9-photos.leclercdrive.fr/image.ashx?id=2615418&use=l&cat=p&typeid=i","cat":314029},{"id":38868,"n":"Chips ondulées Pom'Lisse Poulet rôti - 135g","p":1.05,"u":"7,78 €/KG","img":"https://fd9-photos.leclercdrive.fr/image.ashx?id=2919625&use=l&cat=p&typeid=i","cat":284447},{"id":38985,"n":"Beurre Grand Fermage  Demi-sel - 80% MG - 250g","p":2.61,"u":"10,44 €/KG","img":"https://fd9-photos.leclercdrive.fr/image.ashx?id=2915569&use=l&cat=p&typeid=i","cat":284379},{"id":39024,"n":"AOP Entre-deux-mers blanc Cuvée Hortense - 75cl","p":4.9,"pp":3.67,"u":"4,89 €/L","img":"https://fd9-photos.leclercdrive.fr/image.ashx?id=2516068&use=l&cat=p&typeid=i","cat":289557},{"id":39051,"n":"AOC Buzet rosé L'Excellence - 75cl","p":5.2,"u":"6,93 €/L","img":"https://fd9-photos.leclercdrive.fr/image.ashx?id=2833420&use=l&cat=p&typeid=i","cat":289558},{"id":39061,"n":"Film étirable Alfapac Rouleau 35m x 29cm","p":1.55,"pp":0.93,"img":"https://fd9-photos.leclercdrive.fr/image.ashx?id=2918268&use=l&cat=p&typeid=i","cat":334134},{"id":39067,"n":"Tablettes lave vaisselle Sun Classic x60 - 570g","p":7.55,"u":"13,25 €/KG","img":"https://fd9-photos.leclercdrive.fr/image.ashx?id=2775745&use=l&cat=p&typeid=i","cat":284656},{"id":39107,"n":"Gel lavant Manava Savon de Marseille - 300ml","p":1.06,"u":"3,53 €/L","img":"https://fd9-photos.leclercdrive.fr/image.ashx?id=2935498&use=l&cat=p&typeid=i","cat":284597},{"id":39122,"n":"Fromage de chèvre Soignon Bûche Sainte Maure - 300g","p":3.41,"u":"11,37 €/KG","img":"https://fd9-photos.leclercdrive.fr/image.ashx?id=2963331&use=l&cat=p&typeid=i","cat":314031},{"id":39145,"n":"Mouchoirs blancs 4 plis Caresse Etuis x15 - Mentholés","p":1.98,"u":"0,13 €/P","img":"https://fd9-photos.leclercdrive.fr/image.ashx?id=2572996&use=l&cat=p&typeid=i","cat":284638},{"id":39155,"n":"Chips La classique Vico Nature - 6x27,5g","p":1.74,"u":"10,55 €/KG","img":"https://fd9-photos.leclercdrive.fr/image.ashx?id=2917813&use=l&cat=p&typeid=i","cat":284447},{"id":39172,"n":"AOP Cabernet d'Anjou vin rosé Les Caractères - 75cl","p":3.99,"u":"5,32 €/L","img":"https://fd9-photos.leclercdrive.fr/image.ashx?id=2908846&use=l&cat=p&typeid=i","cat":289558},{"id":39182,"n":"Pain de mie 100% Mie Harrys Complet sans croûte Maxi - 650g","p":2.37,"u":"3,65 €/KG","img":"https://fd9-photos.leclercdrive.fr/image.ashx?id=2517438&use=l&cat=p&typeid=i","cat":284477},{"id":39233,"n":"AOP Côtes de Provence rosé Estandon - 75cl","p":7.09,"u":"9,45 €/L","img":"https://fd9-photos.leclercdrive.fr/image.ashx?id=2868966&use=l&cat=p&typeid=i","cat":289558},{"id":39253,"n":"Lames de rasoir Venus Gillette 3 lames - x4","p":9.36,"img":"https://fd9-photos.leclercdrive.fr/image.ashx?id=2083585&use=l&cat=p&typeid=i","cat":325352},{"id":39266,"n":"AOP Corse vin rosé Terres Ocrées - 75cl","p":4.99,"u":"6,65 €/L","img":"https://fd9-photos.leclercdrive.fr/image.ashx?id=2865242&use=l&cat=p&typeid=i","cat":289558},{"id":39270,"n":"AOP Touraine Sauvignon vin Blanc - Les Caractères - 75cl","p":4.99,"u":"6,65 €/L","img":"https://fd9-photos.leclercdrive.fr/image.ashx?id=2942202&use=l&cat=p&typeid=i","cat":289557},{"id":39332,"n":"Shampooing Manava Cheveux normaux à gras 500ml","p":1.28,"u":"2,56 €/L","img":"https://fd9-photos.leclercdrive.fr/image.ashx?id=1885059&use=l&cat=p&typeid=i","cat":284606},{"id":39338,"n":"Moutarde Savora Amora 385g","p":2.25,"u":"5,84 €/KG","img":"https://fd9-photos.leclercdrive.fr/image.ashx?id=2775685&use=l&cat=p&typeid=i","cat":288850},{"id":39339,"n":"Moutarde Amora Fine & douce - 190g","p":1.59,"u":"8,37 €/KG","img":"https://fd9-photos.leclercdrive.fr/image.ashx?id=2738791&use=l&cat=p&typeid=i","cat":288850},{"id":39347,"n":"Bavoirs Mots d'Enfants Fantaisie lacettes - x5","p":4.5,"u":"0,90 €/P","img":"https://fd9-photos.leclercdrive.fr/image.ashx?id=1634228&use=l&cat=p&typeid=i","cat":289435},{"id":39376,"n":"Pur jus d'orange Tropicana Sans pulpe - 1,5L","p":3.25,"u":"2,17 €/L","img":"https://fd9-photos.leclercdrive.fr/image.ashx?id=2509637&use=l&cat=p&typeid=i","cat":284521},{"id":39388,"n":"Haricots verts Bio Village Bio - 360g","p":1.89,"u":"5,25 €/KG","img":"https://fd9-photos.leclercdrive.fr/image.ashx?id=3002659&use=l&cat=p&typeid=i","cat":312606},{"id":39389,"n":"Haricots beurre Notre Jardin Extra fins 1kg","p":2.29,"u":"2,29 €/KG","img":"https://fd9-photos.leclercdrive.fr/image.ashx?id=2431134&use=l&cat=p&typeid=i","cat":319805},{"id":39403,"n":"Joker Pur Jus Engagé Orange  sans pulpe - 1L","p":2.63,"u":"2,63 €/L","img":"https://fd9-photos.leclercdrive.fr/image.ashx?id=2984982&use=l&cat=p&typeid=i","cat":284521},{"id":39418,"n":"Boisson Sunny Delight Doux California - 1,25L","p":2.07,"u":"1,66 €/L","img":"https://fd9-photos.leclercdrive.fr/image.ashx?id=2309963&use=l&cat=p&typeid=i","cat":285435},{"id":39421,"n":"Jus innocent pomme 900ml","p":2.53,"u":"2,81 €/L","img":"https://fd9-photos.leclercdrive.fr/image.ashx?id=2891703&use=l&cat=p&typeid=i","cat":284354},{"id":39443,"n":"Jus innocent  orange avec pulpe 1.5L","p":3.9,"u":"2,60 €/L","img":"https://fd9-photos.leclercdrive.fr/image.ashx?id=2891223&use=l&cat=p&typeid=i","cat":285435},{"id":39444,"n":"Jus innocent orange avec pulpe 900ml","p":2.49,"u":"2,77 €/L","img":"https://fd9-photos.leclercdrive.fr/image.ashx?id=2891700&use=l&cat=p&typeid=i","cat":285435},{"id":39471,"n":"Mousse aux oeufs Bonne Maman Chocolat - 4x50g","p":2.27,"u":"11,35 €/KG","img":"https://fd9-photos.leclercdrive.fr/image.ashx?id=2571509&use=l&cat=p&typeid=i","cat":284417},{"id":39472,"n":"Mousse aux oeufs Bonne Maman Chocolat au lait - 4x50g","p":2.33,"u":"11,65 €/KG","img":"https://fd9-photos.leclercdrive.fr/image.ashx?id=2571512&use=l&cat=p&typeid=i","cat":284417},{"id":39479,"n":"Cacahuètes à l'ancienne Tokapi Grillées et salées - 400g","p":2.45,"u":"6,13 €/KG","img":"https://fd9-photos.leclercdrive.fr/image.ashx?id=2474084&use=l&cat=p&typeid=i","cat":284448},{"id":39480,"n":"Chips ondulées Pom'Lisse Nature - 6x30g","p":1.57,"u":"8,72 €/KG","img":"https://fd9-photos.leclercdrive.fr/image.ashx?id=2728246&use=l&cat=p&typeid=i","cat":284447},{"id":39482,"n":"Brownie P'tit Déli Chocolat noisette - 240g","p":1.83,"u":"7,63 €/KG","img":"https://fd9-photos.leclercdrive.fr/image.ashx?id=2040610&use=l&cat=p&typeid=i","cat":294776},{"id":39485,"n":"Barre chocolatée Balisto Miel amande - x10 barres - 185g","p":2.96,"u":"16,00 €/KG","img":"https://fd9-photos.leclercdrive.fr/image.ashx?id=1930977&use=l&cat=p&typeid=i","cat":284498},{"id":39497,"n":"Barre chocolatée P'tit Déli Bille de riz - 162g","p":1.5,"u":"9,26 €/KG","img":"https://fd9-photos.leclercdrive.fr/image.ashx?id=2346603&use=l&cat=p&typeid=i","cat":284488},{"id":39498,"n":"Biscottes Epi d'Or Gout brioché x36 - 300g","p":1.51,"u":"5,03 €/KG","img":"https://fd9-photos.leclercdrive.fr/image.ashx?id=2212033&use=l&cat=p&typeid=i","cat":284479},{"id":39502,"n":"Biscuits Cookies P'tit Déli Coeur fondant noisette - 200g","p":1.44,"u":"7,20 €/KG","img":"https://fd9-photos.leclercdrive.fr/image.ashx?id=2577296&use=l&cat=p&typeid=i","cat":325066},{"id":39503,"n":"Chocolat Pâtissier Tablette dOr Praliné - 200g","p":2.15,"u":"10,75 €/KG","img":"https://fd9-photos.leclercdrive.fr/image.ashx?id=2074909&use=l&cat=p&typeid=i","cat":285562},{"id":39507,"n":"Moutarde Rustica Douce - 435g","p":1.39,"u":"3,20 €/KG","img":"https://fd9-photos.leclercdrive.fr/image.ashx?id=2052019&use=l&cat=p&typeid=i","cat":288850},{"id":39508,"n":"Mini canapés Epi d'Or Nature - 255g","p":1.12,"u":"4,39 €/KG","img":"https://fd9-photos.leclercdrive.fr/image.ashx?id=2129233&use=l&cat=p&typeid=i","cat":285454},{"id":39511,"n":"Thé lady grey Twinings x20 sachets -  40g","p":2.48,"u":"62,00 €/KG","img":"https://fd9-photos.leclercdrive.fr/image.ashx?id=2875552&use=l&cat=p&typeid=i","cat":293233},{"id":39513,"n":"Soupe Velouté Régal  Poireaux St Jacques - 1L","p":3.8,"u":"3,80 €/L","img":"https://fd9-photos.leclercdrive.fr/image.ashx?id=2800243&use=l&cat=p&typeid=i","cat":284462},{"id":39515,"n":"Friandises pour chien Lydog Sticks au poulet - x5 - 42g","p":0.94,"u":"22,38 €/KG","img":"https://fd9-photos.leclercdrive.fr/image.ashx?id=1947268&use=l&cat=p&typeid=i","cat":294527},{"id":39517,"n":"Thé vert Twinings Citron x25 sachets -50g","p":2.22,"u":"44,40 €/KG","img":"https://fd9-photos.leclercdrive.fr/image.ashx?id=2893012&use=l&cat=p&typeid=i","cat":293233},{"id":39521,"n":"Cacahuètes enrobées Tokapi Salées - 150g","p":0.85,"u":"5,67 €/KG","img":"https://fd9-photos.leclercdrive.fr/image.ashx?id=2790525&use=l&cat=p&typeid=i","cat":284448},{"id":39522,"n":"Cacahuètes enrobées Tokapi Bacon - 150g","p":0.85,"u":"5,67 €/KG","img":"https://fd9-photos.leclercdrive.fr/image.ashx?id=2790528&use=l&cat=p&typeid=i","cat":284448},{"id":39524,"n":"Cacahuètes enrobées Tokapi Epicées - 150g","p":0.85,"u":"5,67 €/KG","img":"https://fd9-photos.leclercdrive.fr/image.ashx?id=2033239&use=l&cat=p&typeid=i","cat":284448},{"id":39529,"n":"Jus de citron Rustica Sicile - 50cl","p":1.67,"u":"3,34 €/L","img":"https://fd9-photos.leclercdrive.fr/image.ashx?id=2123214&use=l&cat=p&typeid=i","cat":288383},{"id":39530,"n":"Dessert bébé BabyBio Bio 6 mois Pomme / Fraise - 260g","p":1.91,"u":"7,35 €/KG","img":"https://fd9-photos.leclercdrive.fr/image.ashx?id=2827509&use=l&cat=p&typeid=i","cat":312388},{"id":39531,"n":"Compote bébé Babybio Bio 4 mois Pomme / Mangue - 260g","p":1.85,"u":"7,12 €/KG","img":"https://fd9-photos.leclercdrive.fr/image.ashx?id=2827500&use=l&cat=p&typeid=i","cat":312387},{"id":39532,"n":"Repas bébé Bio Babybio - 4 mois Bio Patate douce - 260g","p":1.99,"u":"7,65 €/KG","img":"https://fd9-photos.leclercdrive.fr/image.ashx?id=2837760&use=l&cat=p&typeid=i","cat":312234},{"id":39534,"n":"Barres énergétiques Ovomaltine x5 barres - 100g","p":2.35,"u":"23,50 €/KG","img":"https://fd9-photos.leclercdrive.fr/image.ashx?id=2413029&use=l&cat=p&typeid=i","cat":318652},{"id":39545,"n":"Soupe Poule au pot Régal Soupe  Déshydratée - 72g","p":0.84,"u":"11,67 €/KG","img":"https://fd9-photos.leclercdrive.fr/image.ashx?id=2656381&use=l&cat=p&typeid=i","cat":284463},{"id":39547,"n":"Duo Haricots verts et beurre Notre Jardin - 225g","p":1.03,"u":"4,58 €/KG","img":"https://fd9-photos.leclercdrive.fr/image.ashx?id=2988060&use=l&cat=p&typeid=i","cat":312606},{"id":39548,"n":"Haricots verts Notre Jardin Extra fins - 3x110g","p":1.83,"u":"5,55 €/KG","img":"https://fd9-photos.leclercdrive.fr/image.ashx?id=2472514&use=l&cat=p&typeid=i","cat":312606},{"id":39550,"n":"Sirop d'agave bio Bio Village 345g","p":1.99,"u":"5,77 €/KG","img":"https://fd9-photos.leclercdrive.fr/image.ashx?id=2175777&use=l&cat=p&typeid=i","cat":287643},{"id":39551,"n":"Tablettes pour chien Lydog Boeuf, poulet, agneau - 104g","p":1.22,"u":"11,73 €/KG","img":"https://fd9-photos.leclercdrive.fr/image.ashx?id=1201189&use=l&cat=p&typeid=i","cat":294527},{"id":39554,"n":"Mélange 4 champignons N.Jardin 230g","p":2.57,"u":"11,17 €/KG","img":"https://fd9-photos.leclercdrive.fr/image.ashx?id=2072719&use=l&cat=p&typeid=i","cat":312610},{"id":39555,"n":"Repas bébé bio Babybio - 6 mois Veau / Légumes - 2x200g","p":3.0,"u":"7,50 €/KG","img":"https://fd9-photos.leclercdrive.fr/image.ashx?id=2850545&use=l&cat=p&typeid=i","cat":312236},{"id":39556,"n":"Gaufres liégeoises P'tit Déli Sucrées - 550g","p":2.69,"u":"4,89 €/KG","img":"https://fd9-photos.leclercdrive.fr/image.ashx?id=763752&use=l&cat=p&typeid=i","cat":294777},{"id":39558,"n":"Croquettes chat Tous mes amis Stérilisés - 2kg","p":3.24,"u":"1,62 €/KG","img":"https://fd9-photos.leclercdrive.fr/image.ashx?id=2301490&use=l&cat=p&typeid=i","cat":284680},{"id":39559,"n":"Céréales Jordans Spécial Muesli Fruits et Noix - 750g","p":3.33,"u":"4,44 €/KG","img":"https://fd9-photos.leclercdrive.fr/image.ashx?id=2966770&use=l&cat=p&typeid=i","cat":309512},{"id":39560,"n":"Duo Haricots verts et beurre Notre Jardin - 455g","p":1.99,"u":"4,37 €/KG","img":"https://fd9-photos.leclercdrive.fr/image.ashx?id=2291408&use=l&cat=p&typeid=i","cat":312606},{"id":39561,"n":"Petits pots bio Babybio Carotte boeuf - 8mois 2x200g","p":3.65,"u":"9,13 €/KG","img":"https://fd9-photos.leclercdrive.fr/image.ashx?id=2733286&use=l&cat=p&typeid=i","cat":312236},{"id":39562,"n":"Céréales Bio Jordans Muesli - 500g","p":2.94,"u":"5,88 €/KG","img":"https://fd9-photos.leclercdrive.fr/image.ashx?id=2475897&use=l&cat=p&typeid=i","cat":309512},{"id":39566,"n":"Repas bébé Babynat 6 mois Cabillaud Légumes - 2x200g","p":3.34,"u":"8,35 €/KG","img":"https://fd9-photos.leclercdrive.fr/image.ashx?id=2832008&use=l&cat=p&typeid=i","cat":312235},{"id":39569,"n":"Céréales Jordans Country Crisp Chocolat Noir 70% - 550g","p":3.61,"u":"6,56 €/KG","img":"https://fd9-photos.leclercdrive.fr/image.ashx?id=3000836&use=l&cat=p&typeid=i","cat":309512},{"id":39570,"n":"Céréales Jordans Country Crisp 4 Noix - 550g","p":2.89,"u":"5,25 €/KG","img":"https://fd9-photos.leclercdrive.fr/image.ashx?id=2973487&use=l&cat=p&typeid=i","cat":309512},{"id":39616,"n":"Sirop Moulin de Valdonne Fraise - 70cl","p":3.18,"u":"4,54 €/L","img":"https://fd9-photos.leclercdrive.fr/image.ashx?id=2170559&use=l&cat=p&typeid=i","cat":295020},{"id":39617,"n":"Sirop Moulin de Valdonne Menthe - 70cl","p":2.98,"u":"4,26 €/L","img":"https://fd9-photos.leclercdrive.fr/image.ashx?id=2170550&use=l&cat=p&typeid=i","cat":295020},{"id":39621,"n":"Boisson énergisante Red Bull 4x355ml","p":6.0,"u":"4,23 €/L","img":"https://fd9-photos.leclercdrive.fr/image.ashx?id=3011983&use=l&cat=p&typeid=i","cat":284533},{"id":39651,"n":"Sel fin iodé Cérébos Boîte 125g","p":0.51,"u":"4,08 €/KG","img":"https://fd9-photos.leclercdrive.fr/image.ashx?id=2817536&use=l&cat=p&typeid=i","cat":284457},{"id":39686,"n":"Protection incontinence Chorys Homme - Normal - x20","p":5.32,"u":"0,27 €/P","img":"https://fd9-photos.leclercdrive.fr/image.ashx?id=2158215&use=l&cat=p&typeid=i","cat":291514},{"id":39735,"n":"Huile Isio 4 Lesieur Stop goutte - 675ml","p":2.97,"u":"4,40 €/L","img":"https://fd9-photos.leclercdrive.fr/image.ashx?id=2916015&use=l&cat=p&typeid=i","cat":284453},{"id":39743,"n":"Bière blonde 8.6 Gold Canette 50cl - 8.6%vol","p":1.53,"u":"3,06 €/L","img":"https://fd9-photos.leclercdrive.fr/image.ashx?id=1883591&use=l&cat=p&typeid=i","cat":334853},{"id":39763,"n":"Préparation de fruits Recette Mirabelles 320g","p":2.88,"u":"9,00 €/KG","img":"https://fd9-photos.leclercdrive.fr/image.ashx?id=1581141&use=l&cat=p&typeid=i","cat":284480},{"id":39770,"n":"Edulcorant Canderel Pot, poudre 80g","p":2.29,"u":"28,63 €/KG","img":"https://fd9-photos.leclercdrive.fr/image.ashx?id=2811020&use=l&cat=p&typeid=i","cat":324846},{"id":39777,"n":"AOP Crémant d'Alsace Blanc Brut Arthur Metz - 75cl","p":6.9,"u":"9,20 €/L","img":"https://fd9-photos.leclercdrive.fr/image.ashx?id=2422926&use=l&cat=p&typeid=i","cat":284544},{"id":39783,"n":"Liqueur Malibu Coco 18% vol - 1L","p":15.45,"u":"15,45 €/L","img":"https://fd9-photos.leclercdrive.fr/image.ashx?id=2396881&use=l&cat=p&typeid=i","cat":284551},{"id":39796,"n":"Bûche de chèvre Soignon Crémeuse - 180g","p":2.97,"u":"16,50 €/KG","img":"https://fd9-photos.leclercdrive.fr/image.ashx?id=2787134&use=l&cat=p&typeid=i","cat":314031},{"id":39856,"n":"Sirop Frucci  Citron vert - 75cl","p":3.29,"u":"4,39 €/L","img":"https://fd9-photos.leclercdrive.fr/image.ashx?id=2842307&use=l&cat=p&typeid=i","cat":295020},{"id":39858,"n":"Sirop Frucci Fruits exotiques - 75cl","p":2.65,"u":"3,53 €/L","img":"https://fd9-photos.leclercdrive.fr/image.ashx?id=2842310&use=l&cat=p&typeid=i","cat":295020},{"id":39894,"n":"Bière blanche Hilbörg 4,5%vol. -  6x25cl","p":3.45,"u":"2,30 €/L","img":"https://fd9-photos.leclercdrive.fr/image.ashx?id=2913706&use=l&cat=p&typeid=i","cat":334878},{"id":39903,"n":"Pâté de campagne à l'Andouille NRT -180g","p":1.98,"u":"11,00 €/KG","img":"https://fd9-photos.leclercdrive.fr/image.ashx?id=2560512&use=l&cat=p&typeid=i","cat":305149},{"id":39941,"n":"Laque Fixation Forte 24h Dop Vivelle - 250ml","p":3.82,"u":"15,28 €/L","img":"https://fd9-photos.leclercdrive.fr/image.ashx?id=2457239&use=l&cat=p&typeid=i","cat":284609},{"id":39943,"n":"Laque fixation Extra-Forte Dop Vivelle - 250ml","p":3.82,"u":"15,28 €/L","img":"https://fd9-photos.leclercdrive.fr/image.ashx?id=2457236&use=l&cat=p&typeid=i","cat":284609},{"id":39945,"n":"Laque Cheveux L'Oréal Paris Elnett Fixation Normale - 300ml","p":6.47,"u":"21,57 €/L","img":"https://fd9-photos.leclercdrive.fr/image.ashx?id=2278097&use=l&cat=p&typeid=i","cat":284609},{"id":39946,"n":"Crème de nuit L'Oréal Paris Revitalift anti-rides - 50ml","p":7.87,"u":"157,40 €/L","img":"https://fd9-photos.leclercdrive.fr/image.ashx?id=2865869&use=l&cat=p&typeid=i","cat":325345},{"id":39947,"n":"Soin de jour L'Oréal Paris Revitalift Anti-rides - 50ml","p":7.85,"u":"157,00 €/L","img":"https://fd9-photos.leclercdrive.fr/image.ashx?id=2851078&use=l&cat=p&typeid=i","cat":325345},{"id":39950,"n":"Yaourts Lait de brebis Délisse Nature - 4x125g","p":2.19,"u":"4,38 €/KG","img":"https://fd9-photos.leclercdrive.fr/image.ashx?id=1872007&use=l&cat=p&typeid=i","cat":314998},{"id":39951,"n":"Crème dessert Délisse Pistache - 4x125g","p":0.89,"u":"1,78 €/KG","img":"https://fd9-photos.leclercdrive.fr/image.ashx?id=2441333&use=l&cat=p&typeid=i","cat":285041},{"id":39953,"n":"crème dessert chocolat danette pop billes 3 chocolats - 4x117g","p":2.44,"u":"5,21 €/KG","img":"https://fd9-photos.leclercdrive.fr/image.ashx?id=2926230&use=l&cat=p&typeid=i","cat":285041},{"id":39973,"n":"Plat bébé Blédina 12 mois  Boulghour tomate saumon -2x200g","p":2.69,"u":"6,73 €/KG","img":"https://fd9-photos.leclercdrive.fr/image.ashx?id=2975083&use=l&cat=p&typeid=i","cat":312237},{"id":39974,"n":"Plat bébé Blédina 6 mois  Purée butternut poulet - 2x200g","p":2.78,"u":"6,95 €/KG","img":"https://fd9-photos.leclercdrive.fr/image.ashx?id=2975080&use=l&cat=p&typeid=i","cat":312236},{"id":39988,"n":"Crème de douche Manava Douceur de crème - 250ml","p":1.05,"u":"4,20 €/L","img":"https://fd9-photos.leclercdrive.fr/image.ashx?id=2699282&use=l&cat=p&typeid=i","cat":284594},{"id":39989,"n":"Savon douceur Manava 1/4 de crème 100g","p":0.93,"u":"9,30 €/KG","img":"https://fd9-photos.leclercdrive.fr/image.ashx?id=2331318&use=l&cat=p&typeid=i","cat":284597},{"id":39992,"n":"Gel douche Manava Monoï de Polynésie 250ml","p":1.15,"u":"4,60 €/L","img":"https://fd9-photos.leclercdrive.fr/image.ashx?id=1951064&use=l&cat=p&typeid=i","cat":284594},{"id":39994,"n":"Lait douche Manava Fleur d'oranger 250ml","p":1.29,"u":"5,16 €/L","img":"https://fd9-photos.leclercdrive.fr/image.ashx?id=1636782&use=l&cat=p&typeid=i","cat":284594},{"id":39995,"n":"Recharge gel lavant Manava Savon de Marseil. Olive - 250ml","p":0.66,"u":"2,64 €/L","img":"https://fd9-photos.leclercdrive.fr/image.ashx?id=2935501&use=l&cat=p&typeid=i","cat":284597},{"id":40003,"n":"Saucisson Justin Bridou La Juste Sèche - 275g","p":3.68,"u":"13,38 €/KG","img":"https://fd9-photos.leclercdrive.fr/image.ashx?id=2756927&use=l&cat=p&typeid=i","cat":316006},{"id":40004,"n":"Saucisson Mini Justin Bridou  Bâton de Berger - 100g","p":2.23,"u":"22,30 €/KG","img":"https://fd9-photos.leclercdrive.fr/image.ashx?id=3011440&use=l&cat=p&typeid=i","cat":316006},{"id":40006,"n":"Houmous Extra l'Atelier Blini 175g","p":2.7,"u":"15,43 €/KG","img":"https://fd9-photos.leclercdrive.fr/image.ashx?id=2795093&use=l&cat=p&typeid=i","cat":315999},{"id":40007,"n":"Guacamole Blini 200g","p":3.64,"u":"18,20 €/KG","img":"https://fd9-photos.leclercdrive.fr/image.ashx?id=2424383&use=l&cat=p&typeid=i","cat":315999},{"id":40010,"n":"Emiettés de thon chorizo  Gastromer - 150g","p":1.99,"pp":1.31,"u":"8,73 €/KG","img":"https://fd9-photos.leclercdrive.fr/image.ashx?id=2049910&use=l&cat=p&typeid=i","cat":285191},{"id":40015,"n":"Tarama Blini Extra - 175g","p":3.08,"u":"17,60 €/KG","img":"https://fd9-photos.leclercdrive.fr/image.ashx?id=2795096&use=l&cat=p&typeid=i","cat":315999},{"id":40017,"n":"Tzatziki Blini Extra - 175g","p":2.76,"u":"15,77 €/KG","img":"https://fd9-photos.leclercdrive.fr/image.ashx?id=2973703&use=l&cat=p&typeid=i","cat":315999},{"id":40027,"n":"Tartinable Thon Cap Océan MSC Fromage Frais Ciboulette - 140g","p":1.88,"u":"13,43 €/KG","img":"https://fd9-photos.leclercdrive.fr/image.ashx?id=2434425&use=l&cat=p&typeid=i","cat":285191},{"id":40033,"n":"Yaourt nature sucré Yoplait - 16x125g","p":3.23,"u":"1,62 €/KG","img":"https://fd9-photos.leclercdrive.fr/image.ashx?id=2796821&use=l&cat=p&typeid=i","cat":284409},{"id":40034,"n":"Menthe Pastille Giffard 24%vol - 70cl","p":11.85,"pp":10.85,"u":"15,50 €/L","img":"https://fd9-photos.leclercdrive.fr/image.ashx?id=2529903&use=l&cat=p&typeid=i","cat":286032},{"id":40038,"n":"Bière Lindemans Kriek 3.5%vol. - 25cl","p":1.63,"u":"6,52 €/L","img":"https://fd9-photos.leclercdrive.fr/image.ashx?id=2830894&use=l&cat=p&typeid=i","cat":334872},{"id":40051,"n":"Crêpes bretonnes Saint Michel Nature - x12 - 315g","p":2.41,"u":"7,65 €/KG","img":"https://fd9-photos.leclercdrive.fr/image.ashx?id=2060238&use=l&cat=p&typeid=i","cat":284494},{"id":40081,"n":"Rillettes de canard Tradilège 220g","p":2.75,"u":"12,50 €/KG","img":"https://fd9-photos.leclercdrive.fr/image.ashx?id=2560575&use=l&cat=p&typeid=i","cat":316008},{"id":40089,"n":"Gel douche Manava Cranberry myrtille - 250ml","p":1.15,"u":"4,60 €/L","img":"https://fd9-photos.leclercdrive.fr/image.ashx?id=1961455&use=l&cat=p&typeid=i","cat":284594},{"id":40090,"n":"Lait corps Inell Nourrissant - 250ml","p":2.33,"u":"9,32 €/L","img":"https://fd9-photos.leclercdrive.fr/image.ashx?id=1732820&use=l&cat=p&typeid=i","cat":325349},{"id":40094,"n":"Saucissons secs Saint Azay Stick nature 100g","p":1.99,"u":"19,90 €/KG","img":"https://fd9-photos.leclercdrive.fr/image.ashx?id=2977162&use=l&cat=p&typeid=i","cat":316006},{"id":40101,"n":"Saucisson Saint-Azay  Fuet Catalan - 170 g","p":2.09,"u":"12,29 €/KG","img":"https://fd9-photos.leclercdrive.fr/image.ashx?id=2856302&use=l&cat=p&typeid=i","cat":316006},{"id":40107,"n":"Adoucissant Hyperdou Provence - 750ml","p":1.99,"u":"2,65 €/L","img":"https://fd9-photos.leclercdrive.fr/image.ashx?id=2614473&use=l&cat=p&typeid=i","cat":284650},{"id":40122,"n":"AOP Côtes de Provence vin rosé Terres Ocrées - 75cl - 13%","p":4.99,"u":"6,65 €/L","img":"https://fd9-photos.leclercdrive.fr/image.ashx?id=2896895&use=l&cat=p&typeid=i","cat":289558},{"id":40133,"n":"Gaufrettes Paille d'Or LU Framboise - 170g","p":1.81,"u":"10,65 €/KG","img":"https://fd9-photos.leclercdrive.fr/image.ashx?id=2883753&use=l&cat=p&typeid=i","cat":284489},{"id":40135,"n":"Biscottes Heudebert  Nature - 300g","p":1.32,"u":"4,40 €/KG","img":"https://fd9-photos.leclercdrive.fr/image.ashx?id=2368291&use=l&cat=p&typeid=i","cat":284479},{"id":40137,"n":"Biscuits Pocket Petit Ecolier  LU Chocolat au lait - 250g","p":2.7,"u":"10,80 €/KG","img":"https://fd9-photos.leclercdrive.fr/image.ashx?id=3005326&use=l&cat=p&typeid=i","cat":284488},{"id":40142,"n":"Compote Douceur du Verger Coupelle multivariétés -16x100g","p":3.99,"u":"2,49 €/KG","img":"https://fd9-photos.leclercdrive.fr/image.ashx?id=2663533&use=l&cat=p&typeid=i","cat":284508},{"id":40172,"n":"Mogettes Recettes d'Autrefois Paysannes - 830g","p":3.14,"u":"3,78 €/KG","img":"https://fd9-photos.leclercdrive.fr/image.ashx?id=1793298&use=l&cat=p&typeid=i","cat":312606},{"id":40214,"n":"Sauce Pesto Barilla Basilic et Roquette - 190g","p":1.86,"u":"9,79 €/KG","img":"https://fd9-photos.leclercdrive.fr/image.ashx?id=2457980&use=l&cat=p&typeid=i","cat":287599},{"id":40215,"n":"Petit pot soir Babybio Bio P.pois maïs riz, 6 mois 2x200g","p":2.59,"u":"6,48 €/KG","img":"https://fd9-photos.leclercdrive.fr/image.ashx?id=2827476&use=l&cat=p&typeid=i","cat":312239},{"id":40217,"n":"Petits pots Babybio Bio Légumes jambon - 8mois 2x200g","p":2.93,"u":"7,33 €/KG","img":"https://fd9-photos.leclercdrive.fr/image.ashx?id=2838464&use=l&cat=p&typeid=i","cat":312236},{"id":40271,"n":"Baguette céréales 250g","p":1.15,"u":"4,60 €/KG","img":"https://fd9-photos.leclercdrive.fr/image.ashx?id=2063062&use=l&cat=p&typeid=i","cat":284359},{"id":40277,"n":"Barres glacées Bounty  Chocolat & Noix de Coco x6 235g","p":2.41,"u":"10,26 €/KG","img":"https://fd9-photos.leclercdrive.fr/image.ashx?id=1935069&use=l&cat=p&typeid=i","cat":284264},{"id":40278,"n":"Barres glacées Twix  Caramel & Biscuit x6 - 205g","p":2.67,"u":"13,02 €/KG","img":"https://fd9-photos.leclercdrive.fr/image.ashx?id=2906742&use=l&cat=p&typeid=i","cat":284264},{"id":40279,"n":"Jus innocent orange sans pulpe 900ml","p":2.45,"u":"2,72 €/L","img":"https://fd9-photos.leclercdrive.fr/image.ashx?id=2736583&use=l&cat=p&typeid=i","cat":285435},{"id":40303,"n":"Coton Duo Démaquillants Inell Ovale - Aloé véra - Disques x60","p":1.69,"img":"https://fd9-photos.leclercdrive.fr/image.ashx?id=1926957&use=l&cat=p&typeid=i","cat":285593},{"id":40313,"n":"Madeleines marbrées P'tit Déli Chocolat 400g","p":2.15,"u":"5,38 €/KG","img":"https://fd9-photos.leclercdrive.fr/image.ashx?id=2646065&use=l&cat=p&typeid=i","cat":284492},{"id":40332,"n":"Bière aromatisée Desperados 5.9%vol. - 20x25cl","p":18.08,"u":"3,62 €/L","img":"https://fd9-photos.leclercdrive.fr/image.ashx?id=2977300&use=l&cat=p&typeid=i","cat":334878},{"id":40336,"n":"Bière blonde Heineken 12x33cl","p":11.3,"u":"2,85 €/L","img":"https://fd9-photos.leclercdrive.fr/image.ashx?id=3008110&use=l&cat=p&typeid=i","cat":334873},{"id":40342,"n":"Serviette Tena Lady - Maxi Night - x12","p":6.09,"u":"0,51 €/P","img":"https://fd9-photos.leclercdrive.fr/image.ashx?id=2597232&use=l&cat=p&typeid=i","cat":284628},{"id":40345,"n":"Cotons Démaquillants Demak'Up Original ovale x70","p":1.78,"u":"0,03 €/P","img":"https://fd9-photos.leclercdrive.fr/image.ashx?id=2791458&use=l&cat=p&typeid=i","cat":285593},{"id":40373,"n":"Sauce Sacla'Italia Aubergines Alla parmigiana 190g","p":3.07,"u":"16,16 €/KG","img":"https://fd9-photos.leclercdrive.fr/image.ashx?id=2507041&use=l&cat=p&typeid=i","cat":287599},{"id":40380,"n":"Sauce Sacla'Italia Trio poivrons aubergines - 190g","p":1.96,"u":"10,32 €/KG","img":"https://fd9-photos.leclercdrive.fr/image.ashx?id=2160228&use=l&cat=p&typeid=i","cat":287599},{"id":40381,"n":"Sauce Sacla'Italia Poivrons mozzarella - 190g","p":2.46,"u":"12,95 €/KG","img":"https://fd9-photos.leclercdrive.fr/image.ashx?id=2507038&use=l&cat=p&typeid=i","cat":287599},{"id":40390,"n":"Sauce Sacla'Italia Basilic 345g","p":2.39,"u":"6,93 €/KG","img":"https://fd9-photos.leclercdrive.fr/image.ashx?id=2662150&use=l&cat=p&typeid=i","cat":287599},{"id":40404,"n":"Sauce Arrabbiata Sacla'Italia Bio Sans gluten - 190g","p":2.33,"u":"12,26 €/KG","img":"https://fd9-photos.leclercdrive.fr/image.ashx?id=2521230&use=l&cat=p&typeid=i","cat":318654},{"id":40412,"n":"Thon entier Petit Navire Huile de tournesol - 160g","p":1.85,"u":"11,56 €/KG","img":"https://fd9-photos.leclercdrive.fr/image.ashx?id=2523846&use=l&cat=p&typeid=i","cat":303867},{"id":40430,"n":"Plat bébé soir Blédiner 8 mois  Patate douce carotte - 2x200g","p":2.18,"u":"5,45 €/KG","img":"https://fd9-photos.leclercdrive.fr/image.ashx?id=2902969&use=l&cat=p&typeid=i","cat":312239},{"id":40491,"n":"Compotes Andros Pomme poire 8x100g","p":2.76,"u":"3,45 €/KG","img":"https://fd9-photos.leclercdrive.fr/image.ashx?id=2883943&use=l&cat=p&typeid=i","cat":284416},{"id":40494,"n":"Compotes Andros Pomme châtaigne 8x100g","p":2.86,"u":"3,58 €/KG","img":"https://fd9-photos.leclercdrive.fr/image.ashx?id=2988611&use=l&cat=p&typeid=i","cat":284416},{"id":40495,"n":"Gâteau mix max Balconi Cacao 350g","p":1.93,"u":"5,51 €/KG","img":"https://fd9-photos.leclercdrive.fr/image.ashx?id=2878408&use=l&cat=p&typeid=i","cat":284495},{"id":40506,"n":"Sauce Sacla'Italia Gorgonzola oignon doux - 190g","p":2.94,"u":"15,47 €/KG","img":"https://fd9-photos.leclercdrive.fr/image.ashx?id=2507044&use=l&cat=p&typeid=i","cat":287599},{"id":40516,"n":"Compote Douceur du Verger Gourdes multivariétés - 12x90g","p":4.09,"u":"3,79 €/KG","img":"https://fd9-photos.leclercdrive.fr/image.ashx?id=2837048&use=l&cat=p&typeid=i","cat":284508},{"id":40518,"n":"Kit burritos Old El Paso extra doux - 491g","p":4.53,"u":"9,23 €/KG","img":"https://fd9-photos.leclercdrive.fr/image.ashx?id=2759496&use=l&cat=p&typeid=i","cat":288993},{"id":40519,"n":"Kit fajitas Old El Paso extra doux - 478g","p":4.95,"u":"10,36 €/KG","img":"https://fd9-photos.leclercdrive.fr/image.ashx?id=2765405&use=l&cat=p&typeid=i","cat":288993},{"id":40573,"n":"Tablette chocolat Milka Chocolat lait/Noisette - 2x100g","p":3.35,"u":"16,75 €/KG","img":"https://fd9-photos.leclercdrive.fr/image.ashx?id=2832422&use=l&cat=p&typeid=i","cat":284497},{"id":40610,"n":"Pérail Lou Pérac Fromage de brebis - 100g","p":2.17,"u":"21,70 €/KG","img":"https://fd9-photos.leclercdrive.fr/image.ashx?id=2848545&use=l&cat=p&typeid=i","cat":314031},{"id":40612,"n":"Fromage de Brebis Etorki  180g","p":3.37,"u":"18,72 €/KG","img":"https://fd9-photos.leclercdrive.fr/image.ashx?id=2702816&use=l&cat=p&typeid=i","cat":329184},{"id":40620,"n":"Jus innocent  orange sans pulpe 1.5L","p":3.6,"u":"2,40 €/L","img":"https://fd9-photos.leclercdrive.fr/image.ashx?id=2889811&use=l&cat=p&typeid=i","cat":285435},{"id":40628,"n":"AOC vin rouge Bergerac Bio Terrasses d'Autan - 75cl","p":3.99,"u":"5,32 €/L","img":"https://fd9-photos.leclercdrive.fr/image.ashx?id=2228095&use=l&cat=p&typeid=i","cat":289556},{"id":40631,"n":"Levure Chimique Alsacienne alsa 8 sachets - 88g","p":0.67,"u":"7,61 €/KG","img":"https://fd9-photos.leclercdrive.fr/image.ashx?id=3009335&use=l&cat=p&typeid=i","cat":294686},{"id":40649,"n":"Pansement Primoplast Transparents x40","p":0.99,"u":"0,02 €/P","img":"https://fd9-photos.leclercdrive.fr/image.ashx?id=2832957&use=l&cat=p&typeid=i","cat":284630},{"id":40666,"n":"Antiseptique Primoplast Spray - 100ml","p":2.4,"u":"24,00 €/L","img":"https://fd9-photos.leclercdrive.fr/image.ashx?id=1724578&use=l&cat=p&typeid=i","cat":284630},{"id":40676,"n":"Beurre Tendre Président Demi-sel - 80% MG - 250g","p":3.21,"u":"12,84 €/KG","img":"https://fd9-photos.leclercdrive.fr/image.ashx?id=2731420&use=l&cat=p&typeid=i","cat":284379},{"id":40733,"n":"Saumon fumé Labeyrie Ecosse 2 tranches - 75g","p":5.03,"u":"67,07 €/KG","img":"https://fd9-photos.leclercdrive.fr/image.ashx?id=2729908&use=l&cat=p&typeid=i","cat":285188},{"id":40736,"n":"Saumon fumé Labeyrie Norvège 2 tranches - 75g","p":4.59,"u":"61,20 €/KG","img":"https://fd9-photos.leclercdrive.fr/image.ashx?id=2729905&use=l&cat=p&typeid=i","cat":285188},{"id":40774,"n":"Lingettes nettoyantes La Croix Désinfectant Javel - x 25","p":1.47,"u":"0,06 €/P","img":"https://fd9-photos.leclercdrive.fr/image.ashx?id=2540106&use=l&cat=p&typeid=i","cat":325358},{"id":40776,"n":"Détachant avant lavage K2R  Tâche incrustée mousse  - 400mL","p":2.74,"u":"6,85 €/L","img":"https://fd9-photos.leclercdrive.fr/image.ashx?id=2101177&use=l&cat=p&typeid=i","cat":284651},{"id":40789,"n":"Yaourts à boire Délisse Fraise - 8x100g","p":1.95,"u":"2,44 €/KG","img":"https://fd9-photos.leclercdrive.fr/image.ashx?id=2762504&use=l&cat=p&typeid=i","cat":284415},{"id":40799,"n":"Cylindre d'échange CO2 Sodastream - à visser - 60L","p":11.47,"img":"https://fd9-photos.leclercdrive.fr/image.ashx?id=2858690&use=l&cat=p&typeid=i","cat":335916},{"id":40803,"n":"Capsule pour terrine Lepar Diamètre 100 - x12","p":8.95,"u":"0,75 €/P","img":"https://fd9-photos.leclercdrive.fr/image.ashx?id=2503710&use=l&cat=p&typeid=i","cat":284710},{"id":40870,"n":"Purée de courgettes Florette 2x200g","p":2.47,"u":"6,18 €/KG","img":"https://fd9-photos.leclercdrive.fr/image.ashx?id=2790006&use=l&cat=p&typeid=i","cat":333665},{"id":40904,"n":"Pesto rosso Turini 190g","p":1.68,"u":"8,84 €/KG","img":"https://fd9-photos.leclercdrive.fr/image.ashx?id=2546257&use=l&cat=p&typeid=i","cat":287599},{"id":40908,"n":"Sauce pizza Tomapizza Panzani aux tomates et origan - 390g","p":1.29,"u":"3,31 €/KG","img":"https://fd9-photos.leclercdrive.fr/image.ashx?id=2744626&use=l&cat=p&typeid=i","cat":288384},{"id":40946,"n":"Whisky Chivas Regal 18 ans Blended Scotch 40% vol - 70cl","p":50.9,"pp":45.81,"u":"65,44 €/L","img":"https://fd9-photos.leclercdrive.fr/image.ashx?id=2884084&use=l&cat=p&typeid=i","cat":284547},{"id":40967,"n":"AOP Bourgogne Aligoté vin blanc Antoine Barrier - 75cl","p":6.49,"u":"8,65 €/L","img":"https://fd9-photos.leclercdrive.fr/image.ashx?id=2691321&use=l&cat=p&typeid=i","cat":289557},{"id":40968,"n":"AOP Bordeaux Supérieur rouge Château Labatut Prestige - 75cl","p":5.9,"u":"7,87 €/L","img":"https://fd9-photos.leclercdrive.fr/image.ashx?id=2860973&use=l&cat=p&typeid=i","cat":289556},{"id":40988,"n":"Détachant Ace Délicat Système 8+ 2L","p":4.21,"u":"2,11 €/L","img":"https://fd9-photos.leclercdrive.fr/image.ashx?id=2559152&use=l&cat=p&typeid=i","cat":284651},{"id":41002,"n":"Repas fraicheur pour chat Sheba Volaille en sauce - 6x50g","p":2.52,"u":"8,40 €/KG","img":"https://fd9-photos.leclercdrive.fr/image.ashx?id=2888097&use=l&cat=p&typeid=i","cat":285286},{"id":41006,"n":"Biscuits chien Pedigree Markies fourrés - 500g","p":1.7,"u":"3,40 €/KG","img":"https://fd9-photos.leclercdrive.fr/image.ashx?id=2254319&use=l&cat=p&typeid=i","cat":294527},{"id":41009,"n":"Friandises chat Catisfactions Fromage - 60g","p":1.15,"u":"19,17 €/KG","img":"https://fd9-photos.leclercdrive.fr/image.ashx?id=2912608&use=l&cat=p&typeid=i","cat":285285},{"id":41016,"n":"Sachet fraîcheur chat Sheba Poissons en sauce - 4x85g","p":2.1,"u":"6,18 €/KG","img":"https://fd9-photos.leclercdrive.fr/image.ashx?id=2759625&use=l&cat=p&typeid=i","cat":285286},{"id":41018,"n":"Pur jus d'ananas Jafaden Bouteille 1L","p":1.99,"u":"1,99 €/L","img":"https://fd9-photos.leclercdrive.fr/image.ashx?id=2956729&use=l&cat=p&typeid=i","cat":284916},{"id":41020,"n":"Pur jus Jafaden Clémentine - 1L","p":1.91,"u":"1,91 €/L","img":"https://fd9-photos.leclercdrive.fr/image.ashx?id=2895786&use=l&cat=p&typeid=i","cat":284915},{"id":41022,"n":"Sachet fraicheur chat Sheba Thon cabillaud en sauce - 6x50g","p":2.58,"u":"8,60 €/KG","img":"https://fd9-photos.leclercdrive.fr/image.ashx?id=2347128&use=l&cat=p&typeid=i","cat":285286},{"id":41111,"n":"Confiture Les Recettes Cuites 4 agrumes 320g","p":2.08,"u":"6,50 €/KG","img":"https://fd9-photos.leclercdrive.fr/image.ashx?id=1638433&use=l&cat=p&typeid=i","cat":284480},{"id":41115,"n":"Pâté de campagne  Lucien Georgelin - 220g","p":2.75,"u":"12,50 €/KG","img":"https://fd9-photos.leclercdrive.fr/image.ashx?id=1623717&use=l&cat=p&typeid=i","cat":305149},{"id":41117,"n":"Vinaigre de nettoyage Clair Citron - 750ml","p":1.95,"u":"2,60 €/L","img":"https://fd9-photos.leclercdrive.fr/image.ashx?id=2949188&use=l&cat=p&typeid=i","cat":325365},{"id":41140,"n":"Filets maquereaux Pêche Océan Naturel - 95g","p":1.48,"u":"15,58 €/KG","img":"https://fd9-photos.leclercdrive.fr/image.ashx?id=2515685&use=l&cat=p&typeid=i","cat":303868},{"id":41188,"n":"Captain Morgan Original Spiced Boisson à base de rhum- 70cl","p":13.16,"u":"18,80 €/L","img":"https://fd9-photos.leclercdrive.fr/image.ashx?id=2518403&use=l&cat=p&typeid=i","cat":284551},{"id":41190,"n":"Liqueur de Whisky Jack Daniel's Honey 70cL","p":19.95,"pp":17.95,"u":"25,64 €/L","img":"https://fd9-photos.leclercdrive.fr/image.ashx?id=2973982&use=l&cat=p&typeid=i","cat":286032},{"id":41192,"n":"Absorbeur Aero 360° Rubson Stop humidité - 20m²+1 recharge","p":19.9,"img":"https://fd9-photos.leclercdrive.fr/image.ashx?id=2380955&use=l&cat=p&typeid=i","cat":300576},{"id":41223,"n":"Chips natures paysannes Bret's Au sel de Guérande 250g","p":2.22,"u":"8,88 €/KG","img":"https://fd9-photos.leclercdrive.fr/image.ashx?id=2217651&use=l&cat=p&typeid=i","cat":284447},{"id":41236,"n":"Beurre gastronomique Président Demi-sel - 80% MG - 250g","p":2.82,"u":"11,28 €/KG","img":"https://fd9-photos.leclercdrive.fr/image.ashx?id=2962257&use=l&cat=p&typeid=i","cat":284379},{"id":41238,"n":"Beurre La Motte Président Sel de mer - 80% MG - 250g","p":3.19,"u":"12,76 €/KG","img":"https://fd9-photos.leclercdrive.fr/image.ashx?id=2896958&use=l&cat=p&typeid=i","cat":284379},{"id":41275,"n":"Croquettes chat Purina One Sterilisé - Poulet - 1,5kg","p":6.7,"u":"4,47 €/KG","img":"https://fd9-photos.leclercdrive.fr/image.ashx?id=2488046&use=l&cat=p&typeid=i","cat":284680},{"id":41283,"n":"Sachets pour chats Gourmet Multivariétés - 12x85g","p":5.49,"u":"5,38 €/KG","img":"https://fd9-photos.leclercdrive.fr/image.ashx?id=2902343&use=l&cat=p&typeid=i","cat":285286},{"id":41284,"n":"Croquettes chat Purina One Sensible Adulte -Saumon - 1,5kg","p":8.14,"u":"5,43 €/KG","img":"https://fd9-photos.leclercdrive.fr/image.ashx?id=2832374&use=l&cat=p&typeid=i","cat":284680},{"id":41285,"n":"Croquettes chaton Purina One  Junior -Poulet/Céréales - 1,5kg","p":7.28,"u":"4,85 €/KG","img":"https://fd9-photos.leclercdrive.fr/image.ashx?id=2433563&use=l&cat=p&typeid=i","cat":284680},{"id":41286,"n":"Croquettes chat Purina One  Stérilisé Adulte-Saumon/Blé-3kg","p":13.19,"u":"4,40 €/KG","img":"https://fd9-photos.leclercdrive.fr/image.ashx?id=2488049&use=l&cat=p&typeid=i","cat":284680},{"id":41289,"n":"Croquettes chat Purina One Urinary care - Poulet - 450g","p":2.71,"u":"6,02 €/KG","img":"https://fd9-photos.leclercdrive.fr/image.ashx?id=2459940&use=l&cat=p&typeid=i","cat":284680},{"id":41291,"n":"Croquettes chat Purina One Stérilisé Adulte-Boeuf/blé -3kg","p":12.97,"u":"4,32 €/KG","img":"https://fd9-photos.leclercdrive.fr/image.ashx?id=2488043&use=l&cat=p&typeid=i","cat":284680},{"id":41293,"n":"Sachets repas chats Purina One Stérilisés - Saumon Dinde 4x85g","p":2.06,"u":"6,06 €/KG","img":"https://fd9-photos.leclercdrive.fr/image.ashx?id=2902349&use=l&cat=p&typeid=i","cat":285286},{"id":41352,"n":"Gommage visage Inell Douceur - 75ml","p":2.0,"u":"26,67 €/L","img":"https://fd9-photos.leclercdrive.fr/image.ashx?id=2686344&use=l&cat=p&typeid=i","cat":284603},{"id":41359,"n":"Bavette d'Aloyau *** Charal 260g","p":9.77,"u":"37,58 €/KG","img":"https://fd9-photos.leclercdrive.fr/image.ashx?id=1889183&use=l&cat=p&typeid=i","cat":284328},{"id":41366,"n":"Nuggets de poulet Côté Croc Croustillant - 200g","p":1.79,"u":"8,95 €/KG","img":"https://fd9-photos.leclercdrive.fr/image.ashx?id=2462257&use=l&cat=p&typeid=i","cat":333684},{"id":41384,"n":"Piles boutons Energizer CR2032 Lithium 3V - x2","p":5.37,"u":"2,69 €/P","img":"https://fd9-photos.leclercdrive.fr/image.ashx?id=2851309&use=l&cat=p&typeid=i","cat":300572},{"id":41422,"n":"Fromage à Tartiner St Môret  Nature - 300g","p":3.36,"u":"11,20 €/KG","img":"https://fd9-photos.leclercdrive.fr/image.ashx?id=2755465&use=l&cat=p&typeid=i","cat":314029},{"id":41447,"n":"Fromage fruité bloc Les Croisés 220g","p":2.75,"u":"12,50 €/KG","img":"https://fd9-photos.leclercdrive.fr/image.ashx?id=1961168&use=l&cat=p&typeid=i","cat":314034},{"id":41460,"n":"Pain de mie 100% Mie Harrys Complet sans croûte - 500g","p":1.81,"u":"3,62 €/KG","img":"https://fd9-photos.leclercdrive.fr/image.ashx?id=2731864&use=l&cat=p&typeid=i","cat":284477},{"id":41464,"n":"Purée de tomates Turini Brique 500g","p":0.75,"u":"1,50 €/KG","img":"https://fd9-photos.leclercdrive.fr/image.ashx?id=1686100&use=l&cat=p&typeid=i","cat":288384},{"id":41465,"n":"Cotons Inell Maxi confort x80","p":1.78,"img":"https://fd9-photos.leclercdrive.fr/image.ashx?id=1926969&use=l&cat=p&typeid=i","cat":284636},{"id":41466,"n":"Coton carré bébé Mots d'Enfants Aloe vera x50","p":1.67,"u":"0,03 €/P","img":"https://fd9-photos.leclercdrive.fr/image.ashx?id=3014236&use=l&cat=p&typeid=i","cat":284739},{"id":41478,"n":"Mouchoirs blancs 3 plis Univert Boîte mouchoirs en papier -x100","p":1.55,"u":"0,02 €/P","img":"https://fd9-photos.leclercdrive.fr/image.ashx?id=1960038&use=l&cat=p&typeid=i","cat":284638},{"id":41488,"n":"Sachets Insectivor Anti-mites anti-acariens - x24","p":2.89,"u":"0,12 €/P","img":"https://fd9-photos.leclercdrive.fr/image.ashx?id=2852952&use=l&cat=p&typeid=i","cat":298368},{"id":41492,"n":"Tartines croustillantes Wasa Fibres - 230g","p":1.52,"u":"6,61 €/KG","img":"https://fd9-photos.leclercdrive.fr/image.ashx?id=3011854&use=l&cat=p&typeid=i","cat":284479},{"id":41493,"n":"Tartines croustillantes Wasa Authentique - 275g","p":1.44,"u":"5,24 €/KG","img":"https://fd9-photos.leclercdrive.fr/image.ashx?id=3011857&use=l&cat=p&typeid=i","cat":284479},{"id":41517,"n":"Couches bébé Mots d'Enfants T6 Douceur - 16kg+ - x58 changes","p":12.75,"img":"https://fd9-photos.leclercdrive.fr/image.ashx?id=2301496&use=l&cat=p&typeid=i","cat":284737},{"id":41524,"n":"Ossau Iraty AOP Istara Fromage de brebis - 180g","p":3.56,"u":"19,78 €/KG","img":"https://fd9-photos.leclercdrive.fr/image.ashx?id=2766193&use=l&cat=p&typeid=i","cat":329184},{"id":41532,"n":"Gressins Tradizioni d'Italia A la turinoise - 250g","p":2.29,"u":"9,16 €/KG","img":"https://fd9-photos.leclercdrive.fr/image.ashx?id=1952943&use=l&cat=p&typeid=i","cat":297000},{"id":41538,"n":"Déodorant Homme Stick Williams Peau Sensible 75ml","p":2.68,"u":"35,73 €/L","img":"https://fd9-photos.leclercdrive.fr/image.ashx?id=2905102&use=l&cat=p&typeid=i","cat":284618},{"id":41549,"n":"Piles Duracell CR2032 Lithium 3V - x2","p":5.97,"u":"2,99 €/P","img":"https://fd9-photos.leclercdrive.fr/image.ashx?id=3003411&use=l&cat=p&typeid=i","cat":300572},{"id":41551,"n":"Soda Schweppes Saveur Citron - 1,5L","p":1.91,"u":"1,27 €/L","img":"https://fd9-photos.leclercdrive.fr/image.ashx?id=2852417&use=l&cat=p&typeid=i","cat":284532},{"id":41556,"n":"Boisson aux fruits Oasis Orange - 2L","p":2.47,"u":"1,24 €/L","img":"https://fd9-photos.leclercdrive.fr/image.ashx?id=2688653&use=l&cat=p&typeid=i","cat":295018},{"id":41559,"n":"Viande bovine 1x côte *** à griller - 1.2kg","p":27.5,"u":"22,92 €/KG","img":"https://fd9-photos.leclercdrive.fr/image.ashx?id=783696&use=l&cat=p&typeid=i","cat":284328},{"id":41579,"n":"Macédoine déjà égouttée D'aucy  530g","p":2.01,"u":"3,79 €/KG","img":"https://fd9-photos.leclercdrive.fr/image.ashx?id=2835833&use=l&cat=p&typeid=i","cat":312612},{"id":41602,"n":"Fond d'artichauts Eco + 210g","p":1.75,"u":"8,33 €/KG","img":"https://fd9-photos.leclercdrive.fr/image.ashx?id=2822917&use=l&cat=p&typeid=i","cat":312611},{"id":41606,"n":"Artichauts Tradizioni d'Italia  Demi coeurs - 280g","p":3.89,"u":"13,89 €/KG","img":"https://fd9-photos.leclercdrive.fr/image.ashx?id=1965596&use=l&cat=p&typeid=i","cat":312611},{"id":41647,"n":"AOP Alsace Gewurztraminer   vin blanc Rebmann - 75 cl","p":5.99,"u":"7,99 €/L","img":"https://fd9-photos.leclercdrive.fr/image.ashx?id=2202431&use=l&cat=p&typeid=i","cat":289557},{"id":41691,"n":"AOP Cabernet d'Anjou BIO vin  rosé Les Caractères - 75cl","p":4.99,"u":"6,65 €/L","img":"https://fd9-photos.leclercdrive.fr/image.ashx?id=2816484&use=l&cat=p&typeid=i","cat":289558},{"id":41700,"n":"Sauce Tomate Cuisinée Heinz Ail & Oignon - 520g","p":1.37,"u":"2,63 €/KG","img":"https://fd9-photos.leclercdrive.fr/image.ashx?id=2950849&use=l&cat=p&typeid=i","cat":288384},{"id":41706,"n":"Soupe déshydratée Yum yum Nouilles/boeuf - 60g","p":0.48,"u":"8,00 €/KG","img":"https://fd9-photos.leclercdrive.fr/image.ashx?id=2917130&use=l&cat=p&typeid=i","cat":288992},{"id":41710,"n":"Soupe déshydratée Yum yum Nouilles/poulet - 60g","p":0.48,"u":"8,00 €/KG","img":"https://fd9-photos.leclercdrive.fr/image.ashx?id=2966315&use=l&cat=p&typeid=i","cat":288992},{"id":41713,"n":"Soupe déshydratée Yum yum Nouilles/crevette - 60g","p":0.48,"u":"8,00 €/KG","img":"https://fd9-photos.leclercdrive.fr/image.ashx?id=2909284&use=l&cat=p&typeid=i","cat":288992},{"id":41781,"n":"Whisky Cardhu Gold reserve 40%vol. - 70cl","p":32.95,"pp":29.95,"u":"42,79 €/L","img":"https://fd9-photos.leclercdrive.fr/image.ashx?id=2518400&use=l&cat=p&typeid=i","cat":284547},{"id":41797,"n":"Sauce Barbecue Heinz Classic - 480g","p":2.0,"u":"4,17 €/KG","img":"https://fd9-photos.leclercdrive.fr/image.ashx?id=2928351&use=l&cat=p&typeid=i","cat":318431},{"id":41800,"n":"Mayonnaise Fine & Douce Lesieur 475g","p":2.18,"u":"4,59 €/KG","img":"https://fd9-photos.leclercdrive.fr/image.ashx?id=2918541&use=l&cat=p&typeid=i","cat":298295},{"id":41803,"n":"Asperges vertes d'aucy  21,2cl","p":2.19,"u":"21,90 €/KG","img":"https://fd9-photos.leclercdrive.fr/image.ashx?id=2597723&use=l&cat=p&typeid=i","cat":312611},{"id":41804,"n":"Asperges vertes d'aucy  37cl","p":3.52,"u":"19,03 €/KG","img":"https://fd9-photos.leclercdrive.fr/image.ashx?id=2665901&use=l&cat=p&typeid=i","cat":312611},{"id":41806,"n":"Ketchup nature Amora 850g","p":2.24,"u":"2,64 €/KG","img":"https://fd9-photos.leclercdrive.fr/image.ashx?id=2589690&use=l&cat=p&typeid=i","cat":284455},{"id":41819,"n":"Sauce Andalouse Heinz - 220g","p":1.73,"u":"7,86 €/KG","img":"https://fd9-photos.leclercdrive.fr/image.ashx?id=2973327&use=l&cat=p&typeid=i","cat":318431},{"id":41827,"n":"Nuggets de Poulet Père Dodu   x20 - 400g - Familial","p":4.15,"u":"10,38 €/KG","img":"https://fd9-photos.leclercdrive.fr/image.ashx?id=2957167&use=l&cat=p&typeid=i","cat":333684},{"id":41835,"n":"AOC Bourgueil vin rouge Les Caractères - 75cl","p":4.49,"u":"5,99 €/L","img":"https://fd9-photos.leclercdrive.fr/image.ashx?id=2691336&use=l&cat=p&typeid=i","cat":289556},{"id":41841,"n":"AOP Bordeaux vin rouge Chantet Blanet - 75cl","p":2.89,"u":"3,85 €/L","img":"https://fd9-photos.leclercdrive.fr/image.ashx?id=2366328&use=l&cat=p&typeid=i","cat":289556},{"id":41844,"n":"AOC Côtes du Rhône Villages vin rouge Plan de Diey - 75cl","p":4.99,"u":"6,65 €/L","img":"https://fd9-photos.leclercdrive.fr/image.ashx?id=2691351&use=l&cat=p&typeid=i","cat":289556},{"id":41845,"n":"Génoise fourrée Kinder Pingui Lait et cacao x8 - 240g","p":2.24,"u":"9,33 €/KG","img":"https://fd9-photos.leclercdrive.fr/image.ashx?id=2855352&use=l&cat=p&typeid=i","cat":284420},{"id":41846,"n":"Compotes Andros Panachés 16x100g","p":4.66,"u":"2,91 €/KG","img":"https://fd9-photos.leclercdrive.fr/image.ashx?id=2921343&use=l&cat=p&typeid=i","cat":284416},{"id":41852,"n":"Sauce pomme frite Amora 260g","p":1.58,"u":"6,08 €/KG","img":"https://fd9-photos.leclercdrive.fr/image.ashx?id=2957776&use=l&cat=p&typeid=i","cat":318431},{"id":41858,"n":"Yaourt SMARTIES Fraise bonbons chocolat 4x120g","p":2.31,"u":"4,81 €/KG","img":"https://fd9-photos.leclercdrive.fr/image.ashx?id=2890046&use=l&cat=p&typeid=i","cat":284414},{"id":41862,"n":"Compotes Andros 6 Pommes  et 6 pommes fraises - 12x100g","p":3.69,"u":"3,08 €/KG","img":"https://fd9-photos.leclercdrive.fr/image.ashx?id=2988318&use=l&cat=p&typeid=i","cat":284416},{"id":41868,"n":"Bûche de chèvre Soignon 400g","p":4.18,"u":"10,45 €/KG","img":"https://fd9-photos.leclercdrive.fr/image.ashx?id=2840988&use=l&cat=p&typeid=i","cat":314031},{"id":41878,"n":"Bière aromatisée Desquiles Red 5,9%vol. - 50cl","p":1.49,"u":"2,98 €/L","img":"https://fd9-photos.leclercdrive.fr/image.ashx?id=2664809&use=l&cat=p&typeid=i","cat":334853},{"id":41883,"n":"Steaks Hachés Charolais Charal Pur Bœuf 12%MG - 10x100g - 1kg","p":14.47,"u":"14,47 €/KG","img":"https://fd9-photos.leclercdrive.fr/image.ashx?id=2741943&use=l&cat=p&typeid=i","cat":319778},{"id":41903,"n":"Jus de pomme Jafaden A base de concentré - 2L","p":1.85,"u":"0,93 €/L","img":"https://fd9-photos.leclercdrive.fr/image.ashx?id=2470240&use=l&cat=p&typeid=i","cat":284522},{"id":41912,"n":"Sirop fraise de Plougastel NRT 70cl","p":3.2,"u":"4,57 €/L","img":"https://fd9-photos.leclercdrive.fr/image.ashx?id=2590481&use=l&cat=p&typeid=i","cat":295020},{"id":41915,"n":"AOP Morgon vin rouge Antoine Barrier - 75cl","p":6.99,"u":"9,32 €/L","img":"https://fd9-photos.leclercdrive.fr/image.ashx?id=2919640&use=l&cat=p&typeid=i","cat":289556},{"id":41923,"n":"Vin d'Union Européenne rosé Adrien Champaud 11% vol BIB 5L","p":8.49,"u":"1,70 €/L","img":"https://fd9-photos.leclercdrive.fr/image.ashx?id=2959707&use=l&cat=p&typeid=i","cat":289560},{"id":41924,"n":"Vin d'Union Européenne rouge Adrien Champaud 12% vol BIB 5L","p":8.49,"u":"1,70 €/L","img":"https://fd9-photos.leclercdrive.fr/image.ashx?id=2760798&use=l&cat=p&typeid=i","cat":289560},{"id":41990,"n":"Steaks Hachés Limousin Charal Pur Bœuf 12%MG - 8x125g - 1kg","p":14.27,"u":"14,27 €/KG","img":"https://fd9-photos.leclercdrive.fr/image.ashx?id=2974626&use=l&cat=p&typeid=i","cat":319778},{"id":42039,"n":"Bicarbonate de sodium Cérébos 400g","p":2.09,"u":"5,23 €/KG","img":"https://fd9-photos.leclercdrive.fr/image.ashx?id=2520120&use=l&cat=p&typeid=i","cat":284457},{"id":42045,"n":"Amande grillée Maître Prunille Décortiquée sans sel 250g","p":4.08,"u":"16,32 €/KG","img":"https://fd9-photos.leclercdrive.fr/image.ashx?id=1750481&use=l&cat=p&typeid=i","cat":284448},{"id":42057,"n":"Asperges blanches d'aucy  21,2cl","p":2.08,"u":"18,91 €/KG","img":"https://fd9-photos.leclercdrive.fr/image.ashx?id=2597720&use=l&cat=p&typeid=i","cat":312611},{"id":42058,"n":"Asperges blanches d'aucy 37cl","p":2.88,"u":"14,05 €/KG","img":"https://fd9-photos.leclercdrive.fr/image.ashx?id=2665895&use=l&cat=p&typeid=i","cat":312611},{"id":42063,"n":"Madeleines Saint Michel Oeufs de poule plein air - 500g","p":2.0,"u":"4,00 €/KG","img":"https://fd9-photos.leclercdrive.fr/image.ashx?id=2936191&use=l&cat=p&typeid=i","cat":284492},{"id":42064,"n":"Madeleines Saint Michel Oeufs de poule plein air - 300g","p":3.84,"u":"12,80 €/KG","img":"https://fd9-photos.leclercdrive.fr/image.ashx?id=2936203&use=l&cat=p&typeid=i","cat":284492},{"id":42067,"n":"Biscuits p'tit déjeuner BN Chocolat - 200g","p":1.56,"u":"7,80 €/KG","img":"https://fd9-photos.leclercdrive.fr/image.ashx?id=2603468&use=l&cat=p&typeid=i","cat":284491},{"id":42113,"n":"Haché de porc Férial Façon bouchère - x2 - 220g","p":2.69,"u":"12,23 €/KG","img":"https://fd9-photos.leclercdrive.fr/image.ashx?id=2946469&use=l&cat=p&typeid=i","cat":284332},{"id":42117,"n":"Céréales muesli Bjorg Bio Sans sucre ajoutés - 375g","p":1.88,"u":"5,01 €/KG","img":"https://fd9-photos.leclercdrive.fr/image.ashx?id=2906163&use=l&cat=p&typeid=i","cat":309512},{"id":42123,"n":"Jus de pruneaux Gayelord Hauser - 75cl","p":3.06,"u":"4,08 €/L","img":"https://fd9-photos.leclercdrive.fr/image.ashx?id=2962482&use=l&cat=p&typeid=i","cat":284915},{"id":42140,"n":"Sirop La Maison Guiot Grenadine - 70cl","p":2.98,"u":"4,26 €/L","img":"https://fd9-photos.leclercdrive.fr/image.ashx?id=2857195&use=l&cat=p&typeid=i","cat":295020},{"id":42218,"n":"Bloc WC Bref Power  Activ'Océan toilettes - 50g x1","p":1.42,"u":"28,40 €/KG","img":"https://fd9-photos.leclercdrive.fr/image.ashx?id=2789802&use=l&cat=p&typeid=i","cat":284662},{"id":42235,"n":"Galette Tipiak Jambon/fromage - 2x125g","p":2.95,"u":"11,80 €/KG","img":"https://fd9-photos.leclercdrive.fr/image.ashx?id=2819334&use=l&cat=p&typeid=i","cat":319776},{"id":42236,"n":"Gambas rouge Gimbert Ocean Sauvage royale 6/8 - 400g","p":11.7,"u":"29,25 €/KG","img":"https://fd9-photos.leclercdrive.fr/image.ashx?id=2889652&use=l&cat=p&typeid=i","cat":319787},{"id":42289,"n":"Huile pimentée pizza Cauvin A l'huile d'olive - 25cl","p":2.51,"u":"10,04 €/L","img":"https://fd9-photos.leclercdrive.fr/image.ashx?id=2539857&use=l&cat=p&typeid=i","cat":284453},{"id":42290,"n":"Huile de colza Eco + 1L","p":1.46,"u":"1,46 €/L","img":"https://fd9-photos.leclercdrive.fr/image.ashx?id=2486769&use=l&cat=p&typeid=i","cat":284453},{"id":42291,"n":"Huile pour friture Eco + 1L","p":2.23,"u":"2,23 €/L","img":"https://fd9-photos.leclercdrive.fr/image.ashx?id=2913639&use=l&cat=p&typeid=i","cat":284453},{"id":42295,"n":"Vinaigrette bi-phase Rustica Vin rouge/échalote - 50cl","p":2.49,"u":"4,98 €/L","img":"https://fd9-photos.leclercdrive.fr/image.ashx?id=2142190&use=l&cat=p&typeid=i","cat":284456},{"id":42297,"n":"Sauce caesar Rustica 50cl","p":2.59,"u":"5,18 €/L","img":"https://fd9-photos.leclercdrive.fr/image.ashx?id=1972928&use=l&cat=p&typeid=i","cat":284456},{"id":42298,"n":"Boisson végétale Bio Village Avoine bio - 1l","p":1.39,"u":"1,39 €/L","img":"https://fd9-photos.leclercdrive.fr/image.ashx?id=2358096&use=l&cat=p&typeid=i","cat":316067},{"id":42321,"n":"Nettoyant Menager Cif lingettes Ocean Antibacterien - x120","p":2.21,"img":"https://fd9-photos.leclercdrive.fr/image.ashx?id=2747163&use=l&cat=p&typeid=i","cat":325358},{"id":42325,"n":"Spray Nettoyant Menager Cif  Antibacterien - 750 ml","p":2.18,"u":"2,91 €/L","img":"https://fd9-photos.leclercdrive.fr/image.ashx?id=2813540&use=l&cat=p&typeid=i","cat":325357},{"id":42331,"n":"Saucisses Knacki Herta Poulet x10 - 350g","p":1.5,"u":"4,29 €/KG","img":"https://fd9-photos.leclercdrive.fr/image.ashx?id=2290431&use=l&cat=p&typeid=i","cat":316012},{"id":42341,"n":"Compotes Pom'Potes Gourdes  Multivariétés Inédits - 12x90g","p":5.42,"u":"5,02 €/KG","img":"https://fd9-photos.leclercdrive.fr/image.ashx?id=2864309&use=l&cat=p&typeid=i","cat":284508},{"id":42347,"n":"Pansements enfants Primoplast x20","p":0.69,"u":"0,03 €/P","img":"https://fd9-photos.leclercdrive.fr/image.ashx?id=2958062&use=l&cat=p&typeid=i","cat":284630},{"id":42426,"n":"Lingettes Vanish  Anti-décoloration - x30","p":5.61,"img":"https://fd9-photos.leclercdrive.fr/image.ashx?id=2224145&use=l&cat=p&typeid=i","cat":290450},{"id":42428,"n":"Pains au chocolat Pasquier x8 - 360g","p":2.2,"u":"6,11 €/KG","img":"https://fd9-photos.leclercdrive.fr/image.ashx?id=2863446&use=l&cat=p&typeid=i","cat":296366},{"id":42442,"n":"Moutarde forte Eco + 370g","p":0.73,"u":"1,97 €/KG","img":"https://fd9-photos.leclercdrive.fr/image.ashx?id=2954319&use=l&cat=p&typeid=i","cat":288850},{"id":42448,"n":"Capsules Nescafé Dolce Gusto  Ricoré Latte - x16","p":4.8,"u":"28,57 €/KG","img":"https://fd9-photos.leclercdrive.fr/image.ashx?id=2818085&use=l&cat=p&typeid=i","cat":293239},{"id":42449,"n":"Antipasto tomate séchée Sacla 280g","p":2.72,"u":"9,71 €/KG","img":"https://fd9-photos.leclercdrive.fr/image.ashx?id=2290482&use=l&cat=p&typeid=i","cat":284458},{"id":42452,"n":"Moutarde douce Amora Flacon souple - 260g","p":1.94,"u":"7,46 €/KG","img":"https://fd9-photos.leclercdrive.fr/image.ashx?id=3005401&use=l&cat=p&typeid=i","cat":288850},{"id":42460,"n":"Olives vertes entières Eco + 400g","p":1.07,"u":"2,68 €/KG","img":"https://fd9-photos.leclercdrive.fr/image.ashx?id=2609261&use=l&cat=p&typeid=i","cat":284458},{"id":42461,"n":"Olives vertes Eco + Dénoyautées - 320g","p":1.88,"u":"5,88 €/KG","img":"https://fd9-photos.leclercdrive.fr/image.ashx?id=2609264&use=l&cat=p&typeid=i","cat":284458},{"id":42505,"n":"Crème dessert Mont Blanc Boîte Caramel - 570g","p":2.33,"u":"4,09 €/KG","img":"https://fd9-photos.leclercdrive.fr/image.ashx?id=3011599&use=l&cat=p&typeid=i","cat":284506},{"id":42507,"n":"Crème dessert Mont Blanc Choco Vanille Praliné - 6x125g","p":4.43,"u":"5,91 €/KG","img":"https://fd9-photos.leclercdrive.fr/image.ashx?id=3011605&use=l&cat=p&typeid=i","cat":284506},{"id":42508,"n":"Cookies Nestlé Dessert Pépites de chocolat - 351g","p":3.99,"u":"11,37 €/KG","img":"https://fd9-photos.leclercdrive.fr/image.ashx?id=2848382&use=l&cat=p&typeid=i","cat":284505},{"id":42560,"n":"Jus innocent ananas passion 900ml","p":2.55,"u":"2,83 €/L","img":"https://fd9-photos.leclercdrive.fr/image.ashx?id=2861740&use=l&cat=p&typeid=i","cat":285435},{"id":42563,"n":"Boisson végétale lait d'amande bio bjorg sans sucre - 1l","p":1.69,"u":"1,69 €/L","img":"https://fd9-photos.leclercdrive.fr/image.ashx?id=2939415&use=l&cat=p&typeid=i","cat":316067},{"id":42566,"n":"Céréales fourrées bio Bio Village - Tout choco - 375g","p":3.85,"u":"10,27 €/KG","img":"https://fd9-photos.leclercdrive.fr/image.ashx?id=2722402&use=l&cat=p&typeid=i","cat":309513},{"id":42567,"n":"Pâte à tartiner Bio Jardin Bio - 750g","p":7.02,"u":"9,36 €/KG","img":"https://fd9-photos.leclercdrive.fr/image.ashx?id=2918925&use=l&cat=p&typeid=i","cat":284481},{"id":42569,"n":"Double concentré Bio Jardin Bio Tomate - 140g","p":0.96,"u":"6,86 €/KG","img":"https://fd9-photos.leclercdrive.fr/image.ashx?id=2944867&use=l&cat=p&typeid=i","cat":288384},{"id":42574,"n":"Café moulu Bio Ethiquable  100% arabica Honduras - 250g","p":4.34,"u":"17,36 €/KG","img":"https://fd9-photos.leclercdrive.fr/image.ashx?id=2876815&use=l&cat=p&typeid=i","cat":284750},{"id":42624,"n":"Pâtes coudes rayés Panzani 1kg","p":2.06,"u":"2,06 €/KG","img":"https://fd9-photos.leclercdrive.fr/image.ashx?id=2876029&use=l&cat=p&typeid=i","cat":284427},{"id":42628,"n":"Chips Bret's Fromage du Jura - 125g","p":1.08,"u":"8,64 €/KG","img":"https://fd9-photos.leclercdrive.fr/image.ashx?id=1916976&use=l&cat=p&typeid=i","cat":284447},{"id":42649,"n":"Crème douche Manava Surgras - 250ml","p":0.94,"u":"3,76 €/L","img":"https://fd9-photos.leclercdrive.fr/image.ashx?id=2456147&use=l&cat=p&typeid=i","cat":284594},{"id":42655,"n":"Huile merveilleuse Garnier Huile d'argan & camélia - 150ml","p":6.23,"u":"41,53 €/L","img":"https://fd9-photos.leclercdrive.fr/image.ashx?id=2661730&use=l&cat=p&typeid=i","cat":284608},{"id":42667,"n":"Soin de jour L'Oréal Paris Revitalift Anti-Âge - 50ml","p":13.96,"u":"279,20 €/L","img":"https://fd9-photos.leclercdrive.fr/image.ashx?id=2921876&use=l&cat=p&typeid=i","cat":325345},{"id":42677,"n":"Soin cheveux nutrition Dessange Cheveux secs - 100ml","p":5.66,"u":"56,60 €/L","img":"https://fd9-photos.leclercdrive.fr/image.ashx?id=2400969&use=l&cat=p&typeid=i","cat":284608},{"id":42678,"n":"Huile Cheveux Extrême Dessange Cheuveux abîmés - 100ml","p":6.28,"u":"62,80 €/L","img":"https://fd9-photos.leclercdrive.fr/image.ashx?id=2851099&use=l&cat=p&typeid=i","cat":284608},{"id":42681,"n":"Mozzarella Tradizioni d'Italia Di Bufala Campana AOP - 200g","p":3.31,"u":"16,55 €/KG","img":"https://fd9-photos.leclercdrive.fr/image.ashx?id=2954190&use=l&cat=p&typeid=i","cat":314026},{"id":42703,"n":"P'tit Basque Istara Fromage de brebis - 220g","p":4.97,"u":"22,59 €/KG","img":"https://fd9-photos.leclercdrive.fr/image.ashx?id=2759876&use=l&cat=p&typeid=i","cat":329184},{"id":42740,"n":"Galette saint Jacques Tipiak Au beurre persillé - 2x125g","p":3.97,"u":"15,88 €/KG","img":"https://fd9-photos.leclercdrive.fr/image.ashx?id=2819337&use=l&cat=p&typeid=i","cat":319776},{"id":42747,"n":"Whisky blend the Famous grouse 40%vol. - 1L","p":22.48,"u":"22,48 €/L","img":"https://fd9-photos.leclercdrive.fr/image.ashx?id=2958878&use=l&cat=p&typeid=i","cat":284547},{"id":42757,"n":"Emmental rapé Eco + 30% MG - 500g","p":3.7,"u":"7,40 €/KG","img":"https://fd9-photos.leclercdrive.fr/image.ashx?id=2942172&use=l&cat=p&typeid=i","cat":314035},{"id":42759,"n":"Copeaux Parmigiano Reggiano AOP Les Croisés - 80g","p":1.9,"u":"23,75 €/KG","img":"https://fd9-photos.leclercdrive.fr/image.ashx?id=2287403&use=l&cat=p&typeid=i","cat":314035},{"id":42761,"n":"Tranchette de gouda Les Croisés Au cumin - 16,8% MG - 200g","p":2.99,"u":"14,95 €/KG","img":"https://fd9-photos.leclercdrive.fr/image.ashx?id=2051383&use=l&cat=p&typeid=i","cat":314028},{"id":42788,"n":"Tranchettes de chèvre 32.4% MG Les Croisés - 200g","p":3.19,"u":"15,95 €/KG","img":"https://fd9-photos.leclercdrive.fr/image.ashx?id=2051386&use=l&cat=p&typeid=i","cat":314028},{"id":42789,"n":"Cheddar Les Croisés 32% MG Tranchettes - 200g","p":2.64,"u":"13,20 €/KG","img":"https://fd9-photos.leclercdrive.fr/image.ashx?id=2796064&use=l&cat=p&typeid=i","cat":314028},{"id":42799,"n":"Miel liquide Bio Squeezer Bio village - 250g","p":2.95,"u":"11,80 €/KG","img":"https://fd9-photos.leclercdrive.fr/image.ashx?id=795654&use=l&cat=p&typeid=i","cat":287643},{"id":42809,"n":"Berlingots de javel Clair Eucalyptus - 3x250ml","p":1.3,"u":"1,73 €/L","img":"https://fd9-photos.leclercdrive.fr/image.ashx?id=2949194&use=l&cat=p&typeid=i","cat":284661},{"id":42846,"n":"Cacahuètes Menguy's Grillées et salées - 800g","p":5.41,"u":"6,76 €/KG","img":"https://fd9-photos.leclercdrive.fr/image.ashx?id=2979800&use=l&cat=p&typeid=i","cat":284448},{"id":42847,"n":"Pop corn salé Menguy's Micro-ondes - 3x90g","p":1.58,"u":"5,85 €/KG","img":"https://fd9-photos.leclercdrive.fr/image.ashx?id=2966023&use=l&cat=p&typeid=i","cat":284449},{"id":42872,"n":"Jus innocent pomme framboise 900ml","p":2.63,"u":"2,92 €/L","img":"https://fd9-photos.leclercdrive.fr/image.ashx?id=2862877&use=l&cat=p&typeid=i","cat":285435},{"id":42873,"n":"Jus innocent orange carotte 900ml","p":2.81,"u":"3,12 €/L","img":"https://fd9-photos.leclercdrive.fr/image.ashx?id=2892217&use=l&cat=p&typeid=i","cat":285435},{"id":42874,"n":"Jus innocent poire pêche 900ml","p":2.75,"u":"3,06 €/L","img":"https://fd9-photos.leclercdrive.fr/image.ashx?id=2893000&use=l&cat=p&typeid=i","cat":285435},{"id":42876,"n":"Jus innocent pomme mangue 900ml","p":2.84,"u":"3,16 €/L","img":"https://fd9-photos.leclercdrive.fr/image.ashx?id=2892220&use=l&cat=p&typeid=i","cat":285435},{"id":42878,"n":"Jus innocent mandarine clémentine 900ml","p":2.93,"u":"3,26 €/L","img":"https://fd9-photos.leclercdrive.fr/image.ashx?id=2891232&use=l&cat=p&typeid=i","cat":284354},{"id":42938,"n":"Soupe instantanée Royco  Bouillon de Volailles 3x200ml","p":1.36,"u":"42,50 €/KG","img":"https://fd9-photos.leclercdrive.fr/image.ashx?id=2651423&use=l&cat=p&typeid=i","cat":293527},{"id":42964,"n":"Os à mâcher Lydog Fourrés boeuf - 2x100g","p":2.3,"u":"11,50 €/KG","img":"https://fd9-photos.leclercdrive.fr/image.ashx?id=1947283&use=l&cat=p&typeid=i","cat":294527},{"id":42965,"n":"Pepites de chocolat au lait Tablier Blanc - 100g","p":2.03,"u":"20,30 €/KG","img":"https://fd9-photos.leclercdrive.fr/image.ashx?id=2723141&use=l&cat=p&typeid=i","cat":284504},{"id":42966,"n":"Haricots verts Notre Jardin Extra fins - 455g","p":1.97,"u":"4,33 €/KG","img":"https://fd9-photos.leclercdrive.fr/image.ashx?id=2988084&use=l&cat=p&typeid=i","cat":312606},{"id":42967,"n":"Haricots verts Notre Jardin Extra fins vapeur - 225g","p":1.6,"u":"7,11 €/KG","img":"https://fd9-photos.leclercdrive.fr/image.ashx?id=1964999&use=l&cat=p&typeid=i","cat":312606},{"id":42969,"n":"Petits pois doux Notre Jardin Vapeur - 265g","p":1.29,"u":"4,87 €/KG","img":"https://fd9-photos.leclercdrive.fr/image.ashx?id=3002611&use=l&cat=p&typeid=i","cat":312607},{"id":42974,"n":"Haricots rouges Notre Jardin A la mexicaine - 800g","p":2.42,"u":"3,03 €/KG","img":"https://fd9-photos.leclercdrive.fr/image.ashx?id=3002614&use=l&cat=p&typeid=i","cat":312612},{"id":42977,"n":"Mini crackers Bio Village Bio Fromage/courges - 110g","p":2.49,"u":"22,64 €/KG","img":"https://fd9-photos.leclercdrive.fr/image.ashx?id=1944150&use=l&cat=p&typeid=i","cat":297000},{"id":42980,"n":"Goûter fourré Bio Village Bio Chocolat noir - 185g","p":2.03,"u":"10,97 €/KG","img":"https://fd9-photos.leclercdrive.fr/image.ashx?id=2201966&use=l&cat=p&typeid=i","cat":284488},{"id":42981,"n":"Goûter fourré Bio Village Bio - Chocolat au lait - 185g","p":2.06,"u":"11,14 €/KG","img":"https://fd9-photos.leclercdrive.fr/image.ashx?id=2704505&use=l&cat=p&typeid=i","cat":284488},{"id":43009,"n":"Biscuits fourrés P'tit Deli Noisette - 225g","p":1.38,"u":"6,13 €/KG","img":"https://fd9-photos.leclercdrive.fr/image.ashx?id=2202419&use=l&cat=p&typeid=i","cat":284488},{"id":43016,"n":"Asperges blanches moyennes Notre Jardin - 205g","p":1.99,"u":"9,71 €/KG","img":"https://fd9-photos.leclercdrive.fr/image.ashx?id=2049058&use=l&cat=p&typeid=i","cat":312611},{"id":43017,"n":"Betterave en Dés Notre Jardin 265g","p":1.02,"u":"3,85 €/KG","img":"https://fd9-photos.leclercdrive.fr/image.ashx?id=1993203&use=l&cat=p&typeid=i","cat":312611},{"id":43019,"n":"Biscuits animaux P'tit Déli Nappés chocolat lait - 225g","p":1.64,"u":"7,29 €/KG","img":"https://fd9-photos.leclercdrive.fr/image.ashx?id=2529602&use=l&cat=p&typeid=i","cat":284488},{"id":43049,"n":"Steak haché charolais Férial  15%mg x4 - 400g","p":6.39,"u":"15,98 €/KG","img":"https://fd9-photos.leclercdrive.fr/image.ashx?id=2823762&use=l&cat=p&typeid=i","cat":319778},{"id":43059,"n":"Galette l'authentique Beurlay À l'Angélique - 250g","p":3.0,"u":"12,00 €/KG","img":"https://fd9-photos.leclercdrive.fr/image.ashx?id=2511736&use=l&cat=p&typeid=i","cat":293600},{"id":43062,"n":"Galette fourrée Beurlay Myrtille - 290g","p":3.47,"u":"11,97 €/KG","img":"https://fd9-photos.leclercdrive.fr/image.ashx?id=2574290&use=l&cat=p&typeid=i","cat":293600},{"id":43063,"n":"Galette fourrée Beurlay Pruneau - 290g","p":3.18,"u":"10,97 €/KG","img":"https://fd9-photos.leclercdrive.fr/image.ashx?id=2576518&use=l&cat=p&typeid=i","cat":293600},{"id":43151,"n":"Rasoir jetable Wilkinson Xtreme3 Ultimate x8","p":9.67,"u":"1,21 €/P","img":"https://fd9-photos.leclercdrive.fr/image.ashx?id=2215179&use=l&cat=p&typeid=i","cat":284616},{"id":43191,"n":"Protège-document Esquisse x1 Bleu - A4 - 80 vues","p":2.49,"img":"https://fd9-photos.leclercdrive.fr/image.ashx?id=1180671&use=l&cat=p&typeid=i","cat":284745},{"id":43192,"n":"Protège-document Esquisse  Transparent - A4 - 80 vues","p":2.49,"img":"https://fd9-photos.leclercdrive.fr/image.ashx?id=1694257&use=l&cat=p&typeid=i","cat":284745},{"id":43194,"n":"Protège-document Esquisse x1 Rouge - A4 - 80 vues","p":2.49,"img":"https://fd9-photos.leclercdrive.fr/image.ashx?id=2943352&use=l&cat=p&typeid=i","cat":284745},{"id":43197,"n":"Tartine Grilletine de Pasquier Briochées - x18 - 242g","p":1.79,"u":"7,40 €/KG","img":"https://fd9-photos.leclercdrive.fr/image.ashx?id=2333054&use=l&cat=p&typeid=i","cat":284479},{"id":43218,"n":"Pains au lait Pasquier x20 - 700g","p":2.72,"u":"3,89 €/KG","img":"https://fd9-photos.leclercdrive.fr/image.ashx?id=2609315&use=l&cat=p&typeid=i","cat":293505},{"id":43237,"n":"Lotion démaquillante Inell Douceur yeux - 150ml","p":1.6,"u":"10,67 €/L","img":"https://fd9-photos.leclercdrive.fr/image.ashx?id=1993197&use=l&cat=p&typeid=i","cat":284603},{"id":43246,"n":"Nouilles de Savoie NRT 250g","p":1.19,"u":"4,76 €/KG","img":"https://fd9-photos.leclercdrive.fr/image.ashx?id=2704906&use=l&cat=p&typeid=i","cat":284427},{"id":43247,"n":"Tuiles apéritives Tokapi Poulet braisé - 170g","p":1.55,"u":"9,12 €/KG","img":"https://fd9-photos.leclercdrive.fr/image.ashx?id=2815752&use=l&cat=p&typeid=i","cat":287899},{"id":43278,"n":"Crème glacée L'Angelys Cognac Raisins - 500g","p":5.73,"u":"11,46 €/KG","img":"https://fd9-photos.leclercdrive.fr/image.ashx?id=2963565&use=l&cat=p&typeid=i","cat":284263},{"id":43279,"n":"Sorbet plein fruit L'Angelys Framboise - 500g","p":5.17,"u":"10,34 €/KG","img":"https://fd9-photos.leclercdrive.fr/image.ashx?id=2963556&use=l&cat=p&typeid=i","cat":284263},{"id":43287,"n":"Dentifrice Dentamyl Blancheur extrême - 75ml","p":0.95,"u":"12,67 €/L","img":"https://fd9-photos.leclercdrive.fr/image.ashx?id=3007049&use=l&cat=p&typeid=i","cat":284612},{"id":43303,"n":"Panna Cotta Fruits rouges Rians 2x120g","p":2.4,"u":"10,00 €/KG","img":"https://fd9-photos.leclercdrive.fr/image.ashx?id=2555412&use=l&cat=p&typeid=i","cat":284419},{"id":43308,"n":"Dessert fruits mixés Sojasun Citron - 4x100g","p":1.58,"u":"3,95 €/KG","img":"https://fd9-photos.leclercdrive.fr/image.ashx?id=2355674&use=l&cat=p&typeid=i","cat":316071},{"id":43309,"n":"Dessert végétal Sojasun  Chocolat - 6x100g","p":2.47,"u":"4,12 €/KG","img":"https://fd9-photos.leclercdrive.fr/image.ashx?id=2355692&use=l&cat=p&typeid=i","cat":316071},{"id":43310,"n":"Dessert végétal Sojasun Vanille - 6x100g","p":2.44,"u":"4,07 €/KG","img":"https://fd9-photos.leclercdrive.fr/image.ashx?id=2355695&use=l&cat=p&typeid=i","cat":316071},{"id":43330,"n":"Crème dessert chocolat Danette Pop billes magix - 4x120g","p":2.41,"u":"5,02 €/KG","img":"https://fd9-photos.leclercdrive.fr/image.ashx?id=2935717&use=l&cat=p&typeid=i","cat":285041},{"id":43341,"n":"Thon mariné Petit Navire Basilic - 110g","p":2.07,"u":"18,82 €/KG","img":"https://fd9-photos.leclercdrive.fr/image.ashx?id=2542965&use=l&cat=p&typeid=i","cat":303867},{"id":43344,"n":"Coriandre France Sainte Lucie Flacon 8g","p":1.81,"u":"226,25 €/KG","img":"https://fd9-photos.leclercdrive.fr/image.ashx?id=2774301&use=l&cat=p&typeid=i","cat":298297},{"id":43358,"n":"Sel fin Eco+ Boîte verseuse - 750g","p":0.53,"u":"0,71 €/KG","img":"https://fd9-photos.leclercdrive.fr/image.ashx?id=2050582&use=l&cat=p&typeid=i","cat":284457},{"id":43369,"n":"Boisson végétale avoine Bio  Bjorg- 1L","p":1.72,"u":"1,72 €/L","img":"https://fd9-photos.leclercdrive.fr/image.ashx?id=2939430&use=l&cat=p&typeid=i","cat":316067},{"id":43371,"n":"AOC Saint-Nicolas-de-Bourgueil vin rouge Les Caractères - 75cl","p":4.99,"u":"6,65 €/L","img":"https://fd9-photos.leclercdrive.fr/image.ashx?id=2894734&use=l&cat=p&typeid=i","cat":289556},{"id":43374,"n":"AOC Bordeaux BIO vin rouge Chantet Blanet - 75cl","p":4.75,"u":"6,33 €/L","img":"https://fd9-photos.leclercdrive.fr/image.ashx?id=2750174&use=l&cat=p&typeid=i","cat":289556},{"id":43381,"n":"Dessert liégeois Viennois  Chocolat - 12x100g","p":3.82,"u":"3,18 €/KG","img":"https://fd9-photos.leclercdrive.fr/image.ashx?id=2875987&use=l&cat=p&typeid=i","cat":285042},{"id":43394,"n":"Spaghetti  Tradizioni d'Italia n°118  Pasta di Gragnano 500g","p":1.52,"u":"3,04 €/KG","img":"https://fd9-photos.leclercdrive.fr/image.ashx?id=2247328&use=l&cat=p&typeid=i","cat":284427},{"id":43396,"n":"Farfalle Tradizioni d'Italia N°210 - 500g","p":1.52,"u":"3,04 €/KG","img":"https://fd9-photos.leclercdrive.fr/image.ashx?id=2247331&use=l&cat=p&typeid=i","cat":284427},{"id":43398,"n":"Fusilli Tradizioni d'Italia N°140 - 500g","p":1.52,"u":"3,04 €/KG","img":"https://fd9-photos.leclercdrive.fr/image.ashx?id=2247334&use=l&cat=p&typeid=i","cat":284427},{"id":43407,"n":"Glace à l'eau Smicy Star  Framboise Orange Citron x8 480g","p":2.59,"u":"5,40 €/KG","img":"https://fd9-photos.leclercdrive.fr/image.ashx?id=2054528&use=l&cat=p&typeid=i","cat":285250},{"id":43408,"n":"AOP Chinon vin rouge Les Caractères - 75cl","p":4.95,"u":"6,60 €/L","img":"https://fd9-photos.leclercdrive.fr/image.ashx?id=2646779&use=l&cat=p&typeid=i","cat":289556},{"id":43409,"n":"AOP Côtes de Bergerac moelleux Terrasses d'Autan - 75cl","p":3.7,"u":"4,93 €/L","img":"https://fd9-photos.leclercdrive.fr/image.ashx?id=2756152&use=l&cat=p&typeid=i","cat":289557},{"id":43417,"n":"IGP Pays d'Oc blanc Roche Mazet Chardonnay 12.5% vol - 75cl","p":3.49,"u":"4,65 €/L","img":"https://fd9-photos.leclercdrive.fr/image.ashx?id=2991945&use=l&cat=p&typeid=i","cat":289557},{"id":43419,"n":"IGP Pays d'oc rosé Roche Mazet Merlot 12% vol - 75 cl","p":3.1,"u":"4,13 €/L","img":"https://fd9-photos.leclercdrive.fr/image.ashx?id=2342045&use=l&cat=p&typeid=i","cat":289558},{"id":43577,"n":"Rôti de porc            800g","p":8.75,"u":"10,94 €/KG","img":"https://fd9-photos.leclercdrive.fr/image.ashx?id=619042&use=l&cat=p&typeid=i","cat":284331},{"id":43604,"n":"Jus d'orange Jafaden Sans pulpe - 1.5L","p":3.13,"u":"2,09 €/L","img":"https://fd9-photos.leclercdrive.fr/image.ashx?id=2723147&use=l&cat=p&typeid=i","cat":285435},{"id":43605,"n":"Jus de clémentine Jafaden  1.5L","p":2.99,"u":"1,99 €/L","img":"https://fd9-photos.leclercdrive.fr/image.ashx?id=2723150&use=l&cat=p&typeid=i","cat":285435},{"id":43618,"n":"Flocons d'avoine Quaker Oats 550g","p":1.71,"u":"3,11 €/KG","img":"https://fd9-photos.leclercdrive.fr/image.ashx?id=2140656&use=l&cat=p&typeid=i","cat":309512},{"id":43621,"n":"Liquide vaisselle Uni vert Ecologique PSS 500ml","p":1.15,"u":"2,30 €/L","img":"https://fd9-photos.leclercdrive.fr/image.ashx?id=2380229&use=l&cat=p&typeid=i","cat":284655},{"id":43641,"n":"Rôti de porc échine           800g","p":8.75,"u":"10,94 €/KG","img":"https://fd9-photos.leclercdrive.fr/image.ashx?id=811054&use=l&cat=p&typeid=i","cat":284331},{"id":43646,"n":"Pot au feu de boeuf ** à mijoter - 1kg","p":12.9,"u":"12,90 €/KG","img":"https://fd9-photos.leclercdrive.fr/image.ashx?id=2117918&use=l&cat=p&typeid=i","cat":284328},{"id":43693,"n":"Couches Mots d'Enfants Activ+ T3 : 4/9kg - x47 changes","p":14.35,"u":"0,31 €/P","img":"https://fd9-photos.leclercdrive.fr/image.ashx?id=2946454&use=l&cat=p&typeid=i","cat":284737},{"id":43707,"n":"Laque Ultra-Forte L'Oréal Paris Thermoprotecteur - 150ml","p":5.32,"u":"35,47 €/L","img":"https://fd9-photos.leclercdrive.fr/image.ashx?id=2582237&use=l&cat=p&typeid=i","cat":284609},{"id":43718,"n":"Croquettes chat Whiskas Stérilisé saumon - 1,75kg","p":5.0,"u":"2,86 €/KG","img":"https://fd9-photos.leclercdrive.fr/image.ashx?id=2915597&use=l&cat=p&typeid=i","cat":284680},{"id":43719,"n":"Croquettes chat Whiskas Stérilisé poulet - 1.75kg","p":5.02,"u":"2,87 €/KG","img":"https://fd9-photos.leclercdrive.fr/image.ashx?id=2952872&use=l&cat=p&typeid=i","cat":284680},{"id":43758,"n":"AOP Brouilly vin rouge Antoine Barrier - 75cl","p":6.79,"u":"9,05 €/L","img":"https://fd9-photos.leclercdrive.fr/image.ashx?id=3004552&use=l&cat=p&typeid=i","cat":289556},{"id":43760,"n":"Biscuits fourrés Prince Vanille - 300g","p":1.44,"u":"4,80 €/KG","img":"https://fd9-photos.leclercdrive.fr/image.ashx?id=2907695&use=l&cat=p&typeid=i","cat":284488},{"id":43761,"n":"Flacon persil de France 7g","p":1.62,"u":"231,43 €/KG","img":"https://fd9-photos.leclercdrive.fr/image.ashx?id=2973583&use=l&cat=p&typeid=i","cat":298297},{"id":43763,"n":"Safran en poudre 4x0.1g","p":4.96,"img":"https://fd9-photos.leclercdrive.fr/image.ashx?id=2774424&use=l&cat=p&typeid=i","cat":298297},{"id":43771,"n":"Spray démelant  200ml","p":2.55,"u":"12,75 €/L","img":"https://fd9-photos.leclercdrive.fr/image.ashx?id=2712986&use=l&cat=p&typeid=i","cat":284608},{"id":43778,"n":"Morceaux de thon Listao Eco+ 130g","p":0.99,"u":"7,62 €/KG","img":"https://fd9-photos.leclercdrive.fr/image.ashx?id=2698141&use=l&cat=p&typeid=i","cat":303867},{"id":43781,"n":"Céréales Extra Kellogg's Chocolat Noir Noisettes - 800g","p":4.85,"u":"6,06 €/KG","img":"https://fd9-photos.leclercdrive.fr/image.ashx?id=2775026&use=l&cat=p&typeid=i","cat":309512},{"id":43924,"n":"AOP Vin blanc italien  Prosecco Vilaveroni 75cl","p":6.5,"u":"8,67 €/L","img":"https://fd9-photos.leclercdrive.fr/image.ashx?id=2492351&use=l&cat=p&typeid=i","cat":289461},{"id":43964,"n":"Mini bûches Eskiss Fruits - x6 - 333g","p":2.29,"u":"6,88 €/KG","img":"https://fd9-photos.leclercdrive.fr/image.ashx?id=2791317&use=l&cat=p&typeid=i","cat":284266},{"id":44039,"n":"Soufflés Grignot' Tokapi Barbecue - 90g","p":0.99,"u":"11,00 €/KG","img":"https://fd9-photos.leclercdrive.fr/image.ashx?id=2059486&use=l&cat=p&typeid=i","cat":284449},{"id":44040,"n":"Soufflé grignot' Tokapi  jambon fromage 90g","p":0.89,"u":"9,89 €/KG","img":"https://fd9-photos.leclercdrive.fr/image.ashx?id=2059489&use=l&cat=p&typeid=i","cat":284449},{"id":44057,"n":"Soufflés Tornades 3D Goût emmental - 85g","p":0.72,"u":"8,47 €/KG","img":"https://fd9-photos.leclercdrive.fr/image.ashx?id=2900139&use=l&cat=p&typeid=i","cat":284449},{"id":44081,"n":"Eau aromatisée Volvic Juicy Fraise - 1,5L","p":1.33,"u":"0,89 €/L","img":"https://fd9-photos.leclercdrive.fr/image.ashx?id=2964664&use=l&cat=p&typeid=i","cat":284537},{"id":44082,"n":"Eau aromatisée Volvic juicy Fruits exotiques - 1,5L","p":1.33,"u":"0,89 €/L","img":"https://fd9-photos.leclercdrive.fr/image.ashx?id=2964667&use=l&cat=p&typeid=i","cat":284537},{"id":44090,"n":"AOP Monbazillac vin blanc Moelleux Terrasses d'Autan-75cl","p":6.99,"u":"9,32 €/L","img":"https://fd9-photos.leclercdrive.fr/image.ashx?id=2756873&use=l&cat=p&typeid=i","cat":289557},{"id":44094,"n":"Bière blonde Leffe 6,6% - 50cl canette","p":1.58,"u":"3,16 €/L","img":"https://fd9-photos.leclercdrive.fr/image.ashx?id=2948417&use=l&cat=p&typeid=i","cat":334853},{"id":44095,"n":"Bière blonde Leffe 6,6% - 75cl","p":2.49,"u":"3,32 €/L","img":"https://fd9-photos.leclercdrive.fr/image.ashx?id=1720789&use=l&cat=p&typeid=i","cat":334852},{"id":44097,"n":"Quinoa 500g","p":2.84,"u":"5,68 €/KG","img":"https://fd9-photos.leclercdrive.fr/image.ashx?id=3012845&use=l&cat=p&typeid=i","cat":284429},{"id":44166,"n":"Vinaigre de Riz Tanoshi Flacon 150ml","p":3.52,"u":"23,47 €/L","img":"https://fd9-photos.leclercdrive.fr/image.ashx?id=2907982&use=l&cat=p&typeid=i","cat":288992},{"id":44168,"n":"Guacamole en pot 300g","p":1.75,"u":"5,83 €/KG","img":"https://fd9-photos.leclercdrive.fr/image.ashx?id=2466072&use=l&cat=p&typeid=i","cat":288993},{"id":44171,"n":"6 wraps de blé nature 370g","p":1.99,"u":"5,38 €/KG","img":"https://fd9-photos.leclercdrive.fr/image.ashx?id=2679741&use=l&cat=p&typeid=i","cat":288993},{"id":44178,"n":"Lessive poudre main Epsil 450g","p":0.97,"u":"2,16 €/KG","img":"https://fd9-photos.leclercdrive.fr/image.ashx?id=807949&use=l&cat=p&typeid=i","cat":284643},{"id":44181,"n":"Poivrons grillés Florelli Antipasti - 280g","p":2.93,"u":"10,46 €/KG","img":"https://fd9-photos.leclercdrive.fr/image.ashx?id=2633091&use=l&cat=p&typeid=i","cat":289010},{"id":44183,"n":"Tortillas Old El Paso de blé nature x8 - 326g","p":2.35,"u":"7,21 €/KG","img":"https://fd9-photos.leclercdrive.fr/image.ashx?id=2737642&use=l&cat=p&typeid=i","cat":288993},{"id":44184,"n":"Kit fajitas Old El Paso Original doux - 500g","p":4.83,"u":"9,66 €/KG","img":"https://fd9-photos.leclercdrive.fr/image.ashx?id=2940576&use=l&cat=p&typeid=i","cat":288993},{"id":44185,"n":"Kit Burritos Old El Paso Original paprika doux - 510g","p":4.86,"u":"9,53 €/KG","img":"https://fd9-photos.leclercdrive.fr/image.ashx?id=2940579&use=l&cat=p&typeid=i","cat":288993},{"id":44195,"n":"Détachant avant lavage K2R  Action complète pistolet -750ml","p":3.14,"u":"4,19 €/L","img":"https://fd9-photos.leclercdrive.fr/image.ashx?id=2101180&use=l&cat=p&typeid=i","cat":284651},{"id":44197,"n":"Couches Activ+ Mots d'Enfants T4 : 7/18kg - x39 changes","p":12.89,"u":"0,33 €/P","img":"https://fd9-photos.leclercdrive.fr/image.ashx?id=2699489&use=l&cat=p&typeid=i","cat":284737},{"id":44206,"n":"Déodorant spray Ushuaia  Orchidée - 200ml","p":3.27,"u":"16,35 €/L","img":"https://fd9-photos.leclercdrive.fr/image.ashx?id=2286963&use=l&cat=p&typeid=i","cat":284595},{"id":44216,"n":"Mousse aux cèpes Tradilège et champignons noirs 180g","p":1.32,"u":"7,33 €/KG","img":"https://fd9-photos.leclercdrive.fr/image.ashx?id=2852282&use=l&cat=p&typeid=i","cat":316008},{"id":44231,"n":"Estragon de france Sainte Lucie flacon 11g","p":2.14,"u":"194,55 €/KG","img":"https://fd9-photos.leclercdrive.fr/image.ashx?id=2774292&use=l&cat=p&typeid=i","cat":298297},{"id":44235,"n":"Epices couscous Sainte Lucie à la marocaine - 30g","p":1.67,"u":"55,67 €/KG","img":"https://fd9-photos.leclercdrive.fr/image.ashx?id=2774433&use=l&cat=p&typeid=i","cat":298297},{"id":44236,"n":"Epices paëlla Sainte Lucie à l'espagnole 30g","p":1.65,"u":"55,00 €/KG","img":"https://fd9-photos.leclercdrive.fr/image.ashx?id=2104591&use=l&cat=p&typeid=i","cat":298297},{"id":44273,"n":"Miettes de thon Petit Navire À l'huile d'olive - 160g","p":2.46,"u":"15,38 €/KG","img":"https://fd9-photos.leclercdrive.fr/image.ashx?id=2519642&use=l&cat=p&typeid=i","cat":303867},{"id":44278,"n":"Ravioli bolognaise Panzani - 400g","p":2.59,"u":"6,48 €/KG","img":"https://fd9-photos.leclercdrive.fr/image.ashx?id=2876059&use=l&cat=p&typeid=i","cat":284442},{"id":44279,"n":"Fromage apéritif Apericube Panier de campagne 24 cubes","p":2.3,"u":"18,40 €/KG","img":"https://fd9-photos.leclercdrive.fr/image.ashx?id=2882656&use=l&cat=p&typeid=i","cat":314027},{"id":44285,"n":"Thon cuisiné Saupiquet  sauce catalane 1/6 2x135g","p":2.13,"u":"7,89 €/KG","img":"https://fd9-photos.leclercdrive.fr/image.ashx?id=2731549&use=l&cat=p&typeid=i","cat":303867},{"id":44293,"n":"Emmental râpé  Entremont  français 160g","p":1.79,"u":"11,19 €/KG","img":"https://fd9-photos.leclercdrive.fr/image.ashx?id=2983153&use=l&cat=p&typeid=i","cat":314035},{"id":44298,"n":"L'Ortolan familial  Fromagerie Milleret-  330g","p":3.16,"u":"9,58 €/KG","img":"https://fd9-photos.leclercdrive.fr/image.ashx?id=2226400&use=l&cat=p&typeid=i","cat":314033},{"id":44299,"n":"Fromage à Tartiner Tartare  Ail et fines herbes - 250g","p":2.8,"u":"11,20 €/KG","img":"https://fd9-photos.leclercdrive.fr/image.ashx?id=2903170&use=l&cat=p&typeid=i","cat":314029},{"id":44300,"n":"Mini bûches de chèvre Soignon x6 - 150g","p":2.88,"u":"19,20 €/KG","img":"https://fd9-photos.leclercdrive.fr/image.ashx?id=2646560&use=l&cat=p&typeid=i","cat":314030},{"id":44307,"n":"Fromage Tomme noire NRT IGP  des Pyrénées - 200g","p":2.45,"u":"12,25 €/KG","img":"https://fd9-photos.leclercdrive.fr/image.ashx?id=2849596&use=l&cat=p&typeid=i","cat":329184},{"id":44330,"n":"IGP Pays d'Oc blanc Roche Mazet Chardonnay 12% vol BIB 3L","p":12.83,"u":"4,28 €/L","img":"https://fd9-photos.leclercdrive.fr/image.ashx?id=2597130&use=l&cat=p&typeid=i","cat":289557},{"id":44336,"n":"Savon Noir liquide Briochin Ecocert - 1L","p":2.48,"u":"2,48 €/L","img":"https://fd9-photos.leclercdrive.fr/image.ashx?id=3011389&use=l&cat=p&typeid=i","cat":325365},{"id":44355,"n":"Sandwich Baguette Mega Viennois  Sodebo Poulet Œuf - 270g","p":1.7,"u":"6,30 €/KG","img":"https://fd9-photos.leclercdrive.fr/image.ashx?id=2732392&use=l&cat=p&typeid=i","cat":333658},{"id":44357,"n":"Sauce Hollandaise Gastromer Gastronomie de la mer - 200g","p":1.46,"u":"7,30 €/KG","img":"https://fd9-photos.leclercdrive.fr/image.ashx?id=2504659&use=l&cat=p&typeid=i","cat":284382},{"id":44361,"n":"Chocolat Pâtissier Nestlé Dessert : Noir - 205g","p":3.01,"u":"14,68 €/KG","img":"https://fd9-photos.leclercdrive.fr/image.ashx?id=2938920&use=l&cat=p&typeid=i","cat":285562},{"id":44364,"n":"Bonbon Alpin Fresh Ricola Sans sucres - 50g","p":1.53,"u":"30,60 €/KG","img":"https://fd9-photos.leclercdrive.fr/image.ashx?id=2387831&use=l&cat=p&typeid=i","cat":304256},{"id":44434,"n":"Nectar Bio Pressade Multifruits - 1,5L","p":2.24,"u":"1,49 €/L","img":"https://fd9-photos.leclercdrive.fr/image.ashx?id=2732533&use=l&cat=p&typeid=i","cat":284917},{"id":44437,"n":"AOC Buzet vin rouge Terrasses d'Autan - 75cl","p":3.99,"u":"5,32 €/L","img":"https://fd9-photos.leclercdrive.fr/image.ashx?id=1974560&use=l&cat=p&typeid=i","cat":289556},{"id":44445,"n":"Wraps Old El Paso de blé nature x6 - 350g","p":2.32,"u":"6,63 €/KG","img":"https://fd9-photos.leclercdrive.fr/image.ashx?id=2737645&use=l&cat=p&typeid=i","cat":288993},{"id":44567,"n":"Oeufs de Nos Régions Plein air Oméga 3 - x6","p":1.52,"u":"0,25 €/P","img":"https://fd9-photos.leclercdrive.fr/image.ashx?id=1523321&use=l&cat=p&typeid=i","cat":284378},{"id":44568,"n":"Oeufs frais De Nos Régions  Oméga 3 - Plein Air - x12","p":2.88,"u":"0,24 €/P","img":"https://fd9-photos.leclercdrive.fr/image.ashx?id=1523324&use=l&cat=p&typeid=i","cat":284378},{"id":44572,"n":"AOC Bordeaux Supérieur vin rouge Chantet Blanet - 75cl","p":3.49,"u":"4,65 €/L","img":"https://fd9-photos.leclercdrive.fr/image.ashx?id=2236338&use=l&cat=p&typeid=i","cat":289556},{"id":44657,"n":"Bière blonde Leffe Rituel 9% - 12x25cl","p":9.49,"u":"3,16 €/L","img":"https://fd9-photos.leclercdrive.fr/image.ashx?id=2548288&use=l&cat=p&typeid=i","cat":334852},{"id":44706,"n":"Palets bretons P'tit Déli 2x125g","p":1.84,"u":"7,36 €/KG","img":"https://fd9-photos.leclercdrive.fr/image.ashx?id=2820134&use=l&cat=p&typeid=i","cat":284487},{"id":44732,"n":"Brunoise Notre Jardin méditerranéens 600g","p":3.41,"u":"5,68 €/KG","img":"https://fd9-photos.leclercdrive.fr/image.ashx?id=2873150&use=l&cat=p&typeid=i","cat":319823},{"id":44736,"n":"Blanquette volaille Côté Table 900g","p":6.99,"u":"7,77 €/KG","img":"https://fd9-photos.leclercdrive.fr/image.ashx?id=2053686&use=l&cat=p&typeid=i","cat":284254},{"id":44740,"n":"Frites allumettes Pom'lisse 2.5kg","p":4.59,"u":"1,84 €/KG","img":"https://fd9-photos.leclercdrive.fr/image.ashx?id=1255663&use=l&cat=p&typeid=i","cat":319791},{"id":44741,"n":"Riz sushi Table du monde 500g","p":1.19,"u":"2,38 €/KG","img":"https://fd9-photos.leclercdrive.fr/image.ashx?id=2679753&use=l&cat=p&typeid=i","cat":288992},{"id":44743,"n":"Julienne de légumes Bio Village Bio - 600g","p":1.99,"u":"3,32 €/KG","img":"https://fd9-photos.leclercdrive.fr/image.ashx?id=2175780&use=l&cat=p&typeid=i","cat":319823},{"id":44745,"n":"Mini boulettes au boeuf Férial  x50 - 750g","p":6.99,"u":"9,32 €/KG","img":"https://fd9-photos.leclercdrive.fr/image.ashx?id=2966511&use=l&cat=p&typeid=i","cat":319779},{"id":44746,"n":"Glace Mystère Extrême Vanille Meringue x4 308.6g","p":5.44,"u":"17,61 €/KG","img":"https://fd9-photos.leclercdrive.fr/image.ashx?id=2878375&use=l&cat=p&typeid=i","cat":284266},{"id":44747,"n":"Glace Mystère Extrême Vanille Coeur chocolat x4 308g","p":5.39,"u":"17,50 €/KG","img":"https://fd9-photos.leclercdrive.fr/image.ashx?id=2878381&use=l&cat=p&typeid=i","cat":284266},{"id":44767,"n":"Dés Gouda cumin Les Croisés 30%MG - 150g","p":1.95,"u":"13,00 €/KG","img":"https://fd9-photos.leclercdrive.fr/image.ashx?id=2003341&use=l&cat=p&typeid=i","cat":314027},{"id":44770,"n":"Steak haché Férial  5%mg x4 - 400g","p":6.99,"u":"17,48 €/KG","img":"https://fd9-photos.leclercdrive.fr/image.ashx?id=3004663&use=l&cat=p&typeid=i","cat":319778},{"id":44808,"n":"AOC Côtes du Rhône rouge BIO Rives & Terrasses - 75cl","p":3.99,"u":"5,32 €/L","img":"https://fd9-photos.leclercdrive.fr/image.ashx?id=2928318&use=l&cat=p&typeid=i","cat":289556},{"id":44859,"n":"Olives Vertes -25% sel Tramier  Dénoyautées 160g","p":1.93,"u":"12,06 €/KG","img":"https://fd9-photos.leclercdrive.fr/image.ashx?id=2840823&use=l&cat=p&typeid=i","cat":284458},{"id":44861,"n":"Sauce pesto Tradizioni d'Italia A la génoise - 180g","p":1.79,"u":"9,94 €/KG","img":"https://fd9-photos.leclercdrive.fr/image.ashx?id=2840043&use=l&cat=p&typeid=i","cat":287599},{"id":44865,"n":"Dessert fruits mixés Sojasun Abricot / Goyave - 4x100g","p":1.51,"u":"3,78 €/KG","img":"https://fd9-photos.leclercdrive.fr/image.ashx?id=2355668&use=l&cat=p&typeid=i","cat":316071},{"id":44884,"n":"Soupe Mouliné Bio Village Bio - Légumes variés - 1L","p":1.97,"u":"1,97 €/L","img":"https://fd9-photos.leclercdrive.fr/image.ashx?id=2133957&use=l&cat=p&typeid=i","cat":284462},{"id":44910,"n":"Crème dessert La Laitière Pot de crème chocolat - 8x100g","p":3.95,"u":"4,94 €/KG","img":"https://fd9-photos.leclercdrive.fr/image.ashx?id=2692116&use=l&cat=p&typeid=i","cat":285041},{"id":44939,"n":"Mini gratins Côté Table Pomme de terre salardaise 400g","p":3.89,"u":"9,73 €/KG","img":"https://fd9-photos.leclercdrive.fr/image.ashx?id=2641289&use=l&cat=p&typeid=i","cat":319802},{"id":44941,"n":"Mini gratins Côté Table Pomme de terre Epinard  x4 480g","p":3.85,"u":"8,02 €/KG","img":"https://fd9-photos.leclercdrive.fr/image.ashx?id=2641286&use=l&cat=p&typeid=i","cat":319802},{"id":44944,"n":"Oeufs de caille De Nos Régions x18","p":2.39,"u":"0,13 €/P","img":"https://fd9-photos.leclercdrive.fr/image.ashx?id=1070469&use=l&cat=p&typeid=i","cat":284378},{"id":44947,"n":"Pâtes Tagliatelle Panzani Qualité Pâtes Fraîche - 400G","p":1.7,"u":"4,25 €/KG","img":"https://fd9-photos.leclercdrive.fr/image.ashx?id=2872856&use=l&cat=p&typeid=i","cat":284427},{"id":44953,"n":"Pâtes Sans gluten Barilla Spaghetti - 400g","p":1.85,"u":"4,63 €/KG","img":"https://fd9-photos.leclercdrive.fr/image.ashx?id=2647639&use=l&cat=p&typeid=i","cat":284427},{"id":44954,"n":"Pâtes Sans gluten Barilla Penne Rigate - 400g","p":1.86,"u":"4,65 €/KG","img":"https://fd9-photos.leclercdrive.fr/image.ashx?id=2975461&use=l&cat=p&typeid=i","cat":284427},{"id":44959,"n":"Lingettes démaquillantes Inell Eau micellaire x25","p":2.6,"u":"0,10 €/P","img":"https://fd9-photos.leclercdrive.fr/image.ashx?id=2163880&use=l&cat=p&typeid=i","cat":284603},{"id":44963,"n":"Stick lèvres Inell Miss pink - 1 pièce","p":1.69,"img":"https://fd9-photos.leclercdrive.fr/image.ashx?id=2691673&use=l&cat=p&typeid=i","cat":285485},{"id":44964,"n":"Alèses absorbantes Chorys 60x90cm - x16","p":6.99,"u":"0,44 €/P","img":"https://fd9-photos.leclercdrive.fr/image.ashx?id=2169162&use=l&cat=p&typeid=i","cat":284628},{"id":44967,"n":"Culottes bébé Mots d'Enfants  T5 : 12/18kg - x20 changes","p":5.45,"u":"0,27 €/P","img":"https://fd9-photos.leclercdrive.fr/image.ashx?id=2904580&use=l&cat=p&typeid=i","cat":290633},{"id":44968,"n":"Culottes bébé Mots d'Enfants  T6 : 16kg - x18 changes","p":4.99,"u":"0,28 €/P","img":"https://fd9-photos.leclercdrive.fr/image.ashx?id=2907201&use=l&cat=p&typeid=i","cat":290633},{"id":44980,"n":"Gel lave-vaisselle Visior Classique x75 - 1,5L","p":4.75,"u":"3,17 €/L","img":"https://fd9-photos.leclercdrive.fr/image.ashx?id=1544234&use=l&cat=p&typeid=i","cat":284656},{"id":45015,"n":"Biscuits P'tit Déli Pépites de chocolat 300g","p":2.49,"u":"8,30 €/KG","img":"https://fd9-photos.leclercdrive.fr/image.ashx?id=2390425&use=l&cat=p&typeid=i","cat":284487},{"id":45023,"n":"AOC Moulin-à-Vent vin rouge Antoine Barrier - 75cl","p":7.75,"u":"10,33 €/L","img":"https://fd9-photos.leclercdrive.fr/image.ashx?id=2741625&use=l&cat=p&typeid=i","cat":289556},{"id":45029,"n":"AOP Vin blanc Muscadet Sèvre & Maine sur Lie - 75cl","p":4.19,"u":"5,59 €/L","img":"https://fd9-photos.leclercdrive.fr/image.ashx?id=2997949&use=l&cat=p&typeid=i","cat":289557},{"id":45033,"n":"AOC Côtes du Rhône vin blanc Rives & Terrasses - 75cl","p":3.99,"u":"5,32 €/L","img":"https://fd9-photos.leclercdrive.fr/image.ashx?id=2856326&use=l&cat=p&typeid=i","cat":289557},{"id":45034,"n":"AOC Crozes-Hermitage vin rouge Rives & Terrasses - 75cl","p":9.99,"u":"13,32 €/L","img":"https://fd9-photos.leclercdrive.fr/image.ashx?id=2623437&use=l&cat=p&typeid=i","cat":289556},{"id":45035,"n":"AOP Alsace Riesling vin blanc Rebmann - 75 cl","p":4.85,"u":"6,47 €/L","img":"https://fd9-photos.leclercdrive.fr/image.ashx?id=2440736&use=l&cat=p&typeid=i","cat":289557},{"id":45038,"n":"AOP Côtes du Rhône vin rouge Grégoire XI - 75 cl","p":2.99,"u":"3,99 €/L","img":"https://fd9-photos.leclercdrive.fr/image.ashx?id=2175771&use=l&cat=p&typeid=i","cat":289556},{"id":45043,"n":"AOC Bordeaux fût de chêne vin rouge Chantet Blanet - 75cl","p":2.99,"u":"3,99 €/L","img":"https://fd9-photos.leclercdrive.fr/image.ashx?id=2667259&use=l&cat=p&typeid=i","cat":289556},{"id":45050,"n":"AOP Bourgogne Pinot noir vin rouge Antoine Barrier - 75cl","p":7.99,"u":"10,65 €/L","img":"https://fd9-photos.leclercdrive.fr/image.ashx?id=2691375&use=l&cat=p&typeid=i","cat":289556},{"id":45052,"n":"Velouté Régal Soupe Potiron Châtaigne - 1L","p":2.46,"u":"2,46 €/L","img":"https://fd9-photos.leclercdrive.fr/image.ashx?id=2983811&use=l&cat=p&typeid=i","cat":284462},{"id":45054,"n":"Soupe Velouté Régal Soupe  Tomate vermicelles 2x30cl","p":1.66,"u":"2,77 €/L","img":"https://fd9-photos.leclercdrive.fr/image.ashx?id=2607575&use=l&cat=p&typeid=i","cat":284462},{"id":45065,"n":"Bretzels d'alsace NRT sachet 200g","p":0.74,"u":"3,70 €/KG","img":"https://fd9-photos.leclercdrive.fr/image.ashx?id=2638018&use=l&cat=p&typeid=i","cat":297000},{"id":45068,"n":"Pâtes Sans gluten Barilla Coquillettes - 400g","p":1.84,"u":"4,60 €/KG","img":"https://fd9-photos.leclercdrive.fr/image.ashx?id=2976113&use=l&cat=p&typeid=i","cat":284427},{"id":45097,"n":"Panettone Tradizioni d'Italia 500g","p":5.49,"u":"10,98 €/KG","img":"https://fd9-photos.leclercdrive.fr/image.ashx?id=2743921&use=l&cat=p&typeid=i","cat":293600},{"id":45101,"n":"Carrés de soin Mots d'Enfants Bébés - x100","p":1.99,"u":"0,02 €/P","img":"https://fd9-photos.leclercdrive.fr/image.ashx?id=3014245&use=l&cat=p&typeid=i","cat":284739},{"id":45102,"n":"Culottes bébé Mots d'Enfants  T4 : 8/15kg - x22 changes","p":5.35,"u":"0,24 €/P","img":"https://fd9-photos.leclercdrive.fr/image.ashx?id=2907198&use=l&cat=p&typeid=i","cat":290633},{"id":45138,"n":"Biscuits Bio Bjorg complets P'tit nature - 200g","p":1.51,"u":"7,55 €/KG","img":"https://fd9-photos.leclercdrive.fr/image.ashx?id=2906157&use=l&cat=p&typeid=i","cat":284487},{"id":45140,"n":"boisson végétale bio  épeautre bjorg 1l","p":2.3,"u":"2,30 €/L","img":"https://fd9-photos.leclercdrive.fr/image.ashx?id=2967058&use=l&cat=p&typeid=i","cat":316067},{"id":45147,"n":"boisson végétale bio coco  bjorg 1L","p":2.58,"u":"2,58 €/L","img":"https://fd9-photos.leclercdrive.fr/image.ashx?id=2909530&use=l&cat=p&typeid=i","cat":316067},{"id":45148,"n":"Boisson végétale épeautre noisette Bjorg Bio - 1L","p":2.38,"u":"2,38 €/L","img":"https://fd9-photos.leclercdrive.fr/image.ashx?id=2960804&use=l&cat=p&typeid=i","cat":316067},{"id":45149,"n":"Boisson végétale lait d'amande  chocolat bjorg bio - 1l","p":2.44,"u":"2,44 €/L","img":"https://fd9-photos.leclercdrive.fr/image.ashx?id=2939412&use=l&cat=p&typeid=i","cat":316067},{"id":45157,"n":"Boulghour Tunisienne Céréal Bio Bio repas express - 220g","p":1.93,"u":"8,77 €/KG","img":"https://fd9-photos.leclercdrive.fr/image.ashx?id=2574062&use=l&cat=p&typeid=i","cat":287600},{"id":45165,"n":"Pots soir bébé bio Babybio Légumes blé - 6 mois - 2x200g","p":2.63,"u":"6,58 €/KG","img":"https://fd9-photos.leclercdrive.fr/image.ashx?id=2827479&use=l&cat=p&typeid=i","cat":312239},{"id":45168,"n":"Bouillon cube bio Jardin Bio Légumes - 72g","p":1.75,"u":"24,31 €/KG","img":"https://fd9-photos.leclercdrive.fr/image.ashx?id=2535535&use=l&cat=p&typeid=i","cat":288379},{"id":45171,"n":"Chocolat noir Bio Ethiquable   70% Pérou - 100g","p":2.53,"u":"25,30 €/KG","img":"https://fd9-photos.leclercdrive.fr/image.ashx?id=2870896&use=l&cat=p&typeid=i","cat":284956},{"id":45172,"n":"Chocolat noir Bio Ethiquable 72% Haïti - 100g","p":2.66,"u":"26,60 €/KG","img":"https://fd9-photos.leclercdrive.fr/image.ashx?id=2870914&use=l&cat=p&typeid=i","cat":284956},{"id":45192,"n":"Pâtes bio Jardin Bio Coquillettes 3 min - 500g","p":1.89,"u":"3,78 €/KG","img":"https://fd9-photos.leclercdrive.fr/image.ashx?id=2939976&use=l&cat=p&typeid=i","cat":284427},{"id":45193,"n":"Chocolat noir Bio Ethiquable  85% Madagascar - 100g","p":2.68,"u":"26,80 €/KG","img":"https://fd9-photos.leclercdrive.fr/image.ashx?id=2870881&use=l&cat=p&typeid=i","cat":284956},{"id":45194,"n":"Chocolat noir Bio Ethiquable  80% Equateur - 100g","p":2.67,"u":"26,70 €/KG","img":"https://fd9-photos.leclercdrive.fr/image.ashx?id=2870917&use=l&cat=p&typeid=i","cat":284956},{"id":45197,"n":"Quinoa boulghour  Céréal Bio  à l'Indienne bio -220g","p":2.2,"u":"10,00 €/KG","img":"https://fd9-photos.leclercdrive.fr/image.ashx?id=2574068&use=l&cat=p&typeid=i","cat":287600},{"id":45205,"n":"Biscuits fourrés Bio Bjorg  Chocolat lait noisette - 225g","p":3.77,"u":"16,76 €/KG","img":"https://fd9-photos.leclercdrive.fr/image.ashx?id=2970930&use=l&cat=p&typeid=i","cat":284488},{"id":45207,"n":"Biscuits Bio Bjorg Fourrés à la Vanille - 225g","p":3.92,"u":"17,42 €/KG","img":"https://fd9-photos.leclercdrive.fr/image.ashx?id=2912059&use=l&cat=p&typeid=i","cat":284489},{"id":45213,"n":"Flageolets Jardin Bio  Bio cuisinés - 680g","p":2.92,"u":"4,29 €/KG","img":"https://fd9-photos.leclercdrive.fr/image.ashx?id=2918319&use=l&cat=p&typeid=i","cat":312606},{"id":45217,"n":"Galette  Céréal Bio  Bio riz légumes Colombo x2 200g","p":3.14,"u":"15,70 €/KG","img":"https://fd9-photos.leclercdrive.fr/image.ashx?id=2573510&use=l&cat=p&typeid=i","cat":284953},{"id":45229,"n":"biscuits gaufres bio bjorg  Miel - 175g","p":2.13,"u":"12,17 €/KG","img":"https://fd9-photos.leclercdrive.fr/image.ashx?id=2915973&use=l&cat=p&typeid=i","cat":294777},{"id":45243,"n":"Lait de coco fluide Bio Bjorg 200ml","p":1.54,"u":"7,70 €/L","img":"https://fd9-photos.leclercdrive.fr/image.ashx?id=2752995&use=l&cat=p&typeid=i","cat":288992},{"id":45244,"n":"boisson végétale lait d'amande  bio bjorg 1l","p":2.18,"u":"2,18 €/L","img":"https://fd9-photos.leclercdrive.fr/image.ashx?id=2967067&use=l&cat=p&typeid=i","cat":316067},{"id":45245,"n":"Boisson végétale lait d'amande  vanille bjorg bio - 1l","p":2.25,"u":"2,25 €/L","img":"https://fd9-photos.leclercdrive.fr/image.ashx?id=2991978&use=l&cat=p&typeid=i","cat":316067},{"id":45247,"n":"Maïs bio Géant Vert extra croquant - 2x140g","p":2.3,"u":"8,21 €/KG","img":"https://fd9-photos.leclercdrive.fr/image.ashx?id=2840545&use=l&cat=p&typeid=i","cat":312611},{"id":45251,"n":"Lentilles vertes Jardin Bio  Bio saveur du terroir - 250g","p":1.63,"u":"6,52 €/KG","img":"https://fd9-photos.leclercdrive.fr/image.ashx?id=2535559&use=l&cat=p&typeid=i","cat":287600},{"id":45252,"n":"Lentilles Jardin Bio  Bio façon petit salé - 250g","p":2.31,"u":"9,24 €/KG","img":"https://fd9-photos.leclercdrive.fr/image.ashx?id=2535019&use=l&cat=p&typeid=i","cat":287600},{"id":45254,"n":"Infusion Clipper Bio - Citron gingembre - 50g","p":2.15,"u":"43,00 €/KG","img":"https://fd9-photos.leclercdrive.fr/image.ashx?id=2909176&use=l&cat=p&typeid=i","cat":293234},{"id":45261,"n":"Orge riz rouge bio Céréal Bio  lentilles repas express-220g","p":1.79,"u":"7,16 €/KG","img":"https://fd9-photos.leclercdrive.fr/image.ashx?id=2574080&use=l&cat=p&typeid=i","cat":287600},{"id":45262,"n":"Orge pruneaux bio Céréal Bio  Marocain repas express-220g","p":2.08,"u":"9,45 €/KG","img":"https://fd9-photos.leclercdrive.fr/image.ashx?id=2575075&use=l&cat=p&typeid=i","cat":287600},{"id":45263,"n":"pain complet bio bjorg  seigle - 500g","p":2.4,"u":"4,80 €/KG","img":"https://fd9-photos.leclercdrive.fr/image.ashx?id=2753973&use=l&cat=p&typeid=i","cat":325069},{"id":45270,"n":"Pains au chocolat Bio La Boulangère - 6x270g","p":2.4,"u":"8,89 €/KG","img":"https://fd9-photos.leclercdrive.fr/image.ashx?id=2912185&use=l&cat=p&typeid=i","cat":296366},{"id":45274,"n":"Maïs doux Jardin Bio  Bio - 230g","p":2.18,"u":"9,48 €/KG","img":"https://fd9-photos.leclercdrive.fr/image.ashx?id=2903233&use=l&cat=p&typeid=i","cat":312611},{"id":45276,"n":"Pain de mie La Boulangère  Céréales Bio - 500g","p":2.43,"u":"4,86 €/KG","img":"https://fd9-photos.leclercdrive.fr/image.ashx?id=2912398&use=l&cat=p&typeid=i","cat":284477},{"id":45278,"n":"Purée potimarron Céréal Bio  lentilles bio-250g","p":1.78,"u":"7,12 €/KG","img":"https://fd9-photos.leclercdrive.fr/image.ashx?id=2574074&use=l&cat=p&typeid=i","cat":287600},{"id":45288,"n":"Compote bébé Babybio Bio 4 mois Pomme / Myrtille - 2x130g","p":1.92,"u":"7,38 €/KG","img":"https://fd9-photos.leclercdrive.fr/image.ashx?id=2827491&use=l&cat=p&typeid=i","cat":312387},{"id":45289,"n":"Petits pois bio Jardin Bio A l'étuvée extra fins - 230g","p":2.04,"u":"8,87 €/KG","img":"https://fd9-photos.leclercdrive.fr/image.ashx?id=2944732&use=l&cat=p&typeid=i","cat":312607},{"id":45290,"n":"Petits pois Le jardin Bio  Bio extra fins - 445g","p":2.88,"u":"6,47 €/KG","img":"https://fd9-photos.leclercdrive.fr/image.ashx?id=2944735&use=l&cat=p&typeid=i","cat":312607},{"id":45291,"n":"Quinoa Jardin Bio  Bio poulet et Sésame - 250g","p":2.34,"u":"9,36 €/KG","img":"https://fd9-photos.leclercdrive.fr/image.ashx?id=2956433&use=l&cat=p&typeid=i","cat":287600},{"id":45319,"n":"Pineau blanc Charentes NRT  17% vol - 75cl","p":7.95,"u":"10,60 €/L","img":"https://fd9-photos.leclercdrive.fr/image.ashx?id=2562126&use=l&cat=p&typeid=i","cat":284913},{"id":45339,"n":"Tartine sarrasin Céréal Bio Bio - 145g","p":1.49,"u":"10,28 €/KG","img":"https://fd9-photos.leclercdrive.fr/image.ashx?id=2810792&use=l&cat=p&typeid=i","cat":284479},{"id":45340,"n":"Tartine  Céréal Bio  Bio multicéréales - 145g","p":1.5,"u":"10,34 €/KG","img":"https://fd9-photos.leclercdrive.fr/image.ashx?id=2810795&use=l&cat=p&typeid=i","cat":284479},{"id":45351,"n":"Tartines bio Jardin Bio Sarrasin sans gluten - 150g","p":1.97,"u":"13,13 €/KG","img":"https://fd9-photos.leclercdrive.fr/image.ashx?id=2535547&use=l&cat=p&typeid=i","cat":318654},{"id":45354,"n":"Tartines bio Jardin Bio Châtaigne sans gluten - 150g","p":1.79,"u":"11,93 €/KG","img":"https://fd9-photos.leclercdrive.fr/image.ashx?id=2537649&use=l&cat=p&typeid=i","cat":318654},{"id":45355,"n":"Thé vert Bio Clipper Au Citron - 20 sachets - 35g","p":2.1,"u":"60,00 €/KG","img":"https://fd9-photos.leclercdrive.fr/image.ashx?id=2922089&use=l&cat=p&typeid=i","cat":293233},{"id":45372,"n":"Tomates pelées Jardin Bio  Bio Entières au jus - 240g","p":0.94,"u":"3,92 €/KG","img":"https://fd9-photos.leclercdrive.fr/image.ashx?id=2967911&use=l&cat=p&typeid=i","cat":288384},{"id":45382,"n":"Déodorant Spray Femme Nivea Protect & Care - 200ml","p":2.69,"u":"13,45 €/L","img":"https://fd9-photos.leclercdrive.fr/image.ashx?id=2869188&use=l&cat=p&typeid=i","cat":284595},{"id":45415,"n":"Fromage Emmental Entremont Râpé  - 300g","p":3.33,"u":"11,10 €/KG","img":"https://fd9-photos.leclercdrive.fr/image.ashx?id=2983156&use=l&cat=p&typeid=i","cat":314035},{"id":45437,"n":"Bâtonnets Surimi grands Coraya x10 - 156g","p":2.38,"u":"15,26 €/KG","img":"https://fd9-photos.leclercdrive.fr/image.ashx?id=2762133&use=l&cat=p&typeid=i","cat":285189},{"id":45452,"n":"Pâtes Spaghetti plat Panzani 1kg","p":2.04,"u":"2,04 €/KG","img":"https://fd9-photos.leclercdrive.fr/image.ashx?id=2876071&use=l&cat=p&typeid=i","cat":284427},{"id":45455,"n":"Soupe Velouté Bio Village Saveurs du sud Bio - 2x30cl","p":1.69,"u":"2,82 €/L","img":"https://fd9-photos.leclercdrive.fr/image.ashx?id=1881093&use=l&cat=p&typeid=i","cat":284462},{"id":45456,"n":"Chips Bio Village Bio Nature - 6x30g","p":2.99,"u":"16,61 €/KG","img":"https://fd9-photos.leclercdrive.fr/image.ashx?id=2838957&use=l&cat=p&typeid=i","cat":284447},{"id":45457,"n":"Mogette sèche IGP NRT De Vendée - 500g","p":3.09,"u":"6,18 €/KG","img":"https://fd9-photos.leclercdrive.fr/image.ashx?id=2771411&use=l&cat=p&typeid=i","cat":284430},{"id":45483,"n":"Pastilles javel Clair Parfum Menthe x42 - 168g","p":1.44,"u":"8,57 €/KG","img":"https://fd9-photos.leclercdrive.fr/image.ashx?id=2631447&use=l&cat=p&typeid=i","cat":284661},{"id":45498,"n":"Sacs poubelle 30L Elembal Ultra resist - x20","p":3.25,"u":"0,16 €/P","img":"https://fd9-photos.leclercdrive.fr/image.ashx?id=2958729&use=l&cat=p&typeid=i","cat":285168},{"id":45499,"n":"Sacs poubelle 50L Elembal Ultra résist - x15","p":3.9,"u":"0,26 €/P","img":"https://fd9-photos.leclercdrive.fr/image.ashx?id=2959154&use=l&cat=p&typeid=i","cat":285168},{"id":45500,"n":"Sacs poubelle 100L Elembal Ultra résist - x10","p":3.73,"u":"0,37 €/P","img":"https://fd9-photos.leclercdrive.fr/image.ashx?id=2958735&use=l&cat=p&typeid=i","cat":285168},{"id":45536,"n":"Taboulé Bonduelle Poulet - 300g","p":1.88,"u":"6,27 €/KG","img":"https://fd9-photos.leclercdrive.fr/image.ashx?id=2907902&use=l&cat=p&typeid=i","cat":333657},{"id":45540,"n":"Pizza l'Ovale Sodebo Jambon et fromages - 200g","p":1.44,"u":"7,20 €/KG","img":"https://fd9-photos.leclercdrive.fr/image.ashx?id=2407211&use=l&cat=p&typeid=i","cat":333679},{"id":45541,"n":"Pizza l'Ovale Sodebo 3 fromages fondants - 200g","p":1.55,"u":"7,75 €/KG","img":"https://fd9-photos.leclercdrive.fr/image.ashx?id=2723644&use=l&cat=p&typeid=i","cat":333679},{"id":45641,"n":"Capsules Nescafé Dolce Gusto  Lungo Intenso - x16","p":4.72,"u":"32,78 €/KG","img":"https://fd9-photos.leclercdrive.fr/image.ashx?id=2503163&use=l&cat=p&typeid=i","cat":293239},{"id":45642,"n":"Ratatouille Cuisinée Cassegrain à la Provençale 185g","p":1.79,"u":"9,68 €/KG","img":"https://fd9-photos.leclercdrive.fr/image.ashx?id=2913007&use=l&cat=p&typeid=i","cat":312612},{"id":45671,"n":"Chips Bret's Chèvre/piment d'espelette -125g","p":1.14,"u":"9,12 €/KG","img":"https://fd9-photos.leclercdrive.fr/image.ashx?id=1941593&use=l&cat=p&typeid=i","cat":284447},{"id":45708,"n":"Yaourt à boire Mini Yop Aromatisé Fraise - 8x100g","p":2.28,"u":"2,85 €/KG","img":"https://fd9-photos.leclercdrive.fr/image.ashx?id=2985159&use=l&cat=p&typeid=i","cat":284415},{"id":45710,"n":"Fromage Burger cheddar/emmental Président - 20 tranches - 340g","p":2.62,"u":"7,71 €/KG","img":"https://fd9-photos.leclercdrive.fr/image.ashx?id=2628239&use=l&cat=p&typeid=i","cat":314028},{"id":45711,"n":"Fromage Croque emmental Président - 20 tranches - 340g","p":2.88,"u":"8,47 €/KG","img":"https://fd9-photos.leclercdrive.fr/image.ashx?id=2838163&use=l&cat=p&typeid=i","cat":314028},{"id":45712,"n":"Emmental râpé fondant Président 500g","p":4.83,"u":"9,66 €/KG","img":"https://fd9-photos.leclercdrive.fr/image.ashx?id=2489464&use=l&cat=p&typeid=i","cat":314035},{"id":45805,"n":"Emincé de thon Rondes des Mers Fumé - 100g","p":4.19,"u":"41,90 €/KG","img":"https://fd9-photos.leclercdrive.fr/image.ashx?id=2381435&use=l&cat=p&typeid=i","cat":285188},{"id":45813,"n":"Cire divine Nair Monoï - 400g","p":7.03,"u":"17,58 €/KG","img":"https://fd9-photos.leclercdrive.fr/image.ashx?id=2903239&use=l&cat=p&typeid=i","cat":325351},{"id":45826,"n":"Brosse à dents pro Dentamyl Médium x2","p":0.65,"u":"0,33 €/P","img":"https://fd9-photos.leclercdrive.fr/image.ashx?id=2790982&use=l&cat=p&typeid=i","cat":284614},{"id":45868,"n":"Crème dessert Mont Blanc Coupelles Vanille - 4x125g","p":3.07,"u":"6,14 €/KG","img":"https://fd9-photos.leclercdrive.fr/image.ashx?id=2967301&use=l&cat=p&typeid=i","cat":284506},{"id":45870,"n":"Vinaigre ménager Clair 100% naturel - 1L","p":1.08,"u":"1,08 €/L","img":"https://fd9-photos.leclercdrive.fr/image.ashx?id=1993583&use=l&cat=p&typeid=i","cat":325365},{"id":45889,"n":"Nouilles Chinoises aux légumes Tradition d'Asie - 400g","p":4.9,"u":"12,25 €/KG","img":"https://fd9-photos.leclercdrive.fr/image.ashx?id=2504467&use=l&cat=p&typeid=i","cat":333673},{"id":45914,"n":"Caramel beurre salé NRT De Guérande -200g","p":3.29,"u":"16,45 €/KG","img":"https://fd9-photos.leclercdrive.fr/image.ashx?id=1907759&use=l&cat=p&typeid=i","cat":284481},{"id":45923,"n":"Pur jus d'orange Bio Village Bio avec pulpe - 1L","p":3.11,"u":"3,11 €/L","img":"https://fd9-photos.leclercdrive.fr/image.ashx?id=2901542&use=l&cat=p&typeid=i","cat":284521},{"id":45965,"n":"Saucisses Knacki Herta Poulet x6 - 210g","p":1.57,"u":"7,48 €/KG","img":"https://fd9-photos.leclercdrive.fr/image.ashx?id=2290428&use=l&cat=p&typeid=i","cat":316012},{"id":46016,"n":"Chocolat Pâtissier Tablette dOr Chocolat Noir - 3x200g","p":5.35,"u":"8,92 €/KG","img":"https://fd9-photos.leclercdrive.fr/image.ashx?id=3015392&use=l&cat=p&typeid=i","cat":285562},{"id":46021,"n":"Brandade de morue Gastromer A l'huile d'olive - 600g","p":4.93,"u":"8,22 €/KG","img":"https://fd9-photos.leclercdrive.fr/image.ashx?id=2594630&use=l&cat=p&typeid=i","cat":285094},{"id":46028,"n":"IGP Pays d'Oc Rosé Grenache Cinsault JP Chenet 12.5% BIB 3L","p":10.18,"u":"3,39 €/L","img":"https://fd9-photos.leclercdrive.fr/image.ashx?id=2941715&use=l&cat=p&typeid=i","cat":289560},{"id":46039,"n":"Oeufs plein air Matines Moyen - x12","p":3.43,"u":"0,29 €/P","img":"https://fd9-photos.leclercdrive.fr/image.ashx?id=2795746&use=l&cat=p&typeid=i","cat":284378},{"id":46047,"n":"Sirop d'érable  250g","p":3.3,"u":"13,20 €/KG","img":"https://fd9-photos.leclercdrive.fr/image.ashx?id=2480298&use=l&cat=p&typeid=i","cat":287643},{"id":46049,"n":"Pulpe de tomate Jardin Bio Bio - 500g","p":2.33,"u":"4,66 €/L","img":"https://fd9-photos.leclercdrive.fr/image.ashx?id=2535031&use=l&cat=p&typeid=i","cat":288384},{"id":46051,"n":"Menus chat Tous mes amis Viande menus gourmands 24x100g","p":6.95,"u":"2,90 €/KG","img":"https://fd9-photos.leclercdrive.fr/image.ashx?id=2027607&use=l&cat=p&typeid=i","cat":285286},{"id":46052,"n":"Gelée pour chat Tous mes amis Poisson menus gourmands 24x100g","p":6.95,"u":"2,90 €/KG","img":"https://fd9-photos.leclercdrive.fr/image.ashx?id=2027604&use=l&cat=p&typeid=i","cat":285286},{"id":46166,"n":"Crackers bio Bio Village 3 graines - 200g","p":2.69,"u":"13,45 €/KG","img":"https://fd9-photos.leclercdrive.fr/image.ashx?id=2310504&use=l&cat=p&typeid=i","cat":297000},{"id":46224,"n":"Friandises chien Pedigree Récompense bœuf fromage - 140g","p":1.65,"u":"11,79 €/KG","img":"https://fd9-photos.leclercdrive.fr/image.ashx?id=2256203&use=l&cat=p&typeid=i","cat":294527},{"id":46381,"n":"Fromage Emmenta Les Croisés En dés - 150g","p":1.89,"u":"12,60 €/KG","img":"https://fd9-photos.leclercdrive.fr/image.ashx?id=2422550&use=l&cat=p&typeid=i","cat":314027},{"id":46454,"n":"Monster Munch Jambon/fromage - 135g","p":1.59,"u":"11,78 €/KG","img":"https://fd9-photos.leclercdrive.fr/image.ashx?id=2917468&use=l&cat=p&typeid=i","cat":284449},{"id":46462,"n":"Mini coudes Turini 500g","p":0.99,"u":"1,98 €/KG","img":"https://fd9-photos.leclercdrive.fr/image.ashx?id=2607566&use=l&cat=p&typeid=i","cat":284427},{"id":46469,"n":"IGP Pâte Garofalo  Riccioli - 500g","p":2.04,"u":"4,08 €/KG","img":"https://fd9-photos.leclercdrive.fr/image.ashx?id=2884840&use=l&cat=p&typeid=i","cat":284427},{"id":46470,"n":"IGP Penne rigate Garofalo  - 500g","p":1.59,"u":"3,18 €/KG","img":"https://fd9-photos.leclercdrive.fr/image.ashx?id=3011893&use=l&cat=p&typeid=i","cat":284427},{"id":46471,"n":"IGP Pâte Garofalo  Linguine - 500g","p":1.69,"u":"3,38 €/KG","img":"https://fd9-photos.leclercdrive.fr/image.ashx?id=3005347&use=l&cat=p&typeid=i","cat":284427},{"id":46473,"n":"Rhum blanc Trois Rivières 40% vol - 70cl","p":11.82,"u":"16,89 €/L","img":"https://fd9-photos.leclercdrive.fr/image.ashx?id=2766334&use=l&cat=p&typeid=i","cat":284550},{"id":46535,"n":"Passoire Ardence 24 cm - x1","p":2.5,"img":"https://fd9-photos.leclercdrive.fr/image.ashx?id=2777927&use=l&cat=p&typeid=i","cat":334135},{"id":46536,"n":"Range couverts Ardence Modulable, 5 cases - x1","p":4.5,"img":"https://fd9-photos.leclercdrive.fr/image.ashx?id=1468594&use=l&cat=p&typeid=i","cat":334135},{"id":46540,"n":"Croquette chat stérilisé Ultima Poulet - Sénior +10 ans - 1.5kg","p":6.64,"u":"4,43 €/KG","img":"https://fd9-photos.leclercdrive.fr/image.ashx?id=2922227&use=l&cat=p&typeid=i","cat":284680},{"id":46541,"n":"Croquette chat stérilisé Ultima Chat d'intérieur - Dinde -1.5kg","p":6.61,"u":"4,41 €/KG","img":"https://fd9-photos.leclercdrive.fr/image.ashx?id=2927009&use=l&cat=p&typeid=i","cat":284680},{"id":46547,"n":"Croquette chat stérilisé Ultima  Truite - Sensible - 1.5kg","p":6.68,"u":"4,45 €/KG","img":"https://fd9-photos.leclercdrive.fr/image.ashx?id=2937436&use=l&cat=p&typeid=i","cat":284680},{"id":46654,"n":"Bière blonde La Chouffe 33cl","p":2.13,"u":"6,45 €/L","img":"https://fd9-photos.leclercdrive.fr/image.ashx?id=2877073&use=l&cat=p&typeid=i","cat":334872},{"id":46667,"n":"Monster Munch Salé - 135g","p":1.36,"u":"10,07 €/KG","img":"https://fd9-photos.leclercdrive.fr/image.ashx?id=2996935&use=l&cat=p&typeid=i","cat":284449},{"id":46703,"n":"Spray désodorisant Airwick  Pure Douceur de Coton - 250ml","p":2.78,"u":"11,12 €/L","img":"https://fd9-photos.leclercdrive.fr/image.ashx?id=2858600&use=l&cat=p&typeid=i","cat":311626},{"id":46981,"n":"Petit cake Bonne Maman Aux fruits - 300g","p":3.13,"u":"10,43 €/KG","img":"https://fd9-photos.leclercdrive.fr/image.ashx?id=2936173&use=l&cat=p&typeid=i","cat":284493},{"id":46982,"n":"Cookies gros éclats Granola Chocolat - 276g","p":2.41,"u":"8,73 €/KG","img":"https://fd9-photos.leclercdrive.fr/image.ashx?id=3005335&use=l&cat=p&typeid=i","cat":325066},{"id":46984,"n":"Café et Chicorée Soluble Ricoré  Original Recharge - 180g","p":3.79,"u":"21,06 €/KG","img":"https://fd9-photos.leclercdrive.fr/image.ashx?id=2980112&use=l&cat=p&typeid=i","cat":284843},{"id":47080,"n":"Cordons Bleu poulet Le Gaulois 400g","p":3.77,"u":"9,43 €/KG","img":"https://fd9-photos.leclercdrive.fr/image.ashx?id=2860232&use=l&cat=p&typeid=i","cat":333683},{"id":47083,"n":"Croq Extra Fromage Le Gaulois x2 - 200g","p":2.64,"u":"13,20 €/KG","img":"https://fd9-photos.leclercdrive.fr/image.ashx?id=2342845&use=l&cat=p&typeid=i","cat":333683},{"id":47127,"n":"Bière Red Desperados 5.9%vol. - 6x33cl","p":8.8,"u":"4,44 €/L","img":"https://fd9-photos.leclercdrive.fr/image.ashx?id=2766229&use=l&cat=p&typeid=i","cat":334878},{"id":47129,"n":"Vin Union Européenne rouge Cabernet Sauvignon - BIB 5L","p":13.07,"u":"2,61 €/L","img":"https://fd9-photos.leclercdrive.fr/image.ashx?id=2476491&use=l&cat=p&typeid=i","cat":289560},{"id":47132,"n":"IGP Pays d'Oc blanc Les Ormes De Cambras Sauvignon 12% BIB 5L","p":16.8,"u":"3,36 €/L","img":"https://fd9-photos.leclercdrive.fr/image.ashx?id=2192389&use=l&cat=p&typeid=i","cat":289557},{"id":47169,"n":"Sacs poubelle 10L Elembal Salle de bain - x20","p":0.8,"u":"0,04 €/P","img":"https://fd9-photos.leclercdrive.fr/image.ashx?id=1732829&use=l&cat=p&typeid=i","cat":285168},{"id":47171,"n":"Papier toilette Eco+ x4","p":1.3,"u":"0,33 €/P","img":"https://fd9-photos.leclercdrive.fr/image.ashx?id=2765831&use=l&cat=p&typeid=i","cat":284634},{"id":47176,"n":"Déodorant Spray Femme Nivea Black&White Original - 200ml","p":2.65,"u":"13,25 €/L","img":"https://fd9-photos.leclercdrive.fr/image.ashx?id=2980031&use=l&cat=p&typeid=i","cat":284595},{"id":47180,"n":"Gel douche enfant Tahiti Fruits exotiques - 300ml","p":1.87,"u":"6,23 €/L","img":"https://fd9-photos.leclercdrive.fr/image.ashx?id=2687332&use=l&cat=p&typeid=i","cat":284594},{"id":47181,"n":"Essuie-tout compact 3=9 Eco+ x3","p":2.27,"u":"0,76 €/P","img":"https://fd9-photos.leclercdrive.fr/image.ashx?id=2741282&use=l&cat=p&typeid=i","cat":284635},{"id":47198,"n":"Serviettes Always Discreet Normal - x12","p":3.73,"u":"0,31 €/P","img":"https://fd9-photos.leclercdrive.fr/image.ashx?id=2736313&use=l&cat=p&typeid=i","cat":284628},{"id":47254,"n":"Pâtes Coudes Rayés Turini 1kg","p":1.75,"u":"1,75 €/KG","img":"https://fd9-photos.leclercdrive.fr/image.ashx?id=2980806&use=l&cat=p&typeid=i","cat":284427},{"id":47255,"n":"Pâtes linguine Turini  500g","p":0.91,"u":"1,82 €/KG","img":"https://fd9-photos.leclercdrive.fr/image.ashx?id=2607554&use=l&cat=p&typeid=i","cat":284427},{"id":47256,"n":"Pâtes Farfalles Turini  1kg","p":1.2,"u":"1,20 €/KG","img":"https://fd9-photos.leclercdrive.fr/image.ashx?id=2665574&use=l&cat=p&typeid=i","cat":284427},{"id":47257,"n":"Pâtes Spaghettoni Turini  500g","p":0.84,"u":"1,68 €/KG","img":"https://fd9-photos.leclercdrive.fr/image.ashx?id=2607557&use=l&cat=p&typeid=i","cat":284427},{"id":47258,"n":"Pâtes coquillettes Turini Blé complet  - 500g","p":1.09,"u":"2,18 €/KG","img":"https://fd9-photos.leclercdrive.fr/image.ashx?id=2607563&use=l&cat=p&typeid=i","cat":284427},{"id":47263,"n":"Brossettes Dentamyl Interdentaires - x5","p":2.49,"u":"0,50 €/P","img":"https://fd9-photos.leclercdrive.fr/image.ashx?id=831056&use=l&cat=p&typeid=i","cat":285159},{"id":47359,"n":"Sandwich Mega Club Sodebo  Pain Complet Poulet Mayo - 230g","p":1.84,"u":"8,00 €/KG","img":"https://fd9-photos.leclercdrive.fr/image.ashx?id=2960156&use=l&cat=p&typeid=i","cat":333658},{"id":47360,"n":"Fromage à tartiner Madame Loïk Fouetté Ail Fines Herbes - 150g","p":1.68,"u":"11,20 €/KG","img":"https://fd9-photos.leclercdrive.fr/image.ashx?id=2948021&use=l&cat=p&typeid=i","cat":314029},{"id":47361,"n":"Bûche de chèvre Président 250g","p":2.91,"u":"11,64 €/KG","img":"https://fd9-photos.leclercdrive.fr/image.ashx?id=2446647&use=l&cat=p&typeid=i","cat":314031},{"id":47381,"n":"Vin Union européenne blanc Lichette 11° - 75 cl","p":2.5,"u":"3,33 €/L","img":"https://fd9-photos.leclercdrive.fr/image.ashx?id=2943855&use=l&cat=p&typeid=i","cat":289557},{"id":47438,"n":"Chewing-gum Freedent White  Bubble menthe 5x10  - 70g","p":2.28,"u":"32,57 €/KG","img":"https://fd9-photos.leclercdrive.fr/image.ashx?id=1934997&use=l&cat=p&typeid=i","cat":304251},{"id":47563,"n":"Macédoine de Légumes Bonduelle 265g","p":0.89,"u":"3,36 €/KG","img":"https://fd9-photos.leclercdrive.fr/image.ashx?id=2910007&use=l&cat=p&typeid=i","cat":312612},{"id":47592,"n":"Crêpe fourrée Whaou Cracky choco x8 - 256g","p":2.22,"u":"8,67 €/KG","img":"https://fd9-photos.leclercdrive.fr/image.ashx?id=2971029&use=l&cat=p&typeid=i","cat":284494},{"id":47593,"n":"Yaourts Mamie Nova Chocolat - 2x150g","p":1.28,"u":"4,27 €/KG","img":"https://fd9-photos.leclercdrive.fr/image.ashx?id=2909029&use=l&cat=p&typeid=i","cat":285041},{"id":47594,"n":"Yaourts Mamie Nova  Café - 2x150g","p":1.31,"u":"4,37 €/KG","img":"https://fd9-photos.leclercdrive.fr/image.ashx?id=2909035&use=l&cat=p&typeid=i","cat":285041},{"id":47646,"n":"Pâtes Macaroni Panzani  3 Minutes - 500G","p":1.17,"u":"2,34 €/KG","img":"https://fd9-photos.leclercdrive.fr/image.ashx?id=2896081&use=l&cat=p&typeid=i","cat":284427},{"id":47648,"n":"Filets de maquereaux Saupiquet Vin blanc et aromates - 176g","p":2.01,"u":"11,42 €/KG","img":"https://fd9-photos.leclercdrive.fr/image.ashx?id=2829967&use=l&cat=p&typeid=i","cat":303868},{"id":47657,"n":"Bâtonnets Dentastix Pedigree Grand chien x56 - 2160g","p":16.95,"u":"7,85 €/KG","img":"https://fd9-photos.leclercdrive.fr/image.ashx?id=2980064&use=l&cat=p&typeid=i","cat":294527},{"id":47658,"n":"Bâtonnets  Dentastix Pedigree Petit chien x56 - 880g","p":10.63,"u":"12,08 €/KG","img":"https://fd9-photos.leclercdrive.fr/image.ashx?id=2937787&use=l&cat=p&typeid=i","cat":294527},{"id":47667,"n":"Pâtes Penne Rigate Panzani 3 Minutes - 500G","p":1.12,"u":"2,24 €/KG","img":"https://fd9-photos.leclercdrive.fr/image.ashx?id=2896087&use=l&cat=p&typeid=i","cat":284427},{"id":47668,"n":"Pâtes Spaghetti Panzani Prêt en 3 min - 1kg","p":2.14,"u":"2,14 €/KG","img":"https://fd9-photos.leclercdrive.fr/image.ashx?id=2896102&use=l&cat=p&typeid=i","cat":284427},{"id":47675,"n":"Sardines Connétable Piment - 140g","p":1.49,"u":"10,64 €/KG","img":"https://fd9-photos.leclercdrive.fr/image.ashx?id=2807573&use=l&cat=p&typeid=i","cat":305146},{"id":47681,"n":"Sauce pizza Turini aux tomates et origan - 390g","p":0.99,"u":"2,54 €/KG","img":"https://fd9-photos.leclercdrive.fr/image.ashx?id=2412025&use=l&cat=p&typeid=i","cat":288384},{"id":47686,"n":"Fromage Spécialité Babybel Maxi - 200g","p":2.12,"u":"10,60 €/KG","img":"https://fd9-photos.leclercdrive.fr/image.ashx?id=2806913&use=l&cat=p&typeid=i","cat":314030},{"id":47702,"n":"Sirop La Maison Guiot Violette - 70cl","p":3.11,"u":"4,44 €/L","img":"https://fd9-photos.leclercdrive.fr/image.ashx?id=2014832&use=l&cat=p&typeid=i","cat":295020},{"id":47718,"n":"Boisson gourmande PAGO Cocktail Tropical Vitaminé - 75cl","p":1.85,"u":"2,47 €/L","img":"https://fd9-photos.leclercdrive.fr/image.ashx?id=2861854&use=l&cat=p&typeid=i","cat":284917},{"id":47722,"n":"Compotes Pom'Potes Gourdes  Pomme Nature - 12x90g","p":4.53,"u":"4,19 €/KG","img":"https://fd9-photos.leclercdrive.fr/image.ashx?id=2968082&use=l&cat=p&typeid=i","cat":284508},{"id":47724,"n":"Compotes Pom'Potes Gourdes  Sans sucres- 20x90g","p":7.63,"u":"4,24 €/KG","img":"https://fd9-photos.leclercdrive.fr/image.ashx?id=2883408&use=l&cat=p&typeid=i","cat":284508},{"id":47742,"n":"Lait nuage de lait Régilait Non sucré entier - 10x14g","p":0.9,"u":"6,43 €/KG","img":"https://fd9-photos.leclercdrive.fr/image.ashx?id=2018649&use=l&cat=p&typeid=i","cat":299162},{"id":47760,"n":"Gâteaux moelleux Milka Pépites de chocolat - 140g","p":1.98,"u":"14,14 €/KG","img":"https://fd9-photos.leclercdrive.fr/image.ashx?id=2192581&use=l&cat=p&typeid=i","cat":284495},{"id":47789,"n":"Purée bio Bio Village  Pommes de terre - 2x125g","p":2.19,"u":"8,76 €/KG","img":"https://fd9-photos.leclercdrive.fr/image.ashx?id=2118487&use=l&cat=p&typeid=i","cat":284431},{"id":47793,"n":"Cancoillotte aux noix NRT IGP 250g","p":2.09,"u":"8,36 €/KG","img":"https://fd9-photos.leclercdrive.fr/image.ashx?id=2663857&use=l&cat=p&typeid=i","cat":314037},{"id":47794,"n":"Fromage Tomme de Savoie NRT IGP 300g","p":4.29,"u":"14,30 €/KG","img":"https://fd9-photos.leclercdrive.fr/image.ashx?id=2934835&use=l&cat=p&typeid=i","cat":329184},{"id":47795,"n":"Papier toilette humide Lotus Aloe Douceur - x42 feuilles","p":1.68,"u":"0,04 €/P","img":"https://fd9-photos.leclercdrive.fr/image.ashx?id=2864840&use=l&cat=p&typeid=i","cat":284634},{"id":47796,"n":"Papier toilette humide Lotus Pure - x42 feuilles","p":1.58,"u":"0,04 €/P","img":"https://fd9-photos.leclercdrive.fr/image.ashx?id=2866070&use=l&cat=p&typeid=i","cat":284634},{"id":47797,"n":"Papier toilette Lotus Confort Blanc - Aquatube - x12","p":3.92,"u":"0,33 €/P","img":"https://fd9-photos.leclercdrive.fr/image.ashx?id=3002213&use=l&cat=p&typeid=i","cat":284634},{"id":47838,"n":"Speck Montorsi 100g","p":2.43,"u":"24,30 €/KG","img":"https://fd9-photos.leclercdrive.fr/image.ashx?id=2525843&use=l&cat=p&typeid=i","cat":316007},{"id":47839,"n":"Prosciutto Montorsi 90g","p":2.67,"u":"29,67 €/KG","img":"https://fd9-photos.leclercdrive.fr/image.ashx?id=2525849&use=l&cat=p&typeid=i","cat":316007},{"id":47841,"n":"Crème glacée l'Angélys Café - 450g","p":5.17,"u":"11,49 €/KG","img":"https://fd9-photos.leclercdrive.fr/image.ashx?id=2963568&use=l&cat=p&typeid=i","cat":284263},{"id":47926,"n":"Ktipiti Extra L'atelier blini - 175g","p":2.77,"u":"15,83 €/KG","img":"https://fd9-photos.leclercdrive.fr/image.ashx?id=2973706&use=l&cat=p&typeid=i","cat":315999},{"id":47927,"n":"Blinis Cocktail Blini x16 - 135g","p":1.77,"u":"13,11 €/KG","img":"https://fd9-photos.leclercdrive.fr/image.ashx?id=2947952&use=l&cat=p&typeid=i","cat":285191},{"id":48029,"n":"Sirop Moulin de Valdonne Pêche blanche - 70cl","p":3.28,"u":"4,69 €/L","img":"https://fd9-photos.leclercdrive.fr/image.ashx?id=2842678&use=l&cat=p&typeid=i","cat":295020},{"id":48030,"n":"Bâtonnets surimi Fleury Michon  Fromage et herbes MSC x16 -256g","p":3.41,"u":"13,32 €/KG","img":"https://fd9-photos.leclercdrive.fr/image.ashx?id=2936944&use=l&cat=p&typeid=i","cat":285189},{"id":48048,"n":"Flan bio les 2 vaches Vanille caramel - 4x100g","p":1.98,"u":"4,95 €/KG","img":"https://fd9-photos.leclercdrive.fr/image.ashx?id=2735446&use=l&cat=p&typeid=i","cat":284420},{"id":48055,"n":"Hachis parmentier Marie  1kg","p":5.58,"u":"5,58 €/KG","img":"https://fd9-photos.leclercdrive.fr/image.ashx?id=2993385&use=l&cat=p&typeid=i","cat":284254},{"id":48079,"n":"Vinaigre de Cidre MAILLE au jus de pomme concentré 50cl","p":2.16,"u":"4,32 €/L","img":"https://fd9-photos.leclercdrive.fr/image.ashx?id=2945421&use=l&cat=p&typeid=i","cat":298543},{"id":48123,"n":"IGP Pâte Radiatori Garofalo Festives - 500g","p":2.55,"u":"5,10 €/KG","img":"https://fd9-photos.leclercdrive.fr/image.ashx?id=2994560&use=l&cat=p&typeid=i","cat":284427},{"id":48128,"n":"Sachets congélation Alfapac Grand modèle x25","p":2.0,"u":"0,08 €/P","img":"https://fd9-photos.leclercdrive.fr/image.ashx?id=2918697&use=l&cat=p&typeid=i","cat":334134},{"id":48164,"n":"Barres céréales Extra Kellogg's Chocolat et Amande - 4x32g","p":2.77,"u":"21,64 €/KG","img":"https://fd9-photos.leclercdrive.fr/image.ashx?id=2736601&use=l&cat=p&typeid=i","cat":285869},{"id":48200,"n":"Rillettes de poulet rôti Bordeau Chesnel - 220g","p":2.31,"u":"10,50 €/KG","img":"https://fd9-photos.leclercdrive.fr/image.ashx?id=2855046&use=l&cat=p&typeid=i","cat":316008},{"id":48226,"n":"Petit Pois, Carotte Cassegrain Tendres et Fondants 130g","p":1.21,"u":"9,31 €/KG","img":"https://fd9-photos.leclercdrive.fr/image.ashx?id=2912977&use=l&cat=p&typeid=i","cat":312607},{"id":48255,"n":"Recharge EasyWax Expert Veet Bras Jambes Peaux Normales 50ml","p":6.38,"u":"127,60 €/L","img":"https://fd9-photos.leclercdrive.fr/image.ashx?id=2970789&use=l&cat=p&typeid=i","cat":325351},{"id":48258,"n":"Croquettes chat Ultima Stérilisé - Saumon - 3kg","p":11.02,"u":"3,67 €/KG","img":"https://fd9-photos.leclercdrive.fr/image.ashx?id=2922221&use=l&cat=p&typeid=i","cat":284680},{"id":48267,"n":"Rhum ambré Saint James 45%vol - 70cl","p":14.45,"u":"20,64 €/L","img":"https://fd9-photos.leclercdrive.fr/image.ashx?id=2970945&use=l&cat=p&typeid=i","cat":284550},{"id":48272,"n":"Liqueur de menthe Get 31 24° - 70cl","p":14.33,"u":"20,47 €/L","img":"https://fd9-photos.leclercdrive.fr/image.ashx?id=2840497&use=l&cat=p&typeid=i","cat":286032},{"id":48306,"n":"IGP Pays d'Oc rosé Grenache Les Ormes de Cambras 11.5% 75cl","p":3.15,"u":"4,20 €/L","img":"https://fd9-photos.leclercdrive.fr/image.ashx?id=2285234&use=l&cat=p&typeid=i","cat":289558},{"id":48307,"n":"IGP Pays d'Oc rosé Grenache Les Ormes de Cambras - BIB 5L","p":16.8,"u":"3,36 €/L","img":"https://fd9-photos.leclercdrive.fr/image.ashx?id=2489458&use=l&cat=p&typeid=i","cat":289560},{"id":48309,"n":"Bière aromatisée Skøll Vodka et agrumes - 3x33cl","p":4.47,"u":"4,52 €/L","img":"https://fd9-photos.leclercdrive.fr/image.ashx?id=2803556&use=l&cat=p&typeid=i","cat":334878},{"id":48310,"n":"Concentré à diluer Pulco Citron vert - 70cl","p":2.42,"u":"3,46 €/L","img":"https://fd9-photos.leclercdrive.fr/image.ashx?id=2686630&use=l&cat=p&typeid=i","cat":295020},{"id":48311,"n":"Concentré à diluer Pulco Orange Citron - 70cl","p":2.56,"u":"3,66 €/L","img":"https://fd9-photos.leclercdrive.fr/image.ashx?id=2686633&use=l&cat=p&typeid=i","cat":295020},{"id":48315,"n":"Riz au lait Délisse Sur lit de caramel - 4x115g","p":1.69,"u":"3,67 €/KG","img":"https://fd9-photos.leclercdrive.fr/image.ashx?id=2254538&use=l&cat=p&typeid=i","cat":284418},{"id":48339,"n":"Chocolat au lait Lindt  Praliné Noisette - 100g","p":1.94,"u":"19,40 €/KG","img":"https://fd9-photos.leclercdrive.fr/image.ashx?id=2751321&use=l&cat=p&typeid=i","cat":284497},{"id":48348,"n":"Chocolat au lait Lindt Création Caramel - 150g","p":3.07,"u":"20,47 €/KG","img":"https://fd9-photos.leclercdrive.fr/image.ashx?id=2685814&use=l&cat=p&typeid=i","cat":284497},{"id":48352,"n":"Tablette de chocolat noir Lindt Orange intense - 100g","p":2.23,"u":"22,30 €/KG","img":"https://fd9-photos.leclercdrive.fr/image.ashx?id=2689496&use=l&cat=p&typeid=i","cat":284956},{"id":48353,"n":"Tablette de chocolat noir Lindt 70% cacao - 100g","p":2.24,"u":"22,40 €/KG","img":"https://fd9-photos.leclercdrive.fr/image.ashx?id=2681592&use=l&cat=p&typeid=i","cat":284956},{"id":48354,"n":"Tablette de chocolat noir Lindt 85% cacao - 100g","p":2.23,"u":"22,30 €/KG","img":"https://fd9-photos.leclercdrive.fr/image.ashx?id=2681589&use=l&cat=p&typeid=i","cat":284956},{"id":48355,"n":"Tablette de chocolat noir Lindt Caramel Pointe de sel - 100g","p":2.24,"u":"22,40 €/KG","img":"https://fd9-photos.leclercdrive.fr/image.ashx?id=2689493&use=l&cat=p&typeid=i","cat":284956},{"id":48378,"n":"Café moulu Jacques Vabre Brésil 100% Arabica - 250g","p":4.47,"u":"17,88 €/KG","img":"https://fd9-photos.leclercdrive.fr/image.ashx?id=2100380&use=l&cat=p&typeid=i","cat":284750},{"id":48419,"n":"AOP Alsace Riesling blanc Wolfberger - 75cl","p":6.5,"pp":4.87,"u":"6,49 €/L","img":"https://fd9-photos.leclercdrive.fr/image.ashx?id=2905357&use=l&cat=p&typeid=i","cat":289557},{"id":48421,"n":"AOP Alsace Gewurztraminer blanc Wolfberger 13,5% - 75cl","p":7.85,"pp":5.89,"u":"7,85 €/L","img":"https://fd9-photos.leclercdrive.fr/image.ashx?id=2936368&use=l&cat=p&typeid=i","cat":289557},{"id":48480,"n":"Epices mexicaine Sainte Lucie Chili con carne - 30g","p":1.67,"u":"55,67 €/KG","img":"https://fd9-photos.leclercdrive.fr/image.ashx?id=1951229&use=l&cat=p&typeid=i","cat":298297},{"id":48504,"n":"Faux filet *** Charal  x1 - 200g","p":5.89,"u":"29,45 €/KG","img":"https://fd9-photos.leclercdrive.fr/image.ashx?id=1893008&use=l&cat=p&typeid=i","cat":284328},{"id":48508,"n":"Ketchup AMORA Flacon Souple - 550g","p":1.47,"u":"2,67 €/KG","img":"https://fd9-photos.leclercdrive.fr/image.ashx?id=2766649&use=l&cat=p&typeid=i","cat":284455},{"id":48521,"n":"Oignon semoule Sainte Lucie 40g","p":1.7,"u":"42,50 €/KG","img":"https://fd9-photos.leclercdrive.fr/image.ashx?id=2774415&use=l&cat=p&typeid=i","cat":298297},{"id":48523,"n":"Romarin Sainte Lucie Feuilles coupées - 32g","p":1.9,"u":"59,38 €/KG","img":"https://fd9-photos.leclercdrive.fr/image.ashx?id=2775092&use=l&cat=p&typeid=i","cat":298297},{"id":48525,"n":"Tomato Ketchup Heinz - 700g","p":2.66,"u":"3,80 €/KG","img":"https://fd9-photos.leclercdrive.fr/image.ashx?id=2729326&use=l&cat=p&typeid=i","cat":284455},{"id":48545,"n":"Biscuits petit beurre LU 400g","p":2.13,"u":"5,33 €/KG","img":"https://fd9-photos.leclercdrive.fr/image.ashx?id=2119376&use=l&cat=p&typeid=i","cat":284487},{"id":48546,"n":"Goûter laitier Récré O'Lé  ChocoVanille, Caramel -12x85g","p":5.52,"u":"5,41 €/KG","img":"https://fd9-photos.leclercdrive.fr/image.ashx?id=3011611&use=l&cat=p&typeid=i","cat":284506},{"id":48573,"n":"Barre Chocolat au Lait KitKat x10 barres - 415g","p":4.87,"u":"1,17 €/L","img":"https://fd9-photos.leclercdrive.fr/image.ashx?id=2905045&use=l&cat=p&typeid=i","cat":284498},{"id":48575,"n":"Lasagnes bolognaise bio HippBio 250g","p":2.31,"u":"9,24 €/KG","img":"https://fd9-photos.leclercdrive.fr/image.ashx?id=2929080&use=l&cat=p&typeid=i","cat":312238},{"id":48598,"n":"Cannelloni bio Hipp Bio Aux légumes - 250g","p":2.39,"u":"9,56 €/KG","img":"https://fd9-photos.leclercdrive.fr/image.ashx?id=2929083&use=l&cat=p&typeid=i","cat":312238},{"id":48603,"n":"Farine de blé Francine 1,4kg","p":1.54,"u":"1,10 €/KG","img":"https://fd9-photos.leclercdrive.fr/image.ashx?id=2881308&use=l&cat=p&typeid=i","cat":284503},{"id":48604,"n":"Farine fluide Francine 1.4kg","p":1.61,"u":"1,15 €/KG","img":"https://fd9-photos.leclercdrive.fr/image.ashx?id=2881305&use=l&cat=p&typeid=i","cat":284503},{"id":48615,"n":"Coton Demak'up Duo disque x108","p":1.7,"u":"0,02 €/P","img":"https://fd9-photos.leclercdrive.fr/image.ashx?id=2791461&use=l&cat=p&typeid=i","cat":285593},{"id":48646,"n":"Soda à l'orange Orangina Sans Sucres - 6x33cl","p":3.43,"u":"1,73 €/L","img":"https://fd9-photos.leclercdrive.fr/image.ashx?id=2946931&use=l&cat=p&typeid=i","cat":284532},{"id":48697,"n":"Sachet chat Purina One Sterillcat - 8x85g","p":3.91,"u":"5,75 €/KG","img":"https://fd9-photos.leclercdrive.fr/image.ashx?id=2899695&use=l&cat=p&typeid=i","cat":285286},{"id":48698,"n":"Croquettes chat Purina One Stérilisé/Intérieur-Poulet1.5kg","p":6.7,"u":"4,47 €/KG","img":"https://fd9-photos.leclercdrive.fr/image.ashx?id=2681257&use=l&cat=p&typeid=i","cat":284680},{"id":48704,"n":"Boîte chat Whiskas Gelée du pêcheur - 4x390g","p":4.42,"u":"2,83 €/KG","img":"https://fd9-photos.leclercdrive.fr/image.ashx?id=2759622&use=l&cat=p&typeid=i","cat":285601},{"id":48715,"n":"Poires demi-fruits Eco+ Sirop léger - 455 g","p":1.67,"u":"3,67 €/KG","img":"https://fd9-photos.leclercdrive.fr/image.ashx?id=2783008&use=l&cat=p&typeid=i","cat":284507},{"id":48717,"n":"Barquettes chats Gourmet Gold Les mousselines - 24x85g","p":10.81,"u":"5,30 €/KG","img":"https://fd9-photos.leclercdrive.fr/image.ashx?id=2861500&use=l&cat=p&typeid=i","cat":285286},{"id":48725,"n":"Légumes pour Couscous D'Aucy Orientale - 800g","p":1.71,"u":"2,14 €/KG","img":"https://fd9-photos.leclercdrive.fr/image.ashx?id=2577800&use=l&cat=p&typeid=i","cat":312612},{"id":48744,"n":"Pulpe de  tomate Turini  Nature - 390g","p":1.59,"u":"4,08 €/KG","img":"https://fd9-photos.leclercdrive.fr/image.ashx?id=2181810&use=l&cat=p&typeid=i","cat":288384},{"id":48745,"n":"Chocolat Pâtissier Nestlé Dessert Lait - 170g","p":2.99,"u":"17,59 €/KG","img":"https://fd9-photos.leclercdrive.fr/image.ashx?id=2961242&use=l&cat=p&typeid=i","cat":285562},{"id":48786,"n":"Chocolat noir Bio Ethiquable  75% Nicaragua - 100g","p":2.66,"u":"26,60 €/KG","img":"https://fd9-photos.leclercdrive.fr/image.ashx?id=2870884&use=l&cat=p&typeid=i","cat":284956},{"id":48822,"n":"Friandises chat Catisfactions Saumon - 180g","p":3.02,"u":"16,78 €/KG","img":"https://fd9-photos.leclercdrive.fr/image.ashx?id=2912527&use=l&cat=p&typeid=i","cat":285285},{"id":48823,"n":"Haché Végétal bio Céréal Bio Façon Bolognaise au Soja 250g","p":2.53,"u":"10,12 €/KG","img":"https://fd9-photos.leclercdrive.fr/image.ashx?id=2575090&use=l&cat=p&typeid=i","cat":287600},{"id":48839,"n":"Lait concentré Régilait Non sucré, demi écrémé - 410g","p":1.44,"u":"3,51 €/KG","img":"https://fd9-photos.leclercdrive.fr/image.ashx?id=2405863&use=l&cat=p&typeid=i","cat":299162},{"id":48843,"n":"Préparation gâteau Nestlé Fondant chocolat - 317g","p":4.07,"u":"12,84 €/KG","img":"https://fd9-photos.leclercdrive.fr/image.ashx?id=2848379&use=l&cat=p&typeid=i","cat":284505},{"id":48846,"n":"Purée tomate bio Jardin Bio 200g","p":0.92,"u":"4,60 €/KG","img":"https://fd9-photos.leclercdrive.fr/image.ashx?id=2535034&use=l&cat=p&typeid=i","cat":288384},{"id":48870,"n":"Infusion bio Jardin Bio Thym de France x20 - 28g","p":2.46,"u":"87,86 €/KG","img":"https://fd9-photos.leclercdrive.fr/image.ashx?id=2792840&use=l&cat=p&typeid=i","cat":293234},{"id":48890,"n":"Pâtes De Cecco  Fusilli n°34 - 500g","p":1.72,"u":"3,44 €/KG","img":"https://fd9-photos.leclercdrive.fr/image.ashx?id=3004441&use=l&cat=p&typeid=i","cat":284427},{"id":48891,"n":"Pâtes De Cecco Penne rigate n°41 - 500g","p":1.74,"u":"3,48 €/KG","img":"https://fd9-photos.leclercdrive.fr/image.ashx?id=3005359&use=l&cat=p&typeid=i","cat":284427},{"id":48899,"n":"Pâtes De Cecco Orechiette   n°91 - 500g","p":2.02,"u":"4,04 €/KG","img":"https://fd9-photos.leclercdrive.fr/image.ashx?id=2956661&use=l&cat=p&typeid=i","cat":284427},{"id":48915,"n":"Sauce Arôme Maggi 1kg","p":6.07,"u":"6,07 €/KG","img":"https://fd9-photos.leclercdrive.fr/image.ashx?id=2785352&use=l&cat=p&typeid=i","cat":288379},{"id":49055,"n":"Steak haché charolais 15% MG Férial - 250g","p":4.31,"u":"17,24 €/KG","img":"https://fd9-photos.leclercdrive.fr/image.ashx?id=2903983&use=l&cat=p&typeid=i","cat":284332},{"id":49058,"n":"Piles Tech+ Foxter AA/LR6 1,5V - x8","p":2.99,"u":"0,37 €/P","img":"https://fd9-photos.leclercdrive.fr/image.ashx?id=2162324&use=l&cat=p&typeid=i","cat":300572},{"id":49059,"n":"Piles Tech+ Foxter AAA/LR3 1,5V - x8","p":2.99,"img":"https://fd9-photos.leclercdrive.fr/image.ashx?id=2162327&use=l&cat=p&typeid=i","cat":300572},{"id":49070,"n":"Préparation gâteau Nestlé Coeur fondant - 305g","p":3.99,"u":"13,08 €/KG","img":"https://fd9-photos.leclercdrive.fr/image.ashx?id=2848385&use=l&cat=p&typeid=i","cat":284505},{"id":49078,"n":"Gaufrette P'tit Déli  Chocolat lait - 125g","p":1.29,"u":"10,32 €/KG","img":"https://fd9-photos.leclercdrive.fr/image.ashx?id=2858839&use=l&cat=p&typeid=i","cat":284490},{"id":49079,"n":"Petites madeleines P'tit Deli  Pépites de chocolat - 400g","p":1.69,"u":"4,23 €/KG","img":"https://fd9-photos.leclercdrive.fr/image.ashx?id=1947286&use=l&cat=p&typeid=i","cat":284492},{"id":49083,"n":"Biscuit palmier feuilleté Eco+ 100g","p":0.42,"u":"4,20 €/KG","img":"https://fd9-photos.leclercdrive.fr/image.ashx?id=2768016&use=l&cat=p&typeid=i","cat":284487},{"id":49131,"n":"Gin Bombay Sapphire 40° - 70cl","p":22.34,"u":"31,91 €/L","img":"https://fd9-photos.leclercdrive.fr/image.ashx?id=2842879&use=l&cat=p&typeid=i","cat":284550},{"id":49267,"n":"Viande bébé Bio Yooji Boeuf - Dès 6 mois - 120g","p":4.53,"u":"37,75 €/KG","img":"https://fd9-photos.leclercdrive.fr/image.ashx?id=2583629&use=l&cat=p&typeid=i","cat":290631},{"id":49269,"n":"Viande bébé Bio Yooji Poulet - Dès 6 mois - 120g","p":4.08,"u":"34,00 €/KG","img":"https://fd9-photos.leclercdrive.fr/image.ashx?id=2583626&use=l&cat=p&typeid=i","cat":290631},{"id":49282,"n":"Tablette de chocolat noir Lindt Zeste de citron vert - 100g","p":2.33,"u":"23,30 €/KG","img":"https://fd9-photos.leclercdrive.fr/image.ashx?id=2608160&use=l&cat=p&typeid=i","cat":284956},{"id":49288,"n":"Bols soir bébé bio Babybio Pâtes - 8 mois - 2x200g","p":2.81,"u":"7,03 €/KG","img":"https://fd9-photos.leclercdrive.fr/image.ashx?id=2838344&use=l&cat=p&typeid=i","cat":312239},{"id":49294,"n":"Cotons Démaquillants Demak'Up Original - x105","p":1.48,"u":"0,01 €/P","img":"https://fd9-photos.leclercdrive.fr/image.ashx?id=2745274&use=l&cat=p&typeid=i","cat":284636},{"id":49295,"n":"Cotons Démaquillants Demak'Up Ovale sensitive - x48","p":1.5,"u":"0,03 €/P","img":"https://fd9-photos.leclercdrive.fr/image.ashx?id=2745277&use=l&cat=p&typeid=i","cat":284636},{"id":49296,"n":"Barre Chocolat au Lait Lion x10 barres - 420g","p":3.74,"u":"8,90 €/KG","img":"https://fd9-photos.leclercdrive.fr/image.ashx?id=2736988&use=l&cat=p&typeid=i","cat":284498},{"id":49298,"n":"Biscuits croquant Nutella &Go! Pâte à tartiner x2 packs - 104g","p":2.19,"u":"21,06 €/KG","img":"https://fd9-photos.leclercdrive.fr/image.ashx?id=2737240&use=l&cat=p&typeid=i","cat":284488},{"id":49304,"n":"Détachant Vanish  Powergel - 200ml","p":3.93,"u":"19,65 €/L","img":"https://fd9-photos.leclercdrive.fr/image.ashx?id=2587861&use=l&cat=p&typeid=i","cat":284651},{"id":49306,"n":"Gel anti-calcaire Calgon  Hygiène Plus - 2,25L","p":15.64,"u":"6,95 €/L","img":"https://fd9-photos.leclercdrive.fr/image.ashx?id=2953764&use=l&cat=p&typeid=i","cat":284653},{"id":49333,"n":"Déodorant bille Men Expert Carbon Protection 48h - 50ml","p":2.55,"u":"51,00 €/L","img":"https://fd9-photos.leclercdrive.fr/image.ashx?id=2394561&use=l&cat=p&typeid=i","cat":284618},{"id":49340,"n":"Cornichons Eco+ Au vinaigre - 190g","p":0.88,"u":"4,63 €/KG","img":"https://fd9-photos.leclercdrive.fr/image.ashx?id=2974711&use=l&cat=p&typeid=i","cat":284458},{"id":49342,"n":"Moutarde Eco+ Forte au vinaigre - 850g","p":1.66,"u":"1,95 €/KG","img":"https://fd9-photos.leclercdrive.fr/image.ashx?id=2954325&use=l&cat=p&typeid=i","cat":288850},{"id":49344,"n":"Poivrons piquillos Olabe 225g","p":2.17,"u":"9,64 €/KG","img":"https://fd9-photos.leclercdrive.fr/image.ashx?id=2552039&use=l&cat=p&typeid=i","cat":312608},{"id":49346,"n":"Mini cornichons Jardin D'Orant Au condiment balsamique - 185g","p":1.82,"u":"9,84 €/KG","img":"https://fd9-photos.leclercdrive.fr/image.ashx?id=2918688&use=l&cat=p&typeid=i","cat":284458},{"id":49349,"n":"Petit croquant Kühne Aigre doux - 360g","p":3.36,"u":"9,33 €/KG","img":"https://fd9-photos.leclercdrive.fr/image.ashx?id=2551036&use=l&cat=p&typeid=i","cat":284458},{"id":49354,"n":"Olives Noires Grecques Tramier  Dénoyautées 220g","p":2.52,"u":"25,20 €/KG","img":"https://fd9-photos.leclercdrive.fr/image.ashx?id=2836340&use=l&cat=p&typeid=i","cat":284450},{"id":49385,"n":"Litchis St-Mamet Dénoyautés - 250g","p":3.26,"u":"13,04 €/KG","img":"https://fd9-photos.leclercdrive.fr/image.ashx?id=2474215&use=l&cat=p&typeid=i","cat":284507},{"id":49401,"n":"Matière grasse Primevere Bio à tartiner - 55% MG - 250g","p":2.48,"u":"9,92 €/KG","img":"https://fd9-photos.leclercdrive.fr/image.ashx?id=2928456&use=l&cat=p&typeid=i","cat":315229},{"id":49569,"n":"Boisson énergisante Monster Ultra zéro  - 50cl","p":1.53,"u":"3,06 €/L","img":"https://fd9-photos.leclercdrive.fr/image.ashx?id=2736697&use=l&cat=p&typeid=i","cat":284533},{"id":49575,"n":"Boisson énergisante Monster Energy Mixxd Punch - 50CL","p":1.48,"u":"2,96 €/L","img":"https://fd9-photos.leclercdrive.fr/image.ashx?id=2206172&use=l&cat=p&typeid=i","cat":284533},{"id":49596,"n":"Café dosettes Tassimo L'Or Espresso Décaféiné x16","p":4.78,"u":"45,09 €/KG","img":"https://fd9-photos.leclercdrive.fr/image.ashx?id=2662090&use=l&cat=p&typeid=i","cat":293240},{"id":49601,"n":"Cartouches d'encre HP Pack Noir / Couleurs 301","p":50.97,"u":"Dont 0,05 € d'éco-part.","img":"https://fd9-photos.leclercdrive.fr/image.ashx?id=1710266&use=l&cat=p&typeid=i","cat":316445},{"id":49632,"n":"Pain de mie 100% Mie Harrys Nature Longue conservation 325g","p":2.01,"u":"6,18 €/KG","img":"https://fd9-photos.leclercdrive.fr/image.ashx?id=2469647&use=l&cat=p&typeid=i","cat":284477},{"id":49636,"n":"Biscuits Baiocchi Mulino Bianco Chocolat noisette Snack - 336g","p":2.53,"u":"7,53 €/KG","img":"https://fd9-photos.leclercdrive.fr/image.ashx?id=2787962&use=l&cat=p&typeid=i","cat":284488},{"id":49639,"n":"Haricots verts Rochefontaine Extra-fins - 345g","p":3.61,"u":"10,46 €/KG","img":"https://fd9-photos.leclercdrive.fr/image.ashx?id=2101459&use=l&cat=p&typeid=i","cat":312606},{"id":49649,"n":"Sauce Tomate Cuisinée Heinz Ail & Oignon x2 - 210g","p":1.5,"u":"3,57 €/KG","img":"https://fd9-photos.leclercdrive.fr/image.ashx?id=2926990&use=l&cat=p&typeid=i","cat":288384},{"id":49653,"n":"Chapelure dorée Tipiak 250g","p":0.69,"u":"2,76 €/KG","img":"https://fd9-photos.leclercdrive.fr/image.ashx?id=2563490&use=l&cat=p&typeid=i","cat":288382},{"id":49657,"n":"Huile de noisette Cauvin 25cl","p":3.5,"u":"14,00 €/L","img":"https://fd9-photos.leclercdrive.fr/image.ashx?id=2484221&use=l&cat=p&typeid=i","cat":284453},{"id":49659,"n":"Huile de noix Cauvin Bouteille - 25cl","p":3.19,"u":"12,76 €/L","img":"https://fd9-photos.leclercdrive.fr/image.ashx?id=2482318&use=l&cat=p&typeid=i","cat":284453},{"id":49674,"n":"Fécule de pomme de terre Tipiak Substitut de farine - 250g","p":0.81,"u":"3,24 €/KG","img":"https://fd9-photos.leclercdrive.fr/image.ashx?id=2563487&use=l&cat=p&typeid=i","cat":288382},{"id":49681,"n":"Yaourt La Laitière Nature - 4x125g","p":1.61,"u":"3,22 €/KG","img":"https://fd9-photos.leclercdrive.fr/image.ashx?id=3007978&use=l&cat=p&typeid=i","cat":284409},{"id":49682,"n":"Yaourt La Laitière Vanille - 4x125g","p":1.94,"u":"3,88 €/KG","img":"https://fd9-photos.leclercdrive.fr/image.ashx?id=2650393&use=l&cat=p&typeid=i","cat":286006},{"id":49684,"n":"Yaourts La Laitière Nature - 8x125g","p":2.88,"u":"23,04 €/KG","img":"https://fd9-photos.leclercdrive.fr/image.ashx?id=2679509&use=l&cat=p&typeid=i","cat":284409},{"id":49700,"n":"Matin Léger Bio de Lactel Sans lactose 1.2%mg - 6x1L","p":13.37,"u":"2,23 €/L","img":"https://fd9-photos.leclercdrive.fr/image.ashx?id=2883552&use=l&cat=p&typeid=i","cat":317169},{"id":49800,"n":"Chorizo doux César Moroni   200g","p":2.65,"u":"13,25 €/KG","img":"https://fd9-photos.leclercdrive.fr/image.ashx?id=2854420&use=l&cat=p&typeid=i","cat":316006},{"id":49803,"n":"Chorizo fort César Moroni   200g","p":2.77,"u":"13,85 €/KG","img":"https://fd9-photos.leclercdrive.fr/image.ashx?id=2947841&use=l&cat=p&typeid=i","cat":316006},{"id":49825,"n":"Croco Pik Haribo  Sachet bonbons acidulés - 275g","p":1.63,"u":"5,93 €/KG","img":"https://fd9-photos.leclercdrive.fr/image.ashx?id=2802350&use=l&cat=p&typeid=i","cat":304250},{"id":49828,"n":"Happy Life Haribo Sachet bonbons - 275g","p":1.5,"u":"5,45 €/KG","img":"https://fd9-photos.leclercdrive.fr/image.ashx?id=2803577&use=l&cat=p&typeid=i","cat":304250},{"id":49832,"n":"Dragibus Pik Haribo Sachet bonbons - 230g","p":1.67,"u":"7,26 €/KG","img":"https://fd9-photos.leclercdrive.fr/image.ashx?id=2984907&use=l&cat=p&typeid=i","cat":304250},{"id":49834,"n":"Bonbons LUTTI BestFizz Assortiment Piquant - 550g","p":3.47,"u":"6,31 €/KG","img":"https://fd9-photos.leclercdrive.fr/image.ashx?id=2815022&use=l&cat=p&typeid=i","cat":304250},{"id":49845,"n":"Jus multifruits Jafaden Brique, ABC - 2L","p":2.65,"u":"1,33 €/L","img":"https://fd9-photos.leclercdrive.fr/image.ashx?id=2759220&use=l&cat=p&typeid=i","cat":284917},{"id":49851,"n":"Limonade Sprink's 1.5L","p":0.95,"u":"0,63 €/L","img":"https://fd9-photos.leclercdrive.fr/image.ashx?id=2553914&use=l&cat=p&typeid=i","cat":284531},{"id":49852,"n":"Speck alto adige IGP Tradizioni d'Italia - 70g","p":1.95,"u":"27,86 €/KG","img":"https://fd9-photos.leclercdrive.fr/image.ashx?id=2925225&use=l&cat=p&typeid=i","cat":316007},{"id":49858,"n":"Prosciutto di parma AOP 18 mois Tradizioni d'Italia - 80g","p":3.79,"u":"47,38 €/KG","img":"https://fd9-photos.leclercdrive.fr/image.ashx?id=1961988&use=l&cat=p&typeid=i","cat":316007},{"id":49863,"n":"Pizza feu de bois  Turini  Saumon  - 420g","p":2.45,"u":"5,83 €/KG","img":"https://fd9-photos.leclercdrive.fr/image.ashx?id=2816579&use=l&cat=p&typeid=i","cat":284256},{"id":49865,"n":"Steak haché Authentique Charal Pur Bœuf 10% MG  8x125g - 1kg","p":14.6,"u":"14,60 €/KG","img":"https://fd9-photos.leclercdrive.fr/image.ashx?id=2741955&use=l&cat=p&typeid=i","cat":319778},{"id":49870,"n":"Protection Absorbante Tena Men  Médium - x10","p":4.17,"u":"0,42 €/P","img":"https://fd9-photos.leclercdrive.fr/image.ashx?id=2428573&use=l&cat=p&typeid=i","cat":291514},{"id":49872,"n":"Tampons Tampax Compak Pearl Super - x18","p":2.77,"u":"0,15 €/P","img":"https://fd9-photos.leclercdrive.fr/image.ashx?id=2956616&use=l&cat=p&typeid=i","cat":284626},{"id":49880,"n":"Boisson concentrée Frucci Menthe avec édulcorants - 75cl","p":2.39,"u":"3,19 €/L","img":"https://fd9-photos.leclercdrive.fr/image.ashx?id=2397660&use=l&cat=p&typeid=i","cat":295020},{"id":49881,"n":"Sirop Frucci Zero Grenadine avec edulcorants-75cl","p":2.49,"u":"3,32 €/L","img":"https://fd9-photos.leclercdrive.fr/image.ashx?id=2397663&use=l&cat=p&typeid=i","cat":295020},{"id":49882,"n":"Sirop Frucci Zero Pêche avec édulcorants - 75cl","p":2.35,"u":"3,13 €/L","img":"https://fd9-photos.leclercdrive.fr/image.ashx?id=2397666&use=l&cat=p&typeid=i","cat":295020},{"id":49883,"n":"Soda tonic Sprink's 1.5L","p":1.05,"u":"0,70 €/L","img":"https://fd9-photos.leclercdrive.fr/image.ashx?id=2913739&use=l&cat=p&typeid=i","cat":284531},{"id":49887,"n":"Recharge Touch & Fresh Glade Bois de Santal & Jasmin 10ml","p":2.64,"img":"https://fd9-photos.leclercdrive.fr/image.ashx?id=1581660&use=l&cat=p&typeid=i","cat":311629},{"id":49889,"n":"Recharge Diff Automatique Glade Bois de Santal & Jasmin 269ml","p":4.18,"u":"15,54 €/L","img":"https://fd9-photos.leclercdrive.fr/image.ashx?id=1571953&use=l&cat=p&typeid=i","cat":311629},{"id":49903,"n":"Bresaola Della Valtellina IGP Tradizioni d'Italia - 70g","p":3.13,"u":"44,71 €/KG","img":"https://fd9-photos.leclercdrive.fr/image.ashx?id=2183148&use=l&cat=p&typeid=i","cat":316007},{"id":49930,"n":"Yaourt douceur Le Petit Basque Brebis nature - 4x100g","p":2.84,"u":"7,10 €/KG","img":"https://fd9-photos.leclercdrive.fr/image.ashx?id=2248084&use=l&cat=p&typeid=i","cat":314998},{"id":49931,"n":"Yaourt douceur Le Petit Basque Brebis citron - 4x100g","p":2.66,"u":"6,65 €/KG","img":"https://fd9-photos.leclercdrive.fr/image.ashx?id=2248087&use=l&cat=p&typeid=i","cat":314998},{"id":49933,"n":"Fromage Pavé d'Affinois Mini Mix 5 variétés - 130g","p":2.55,"u":"19,62 €/KG","img":"https://fd9-photos.leclercdrive.fr/image.ashx?id=2644076&use=l&cat=p&typeid=i","cat":314030},{"id":49955,"n":"Soda 7UP Citron/citron vert zéro - 1.5L","p":1.38,"u":"0,92 €/L","img":"https://fd9-photos.leclercdrive.fr/image.ashx?id=2752462&use=l&cat=p&typeid=i","cat":284531},{"id":49956,"n":"Soda à l'orange Orangina Sans Sucres - 1,5L","p":1.72,"u":"1,15 €/L","img":"https://fd9-photos.leclercdrive.fr/image.ashx?id=2946496&use=l&cat=p&typeid=i","cat":284532},{"id":49971,"n":"Frites Pom Bistro à la Graisse de Canard - 500g","p":3.33,"u":"6,66 €/KG","img":"https://fd9-photos.leclercdrive.fr/image.ashx?id=2866412&use=l&cat=p&typeid=i","cat":319791},{"id":49979,"n":"Soupe liquide Liebig  Potiron Chataîgne - Brique 1L","p":2.86,"u":"2,86 €/L","img":"https://fd9-photos.leclercdrive.fr/image.ashx?id=2785358&use=l&cat=p&typeid=i","cat":284462},{"id":49981,"n":"Velouté Liebig Légumes du soleil - 1L","p":2.81,"u":"2,81 €/L","img":"https://fd9-photos.leclercdrive.fr/image.ashx?id=2750991&use=l&cat=p&typeid=i","cat":284462},{"id":49983,"n":"Sauce yakitori Kikkoman 250ml","p":4.51,"u":"18,04 €/L","img":"https://fd9-photos.leclercdrive.fr/image.ashx?id=2536299&use=l&cat=p&typeid=i","cat":288992},{"id":49997,"n":"Boisson aux fruits Oasis Mini Tropical - 6x25cl","p":3.01,"u":"2,01 €/L","img":"https://fd9-photos.leclercdrive.fr/image.ashx?id=2684443&use=l&cat=p&typeid=i","cat":295018},{"id":50002,"n":"Sauce soja Kikkoman  150ml","p":3.44,"u":"22,93 €/L","img":"https://fd9-photos.leclercdrive.fr/image.ashx?id=2536284&use=l&cat=p&typeid=i","cat":288992},{"id":50003,"n":"Café soluble Maxwell House Qualité Filtre - 20g","p":7.67,"u":"38,35 €/KG","img":"https://fd9-photos.leclercdrive.fr/image.ashx?id=1755025&use=l&cat=p&typeid=i","cat":284843},{"id":50004,"n":"Kit Crousti Fajitas Old El Paso extra doux - 521g","p":4.76,"u":"9,14 €/KG","img":"https://fd9-photos.leclercdrive.fr/image.ashx?id=2765402&use=l&cat=p&typeid=i","cat":288993},{"id":50018,"n":"Légumes grillés Florelli 280g","p":3.09,"u":"11,04 €/KG","img":"https://fd9-photos.leclercdrive.fr/image.ashx?id=2664199&use=l&cat=p&typeid=i","cat":289010},{"id":50022,"n":"Nouilles cup Tanoshi Boeuf teppanyaki - 65g","p":1.23,"u":"18,92 €/KG","img":"https://fd9-photos.leclercdrive.fr/image.ashx?id=2906172&use=l&cat=p&typeid=i","cat":288992},{"id":50023,"n":"Nouilles cup Tanoshi Poulet teriyaki - 65g","p":1.29,"u":"19,85 €/KG","img":"https://fd9-photos.leclercdrive.fr/image.ashx?id=2906169&use=l&cat=p&typeid=i","cat":288992},{"id":50029,"n":"Biscuit apéritif ancel Sticks Bretzels - 137g","p":1.49,"u":"10,88 €/KG","img":"https://fd9-photos.leclercdrive.fr/image.ashx?id=2895181&use=l&cat=p&typeid=i","cat":297000},{"id":50052,"n":"Lait bébé en poudre Galliagest croissance Dès 12 mois 900g","p":13.56,"u":"15,07 €/KG","img":"https://fd9-photos.leclercdrive.fr/image.ashx?id=2616844&use=l&cat=p&typeid=i","cat":290219},{"id":50054,"n":"Stylo-bille 4 couleurs Bic Rose - Shine - x1","p":2.42,"img":"https://fd9-photos.leclercdrive.fr/image.ashx?id=2972916&use=l&cat=p&typeid=i","cat":284696},{"id":50058,"n":"Bloc correspondanc uni Esquisse 21x29cm - A4 - x50 feuilles","p":1.99,"img":"https://fd9-photos.leclercdrive.fr/image.ashx?id=1928746&use=l&cat=p&typeid=i","cat":284697},{"id":50072,"n":"Soupe Liquide Douceur Knorr 8 légumes à la crème - 50cl","p":1.54,"u":"3,08 €/L","img":"https://fd9-photos.leclercdrive.fr/image.ashx?id=2738023&use=l&cat=p&typeid=i","cat":284462},{"id":50082,"n":"Dessert fruits mixés Sojasun Myrtilles - 4x100g","p":1.67,"u":"4,18 €/KG","img":"https://fd9-photos.leclercdrive.fr/image.ashx?id=2355680&use=l&cat=p&typeid=i","cat":316071},{"id":50083,"n":"Taboulé aux tomates  Garbit - 730g","p":2.62,"u":"3,59 €/KG","img":"https://fd9-photos.leclercdrive.fr/image.ashx?id=2901905&use=l&cat=p&typeid=i","cat":325094},{"id":50088,"n":"Pulpe tomate basilic Jardin Bio Bio - 500g","p":2.58,"u":"5,16 €/KG","img":"https://fd9-photos.leclercdrive.fr/image.ashx?id=2535025&use=l&cat=p&typeid=i","cat":288384},{"id":50102,"n":"Sauce pâte olive Sacla'Italia 190g","p":2.15,"u":"11,32 €/KG","img":"https://fd9-photos.leclercdrive.fr/image.ashx?id=2160222&use=l&cat=p&typeid=i","cat":287599},{"id":50106,"n":"Nems au Porc Tables du Monde x4 - 280g","p":1.76,"u":"6,29 €/KG","img":"https://fd9-photos.leclercdrive.fr/image.ashx?id=1760305&use=l&cat=p&typeid=i","cat":333673},{"id":50110,"n":"Sauce curry Rustica  250ml","p":1.57,"u":"6,28 €/L","img":"https://fd9-photos.leclercdrive.fr/image.ashx?id=2426094&use=l&cat=p&typeid=i","cat":318431},{"id":50123,"n":"Vinaigrette Puget  Ciboulette/échalotes - 33cl","p":2.37,"u":"7,18 €/L","img":"https://fd9-photos.leclercdrive.fr/image.ashx?id=2912146&use=l&cat=p&typeid=i","cat":284456},{"id":50126,"n":"Compotes Andros  Pomme/châtaigne - 785g","p":3.43,"u":"4,37 €/KG","img":"https://fd9-photos.leclercdrive.fr/image.ashx?id=2396381&use=l&cat=p&typeid=i","cat":284508},{"id":50131,"n":"Compotes Pom'Potes Gourdes  Multivariétés - 20x90g","p":7.24,"u":"4,02 €/KG","img":"https://fd9-photos.leclercdrive.fr/image.ashx?id=3010930&use=l&cat=p&typeid=i","cat":284508},{"id":50132,"n":"Compotes Pom'Potes Gourdes  Multivariétés Inédits - 12x90g","p":5.48,"u":"5,07 €/KG","img":"https://fd9-photos.leclercdrive.fr/image.ashx?id=2870170&use=l&cat=p&typeid=i","cat":284508},{"id":50133,"n":"Dessert fruitier Andros Pomme, morceaux- 695g","p":2.36,"u":"3,40 €/KG","img":"https://fd9-photos.leclercdrive.fr/image.ashx?id=2397770&use=l&cat=p&typeid=i","cat":284508},{"id":50134,"n":"Poudre anti-calcaire Calgon 4 en 1 - 60 doses","p":10.99,"u":"7,33 €/KG","img":"https://fd9-photos.leclercdrive.fr/image.ashx?id=2954199&use=l&cat=p&typeid=i","cat":284653},{"id":50135,"n":"Lingettes Textil Anti-transfert - x40","p":3.71,"u":"0,09 €/P","img":"https://fd9-photos.leclercdrive.fr/image.ashx?id=1646489&use=l&cat=p&typeid=i","cat":290450},{"id":50211,"n":"Pain Bruschetta La Boulangère 400g","p":2.47,"u":"6,18 €/KG","img":"https://fd9-photos.leclercdrive.fr/image.ashx?id=2912404&use=l&cat=p&typeid=i","cat":284985},{"id":50212,"n":"Pain suédois La Boulangère 180g","p":1.83,"u":"10,17 €/KG","img":"https://fd9-photos.leclercdrive.fr/image.ashx?id=2445376&use=l&cat=p&typeid=i","cat":284985},{"id":50213,"n":"Pain de mie Toastiligne  Toastiligne complet - 500g","p":1.41,"u":"2,82 €/KG","img":"https://fd9-photos.leclercdrive.fr/image.ashx?id=2916225&use=l&cat=p&typeid=i","cat":284477},{"id":50214,"n":"Laque  Fixation forte - 75ml","p":1.29,"u":"17,20 €/L","img":"https://fd9-photos.leclercdrive.fr/image.ashx?id=2934718&use=l&cat=p&typeid=i","cat":284609},{"id":50216,"n":"Pains wraps La Boulangère x6 - 370g","p":3.04,"u":"8,22 €/KG","img":"https://fd9-photos.leclercdrive.fr/image.ashx?id=2900956&use=l&cat=p&typeid=i","cat":284985},{"id":50218,"n":"Tronches de Cake St Michel 175g","p":1.7,"u":"9,71 €/KG","img":"https://fd9-photos.leclercdrive.fr/image.ashx?id=2949946&use=l&cat=p&typeid=i","cat":284495},{"id":50224,"n":"Cookies Milka Pépites de chocolat - 168g","p":1.43,"u":"8,51 €/KG","img":"https://fd9-photos.leclercdrive.fr/image.ashx?id=3002285&use=l&cat=p&typeid=i","cat":325066},{"id":50225,"n":"Biscuits Choco suprême Milka Chocolat - 180g","p":2.34,"u":"13,00 €/KG","img":"https://fd9-photos.leclercdrive.fr/image.ashx?id=2990991&use=l&cat=p&typeid=i","cat":284488},{"id":50227,"n":"Biscuits Granola Chocolat au lait - 200g","p":1.43,"u":"7,15 €/KG","img":"https://fd9-photos.leclercdrive.fr/image.ashx?id=2324282&use=l&cat=p&typeid=i","cat":284488},{"id":50231,"n":"Biscuit Dinosaurus Lotus Chocolat au lait - 225g","p":1.94,"u":"8,62 €/KG","img":"https://fd9-photos.leclercdrive.fr/image.ashx?id=2859815&use=l&cat=p&typeid=i","cat":284488},{"id":50256,"n":"Soda Sprink's Lemon Lime - 1.5L","p":0.99,"u":"0,66 €/L","img":"https://fd9-photos.leclercdrive.fr/image.ashx?id=2913736&use=l&cat=p&typeid=i","cat":284532},{"id":50262,"n":"Kebab de poulet Fleury Michon Semoule à l'orientale - 280g","p":2.69,"u":"9,61 €/KG","img":"https://fd9-photos.leclercdrive.fr/image.ashx?id=2680167&use=l&cat=p&typeid=i","cat":333665},{"id":50360,"n":"Mousse à Raser Nivea Men Peaux Sensibles - 200 ml","p":2.49,"u":"12,45 €/L","img":"https://fd9-photos.leclercdrive.fr/image.ashx?id=3005212&use=l&cat=p&typeid=i","cat":284617},{"id":50363,"n":"Crème adhésive Polident Original - 40g","p":3.5,"u":"87,50 €/KG","img":"https://fd9-photos.leclercdrive.fr/image.ashx?id=2605467&use=l&cat=p&typeid=i","cat":285158},{"id":50432,"n":"Pain Campagnard GERBLE  Sans gluten - 350g","p":4.14,"u":"11,83 €/KG","img":"https://fd9-photos.leclercdrive.fr/image.ashx?id=2662829&use=l&cat=p&typeid=i","cat":325069},{"id":50442,"n":"Haut de Cuisse Poulet Blanc Les Accessibles - 1kg","p":4.17,"u":"4,17 €/KG","img":"https://fd9-photos.leclercdrive.fr/image.ashx?id=2831975&use=l&cat=p&typeid=i","cat":284336},{"id":50443,"n":"Pilons de Poulet Blanc Les Accesssibles - 1kg","p":4.53,"u":"4,53 €/KG","img":"https://fd9-photos.leclercdrive.fr/image.ashx?id=2830237&use=l&cat=p&typeid=i","cat":284336},{"id":50445,"n":"Filet de poulet Le Gaulois Les Accessibles - 1kg","p":10.73,"u":"10,73 €/KG","img":"https://fd9-photos.leclercdrive.fr/image.ashx?id=2831966&use=l&cat=p&typeid=i","cat":284336},{"id":50446,"n":"Aiguilette Poulet Blanc S/Atm Les Accessibles - 500g","p":5.71,"u":"11,42 €/KG","img":"https://fd9-photos.leclercdrive.fr/image.ashx?id=2831978&use=l&cat=p&typeid=i","cat":284336},{"id":50458,"n":"Fromage Roucoulons Fromagerie Milleret- 220g","p":2.84,"u":"12,91 €/KG","img":"https://fd9-photos.leclercdrive.fr/image.ashx?id=2450922&use=l&cat=p&typeid=i","cat":329558},{"id":50459,"n":"Fromage à Tartiner St Môret  Nature - 150g","p":2.01,"u":"13,40 €/KG","img":"https://fd9-photos.leclercdrive.fr/image.ashx?id=2755468&use=l&cat=p&typeid=i","cat":314029},{"id":50489,"n":"Chewing-gum 2Fresh Hollywood Menthe verte - 66g","p":1.74,"u":"26,36 €/KG","img":"https://fd9-photos.leclercdrive.fr/image.ashx?id=2676201&use=l&cat=p&typeid=i","cat":304251},{"id":50491,"n":"Bière blanche Hoegaarden 4,9% - 6x25cl","p":4.28,"u":"2,85 €/L","img":"https://fd9-photos.leclercdrive.fr/image.ashx?id=2963922&use=l&cat=p&typeid=i","cat":334878},{"id":50509,"n":"Soin anti-âge Men Expert  Vita Lift 5 actions global-50ml","p":12.15,"u":"243,00 €/L","img":"https://fd9-photos.leclercdrive.fr/image.ashx?id=2353767&use=l&cat=p&typeid=i","cat":284622},{"id":50525,"n":"Soin Réhydratant Mixa Anti-rougeurs - 50ml","p":6.16,"u":"123,20 €/L","img":"https://fd9-photos.leclercdrive.fr/image.ashx?id=2331622&use=l&cat=p&typeid=i","cat":325345},{"id":50530,"n":"Bonbons Tic Tac Acidulé Fruit du dragon - x100 - 49g","p":1.94,"u":"39,59 €/KG","img":"https://fd9-photos.leclercdrive.fr/image.ashx?id=2985597&use=l&cat=p&typeid=i","cat":304256},{"id":50584,"n":"Flageolets Préparés Cassegrain Extra Fins 465g","p":2.45,"u":"19,60 €/L","img":"https://fd9-photos.leclercdrive.fr/image.ashx?id=2983087&use=l&cat=p&typeid=i","cat":312606},{"id":50585,"n":"Haricots verts d'aucy  Extra-fins - 440g","p":1.72,"u":"3,91 €/KG","img":"https://fd9-photos.leclercdrive.fr/image.ashx?id=2527370&use=l&cat=p&typeid=i","cat":312606},{"id":50590,"n":"Lentilles préparées D'aucy  530g","p":1.59,"u":"3,00 €/KG","img":"https://fd9-photos.leclercdrive.fr/image.ashx?id=2560597&use=l&cat=p&typeid=i","cat":312609},{"id":50592,"n":"Pois chiches Sultanines 265g","p":0.89,"u":"3,36 €/KG","img":"https://fd9-photos.leclercdrive.fr/image.ashx?id=1920223&use=l&cat=p&typeid=i","cat":312609},{"id":50594,"n":"Gants fins Eco+  Jetables - Taile M - x100","p":6.9,"u":"0,07 €/P","img":"https://fd9-photos.leclercdrive.fr/image.ashx?id=2075660&use=l&cat=p&typeid=i","cat":284668},{"id":50599,"n":"Crème soyeuse Bio Lait d'anesse So'Bio Etic - 50 ml","p":7.88,"u":"157,60 €/L","img":"https://fd9-photos.leclercdrive.fr/image.ashx?id=2906463&use=l&cat=p&typeid=i","cat":325345},{"id":50600,"n":"Crème onctueuse lait d'anesse Bio - So'Bio Etic - 50 ml","p":7.59,"u":"151,80 €/L","img":"https://fd9-photos.leclercdrive.fr/image.ashx?id=2909062&use=l&cat=p&typeid=i","cat":325345},{"id":50602,"n":"Lait démaquillant SoBio Mon lait d'Anesse bio - 200 ml","p":5.44,"u":"27,20 €/L","img":"https://fd9-photos.leclercdrive.fr/image.ashx?id=1853406&use=l&cat=p&typeid=i","cat":284603},{"id":50604,"n":"Lotion micellaire So Bio Etic Aloe vera bio - 500 ml","p":5.48,"u":"10,96 €/L","img":"https://fd9-photos.leclercdrive.fr/image.ashx?id=2493508&use=l&cat=p&typeid=i","cat":284603},{"id":50609,"n":"Savon crème lait d'anesse SoBIO Distrinat bio - 100g","p":2.5,"u":"25,00 €/KG","img":"https://fd9-photos.leclercdrive.fr/image.ashx?id=2494728&use=l&cat=p&typeid=i","cat":284597},{"id":50662,"n":"Chocolat en poudre Nesquik Extra Choco - 600g","p":5.2,"u":"8,67 €/KG","img":"https://fd9-photos.leclercdrive.fr/image.ashx?id=3004438&use=l&cat=p&typeid=i","cat":293235},{"id":50672,"n":"Biscuits à la cuillère x30 Bonne Maman - 250g","p":4.37,"u":"17,48 €/KG","img":"https://fd9-photos.leclercdrive.fr/image.ashx?id=2936152&use=l&cat=p&typeid=i","cat":284487},{"id":50673,"n":"Financier amandes Bonne Maman 250g","p":3.43,"u":"13,72 €/KG","img":"https://fd9-photos.leclercdrive.fr/image.ashx?id=2936176&use=l&cat=p&typeid=i","cat":284492},{"id":50674,"n":"Quatre quarts Bonne Maman 500g","p":3.11,"u":"6,22 €/KG","img":"https://fd9-photos.leclercdrive.fr/image.ashx?id=2936158&use=l&cat=p&typeid=i","cat":294776},{"id":50675,"n":"Gâteau Bonne Maman  Marbré chocolat - 475g","p":3.26,"u":"6,86 €/KG","img":"https://fd9-photos.leclercdrive.fr/image.ashx?id=2936161&use=l&cat=p&typeid=i","cat":294776},{"id":50676,"n":"Madeleine coquille St Michel  Oeuf plein air x24 - 600g","p":3.27,"u":"5,45 €/KG","img":"https://fd9-photos.leclercdrive.fr/image.ashx?id=2936197&use=l&cat=p&typeid=i","cat":284492},{"id":50678,"n":"IGP Vinaigre balsamique Modène Maille - 75cl","p":4.84,"u":"6,45 €/L","img":"https://fd9-photos.leclercdrive.fr/image.ashx?id=2805666&use=l&cat=p&typeid=i","cat":298543},{"id":50680,"n":"Barre Chocolatée KINDER Country  Céréales chocolat x15 - 352,5g","p":4.78,"u":"13,58 €/KG","img":"https://fd9-photos.leclercdrive.fr/image.ashx?id=2231903&use=l&cat=p&typeid=i","cat":284498},{"id":50682,"n":"Gâteau Ker Cadélac Le Moelleux Original - 500g","p":2.61,"u":"5,22 €/KG","img":"https://fd9-photos.leclercdrive.fr/image.ashx?id=2955797&use=l&cat=p&typeid=i","cat":294776},{"id":50683,"n":"Barre marbré  Ker Cadélac  Cacao - 500g","p":2.33,"u":"4,66 €/KG","img":"https://fd9-photos.leclercdrive.fr/image.ashx?id=2939508&use=l&cat=p&typeid=i","cat":294776},{"id":50686,"n":"Compotes Pom'Potes Gourdes  Multivariétés Inédits - 12x90g","p":5.89,"u":"5,45 €/KG","img":"https://fd9-photos.leclercdrive.fr/image.ashx?id=2864303&use=l&cat=p&typeid=i","cat":284508},{"id":50687,"n":"Compotes Pom'Potes Gourdes  Multivariétés Inédits - 12x90g","p":6.13,"u":"5,68 €/KG","img":"https://fd9-photos.leclercdrive.fr/image.ashx?id=3010924&use=l&cat=p&typeid=i","cat":284508},{"id":50688,"n":"Pains au chocolat Pasquier  x16 - 720g","p":4.38,"u":"6,08 €/KG","img":"https://fd9-photos.leclercdrive.fr/image.ashx?id=2686837&use=l&cat=p&typeid=i","cat":296366},{"id":50689,"n":"Croissants Pasquier x8 - 320g","p":1.9,"u":"5,94 €/KG","img":"https://fd9-photos.leclercdrive.fr/image.ashx?id=2853053&use=l&cat=p&typeid=i","cat":296366},{"id":50690,"n":"Brioche tressée Pasquier Tranchée nature - 500g","p":2.54,"u":"5,08 €/KG","img":"https://fd9-photos.leclercdrive.fr/image.ashx?id=2978706&use=l&cat=p&typeid=i","cat":284478},{"id":50695,"n":"Cacahuètes  Benenuts Grillées à sec maxi format-320g","p":2.46,"u":"7,69 €/KG","img":"https://fd9-photos.leclercdrive.fr/image.ashx?id=2389619&use=l&cat=p&typeid=i","cat":284448},{"id":50712,"n":"Biscuits Choco Pause Milka Chocolat au lait - 260g","p":1.37,"u":"5,27 €/KG","img":"https://fd9-photos.leclercdrive.fr/image.ashx?id=2192572&use=l&cat=p&typeid=i","cat":284488},{"id":50713,"n":"Biscuits Oreo Vanille / chocolat blanc - 246g","p":2.33,"u":"9,47 €/KG","img":"https://fd9-photos.leclercdrive.fr/image.ashx?id=2989447&use=l&cat=p&typeid=i","cat":284488},{"id":50714,"n":"Biscottes Heudebert  Goût brioché - 290g","p":1.67,"u":"5,76 €/KG","img":"https://fd9-photos.leclercdrive.fr/image.ashx?id=3001979&use=l&cat=p&typeid=i","cat":284479},{"id":50717,"n":"Gâche tranchée La Fournée Dorée Pépites de chocolat - 500g","p":2.78,"u":"5,56 €/KG","img":"https://fd9-photos.leclercdrive.fr/image.ashx?id=2347035&use=l&cat=p&typeid=i","cat":284478},{"id":50734,"n":"Soda Sprink's Orange - 1.5L","p":0.92,"u":"0,61 €/L","img":"https://fd9-photos.leclercdrive.fr/image.ashx?id=2925979&use=l&cat=p&typeid=i","cat":284532},{"id":50736,"n":"Blancs de poulet Eco+ 4 tranches - 180g","p":1.31,"u":"7,28 €/KG","img":"https://fd9-photos.leclercdrive.fr/image.ashx?id=2683634&use=l&cat=p&typeid=i","cat":316010},{"id":50739,"n":"Bacon fumé Eco+ 12 tranches - 150g","p":1.46,"u":"9,73 €/KG","img":"https://fd9-photos.leclercdrive.fr/image.ashx?id=2837111&use=l&cat=p&typeid=i","cat":316007},{"id":50760,"n":"Sablés Bonne Maman  Tout Chocolat - 150g","p":1.44,"u":"9,60 €/KG","img":"https://fd9-photos.leclercdrive.fr/image.ashx?id=2923687&use=l&cat=p&typeid=i","cat":325066},{"id":50770,"n":"Pâtes serpentin Turini  Cuisson rapide - 500g","p":1.16,"u":"2,32 €/KG","img":"https://fd9-photos.leclercdrive.fr/image.ashx?id=2607560&use=l&cat=p&typeid=i","cat":284427},{"id":50772,"n":"Epaule cuite sans couenne Eco+ 8 tranches - 360g","p":1.82,"u":"5,06 €/KG","img":"https://fd9-photos.leclercdrive.fr/image.ashx?id=2678577&use=l&cat=p&typeid=i","cat":316009},{"id":50773,"n":"Dés de jambon Eco+ 2x100G","p":1.65,"u":"8,25 €/KG","img":"https://fd9-photos.leclercdrive.fr/image.ashx?id=2930936&use=l&cat=p&typeid=i","cat":316011},{"id":50778,"n":"Jambon qualité choix Eco+ 10 tranches - 500g","p":4.21,"u":"8,42 €/KG","img":"https://fd9-photos.leclercdrive.fr/image.ashx?id=2970492&use=l&cat=p&typeid=i","cat":316009},{"id":50802,"n":"Huile d'olive Tramier Vierge extra - 75cl","p":8.0,"u":"10,67 €/L","img":"https://fd9-photos.leclercdrive.fr/image.ashx?id=2769807&use=l&cat=p&typeid=i","cat":284453},{"id":50805,"n":"Sauce Tomates Barilla Olive - 400g","p":1.87,"u":"4,68 €/KG","img":"https://fd9-photos.leclercdrive.fr/image.ashx?id=2832515&use=l&cat=p&typeid=i","cat":287599},{"id":50810,"n":"Sauce Tomates Barilla Arrabbiata - 400g","p":1.63,"u":"4,08 €/KG","img":"https://fd9-photos.leclercdrive.fr/image.ashx?id=2832509&use=l&cat=p&typeid=i","cat":287599},{"id":50863,"n":"Savon verveine Petit Olivier 2x100g","p":1.99,"u":"9,95 €/KG","img":"https://fd9-photos.leclercdrive.fr/image.ashx?id=2144839&use=l&cat=p&typeid=i","cat":284597},{"id":50867,"n":"Petit Olivier savon Marseille Avec ou sans pompe -  300ml","p":2.5,"u":"8,33 €/L","img":"https://fd9-photos.leclercdrive.fr/image.ashx?id=2683793&use=l&cat=p&typeid=i","cat":284597},{"id":50903,"n":"Rana Feuilles de lasagnes Fraîches - 250g","p":2.07,"u":"8,28 €/KG","img":"https://fd9-photos.leclercdrive.fr/image.ashx?id=2529144&use=l&cat=p&typeid=i","cat":333682},{"id":50905,"n":"Briquet Mega Lighter U140 Fluo - x1","p":3.47,"img":"https://fd9-photos.leclercdrive.fr/image.ashx?id=2730880&use=l&cat=p&typeid=i","cat":300578},{"id":50906,"n":"Cubes allume-feu Eco+ x32","p":1.4,"u":"0,04 €/P","img":"https://fd9-photos.leclercdrive.fr/image.ashx?id=924348&use=l&cat=p&typeid=i","cat":300578},{"id":50915,"n":"Gnocchi à poêler Lustucru Fromage - 300g","p":1.68,"u":"5,60 €/KG","img":"https://fd9-photos.leclercdrive.fr/image.ashx?id=3014482&use=l&cat=p&typeid=i","cat":333682},{"id":50919,"n":"Emincés de boeuf Fleury Michon pommes de terre poivre - 280g","p":3.81,"u":"13,61 €/KG","img":"https://fd9-photos.leclercdrive.fr/image.ashx?id=3003299&use=l&cat=p&typeid=i","cat":333665},{"id":50942,"n":"Crêpes  6x1p","p":3.15,"u":"0,53 €/P","img":"https://fd9-photos.leclercdrive.fr/image.ashx?id=723649&use=l&cat=p&typeid=i","cat":284494},{"id":50956,"n":"Bougies chauffe plats Ardence x25","p":2.39,"img":"https://fd9-photos.leclercdrive.fr/image.ashx?id=2635550&use=l&cat=p&typeid=i","cat":335913},{"id":50970,"n":"Plat bébé bio Good Goût bio Ratatouille - Dès 6 mois - 190g","p":2.87,"u":"15,11 €/KG","img":"https://fd9-photos.leclercdrive.fr/image.ashx?id=2579071&use=l&cat=p&typeid=i","cat":312235},{"id":50984,"n":"Soda zéro Sprink's Agrumes - 1,5L","p":0.76,"u":"0,51 €/L","img":"https://fd9-photos.leclercdrive.fr/image.ashx?id=2913724&use=l&cat=p&typeid=i","cat":284532},{"id":50990,"n":"Fruits au sirop St Mamet Ananas en morceaux - 345g","p":2.6,"u":"7,54 €/KG","img":"https://fd9-photos.leclercdrive.fr/image.ashx?id=2927309&use=l&cat=p&typeid=i","cat":284507},{"id":50991,"n":"Fruits au sirop St Mamet Ananas en tranches - 345g","p":2.96,"u":"8,58 €/KG","img":"https://fd9-photos.leclercdrive.fr/image.ashx?id=2630226&use=l&cat=p&typeid=i","cat":284507},{"id":51004,"n":"Sucre de canne Daddy Demi morceaux - 750g","p":1.96,"u":"2,61 €/KG","img":"https://fd9-photos.leclercdrive.fr/image.ashx?id=2907950&use=l&cat=p&typeid=i","cat":284502},{"id":51046,"n":"Mouchoirs blancs 3 plis Eco+ x15","p":0.97,"u":"0,06 €/P","img":"https://fd9-photos.leclercdrive.fr/image.ashx?id=2824244&use=l&cat=p&typeid=i","cat":284638},{"id":51047,"n":"Biscuits Petit Brun extra 300g","p":1.38,"u":"4,60 €/KG","img":"https://fd9-photos.leclercdrive.fr/image.ashx?id=3002264&use=l&cat=p&typeid=i","cat":284487},{"id":51048,"n":"Lentilles Notre Jardin 3x130g","p":2.09,"u":"5,36 €/KG","img":"https://fd9-photos.leclercdrive.fr/image.ashx?id=2544982&use=l&cat=p&typeid=i","cat":312609},{"id":51050,"n":"Chips Pom'lisse Barbecue - 6x30g","p":1.99,"u":"11,06 €/KG","img":"https://fd9-photos.leclercdrive.fr/image.ashx?id=2809668&use=l&cat=p&typeid=i","cat":284447},{"id":51051,"n":"Noix de cajou Tokapi  3x80g","p":3.39,"u":"14,13 €/KG","img":"https://fd9-photos.leclercdrive.fr/image.ashx?id=2417168&use=l&cat=p&typeid=i","cat":284448},{"id":51079,"n":"Clafoutis La Laitière Pommes façon tatin - 4x85g","p":2.77,"u":"8,15 €/KG","img":"https://fd9-photos.leclercdrive.fr/image.ashx?id=2633833&use=l&cat=p&typeid=i","cat":284419},{"id":51089,"n":"Soda Sprink's Aux agrumes - 1.5L","p":1.4,"u":"0,93 €/L","img":"https://fd9-photos.leclercdrive.fr/image.ashx?id=2913727&use=l&cat=p&typeid=i","cat":284532},{"id":51185,"n":"Cuisses de poulet blanc  1kg","p":3.96,"u":"3,96 €/KG","img":"https://fd9-photos.leclercdrive.fr/image.ashx?id=2849797&use=l&cat=p&typeid=i","cat":284336},{"id":51203,"n":"Filets de maqueraux Saupiquet  Vin blanc - 3x176g","p":5.99,"u":"11,34 €/KG","img":"https://fd9-photos.leclercdrive.fr/image.ashx?id=2826969&use=l&cat=p&typeid=i","cat":303868},{"id":51227,"n":"Papier cuisson Alfapac Naturel 10M x 0.37","p":2.36,"img":"https://fd9-photos.leclercdrive.fr/image.ashx?id=2887734&use=l&cat=p&typeid=i","cat":334134},{"id":51248,"n":"Crème dessert La Laitière Caramel  - 4x100g","p":2.19,"u":"5,48 €/KG","img":"https://fd9-photos.leclercdrive.fr/image.ashx?id=2875990&use=l&cat=p&typeid=i","cat":285041},{"id":51249,"n":"Crème brûlée La Laitière saveur vanille - 4x100g","p":2.97,"u":"7,43 €/KG","img":"https://fd9-photos.leclercdrive.fr/image.ashx?id=2624116&use=l&cat=p&typeid=i","cat":284419},{"id":51254,"n":"Eau aromatisée O'Fresh Pêche - 1.5L","p":0.91,"u":"0,61 €/L","img":"https://fd9-photos.leclercdrive.fr/image.ashx?id=2450029&use=l&cat=p&typeid=i","cat":284537},{"id":51268,"n":"Eau aromatisée O'Fresh Fraise - 1.5L","p":0.75,"u":"0,50 €/L","img":"https://fd9-photos.leclercdrive.fr/image.ashx?id=2450044&use=l&cat=p&typeid=i","cat":284537},{"id":51271,"n":"Tablette chocolat Côte d'Or Noir extra - 3x100g","p":3.72,"u":"12,40 €/KG","img":"https://fd9-photos.leclercdrive.fr/image.ashx?id=2875564&use=l&cat=p&typeid=i","cat":284956},{"id":51274,"n":"Tablette chocolat Côte d'Or Chocolar lait/ Raisin - 180g","p":3.46,"u":"19,22 €/KG","img":"https://fd9-photos.leclercdrive.fr/image.ashx?id=2961272&use=l&cat=p&typeid=i","cat":284497},{"id":51275,"n":"Tablette chocolat Côte d'Or Chocolat lait/Noisettes - 180g","p":3.27,"u":"18,17 €/KG","img":"https://fd9-photos.leclercdrive.fr/image.ashx?id=2993140&use=l&cat=p&typeid=i","cat":284497},{"id":51276,"n":"Tablette chocolat Côte d'Or Chocolat noir/Noisettes - 180g","p":3.13,"u":"17,39 €/KG","img":"https://fd9-photos.leclercdrive.fr/image.ashx?id=2993143&use=l&cat=p&typeid=i","cat":284956},{"id":51277,"n":"Tablette chocolat Côte d'Or Chocolat noir Amandes - 180g","p":3.56,"u":"19,78 €/KG","img":"https://fd9-photos.leclercdrive.fr/image.ashx?id=2993146&use=l&cat=p&typeid=i","cat":284956},{"id":51289,"n":"Fromage Blanc Calin Nature - 0% extra - 850g","p":2.26,"u":"2,66 €/KG","img":"https://fd9-photos.leclercdrive.fr/image.ashx?id=2973724&use=l&cat=p&typeid=i","cat":315000},{"id":51291,"n":"Fromage blanc Soignon Nature lait de chèvre - 4x100g","p":2.6,"u":"6,50 €/KG","img":"https://fd9-photos.leclercdrive.fr/image.ashx?id=2539902&use=l&cat=p&typeid=i","cat":314998},{"id":51297,"n":"Compotes Andros Pomme nature - 8x100g","p":2.43,"u":"3,04 €/KG","img":"https://fd9-photos.leclercdrive.fr/image.ashx?id=2884006&use=l&cat=p&typeid=i","cat":284416},{"id":51300,"n":"Yaourt Nature Sucré Yoplait - 4x125g","p":1.16,"u":"2,32 €/KG","img":"https://fd9-photos.leclercdrive.fr/image.ashx?id=2799898&use=l&cat=p&typeid=i","cat":284409},{"id":51313,"n":"Flageolets Alain Martin Cuisinés à la graisse - 800g","p":4.16,"u":"5,20 €/KG","img":"https://fd9-photos.leclercdrive.fr/image.ashx?id=2020644&use=l&cat=p&typeid=i","cat":284440},{"id":51344,"n":"Riz au lait La Laitière Rhum raisin - 4x115g","p":1.97,"u":"4,28 €/KG","img":"https://fd9-photos.leclercdrive.fr/image.ashx?id=2490455&use=l&cat=p&typeid=i","cat":284418},{"id":51353,"n":"Fromage Cantal jeune NRT AOP  200g","p":3.19,"u":"15,95 €/KG","img":"https://fd9-photos.leclercdrive.fr/image.ashx?id=2934832&use=l&cat=p&typeid=i","cat":314034},{"id":51361,"n":"Brassé Poire vanille Good Goût Bio Dès 6 mois - 90g","p":1.35,"u":"15,00 €/KG","img":"https://fd9-photos.leclercdrive.fr/image.ashx?id=2736178&use=l&cat=p&typeid=i","cat":312392},{"id":51392,"n":"Yaourts à la Grecque Délisse Lit de fruit jaunes - 4x150g","p":1.99,"u":"3,32 €/KG","img":"https://fd9-photos.leclercdrive.fr/image.ashx?id=1871122&use=l&cat=p&typeid=i","cat":314999},{"id":51395,"n":"Profiteroles Délisse 4x90g","p":2.49,"u":"6,92 €/KG","img":"https://fd9-photos.leclercdrive.fr/image.ashx?id=1990213&use=l&cat=p&typeid=i","cat":284419},{"id":51397,"n":"Croissants pur beurre 4p","p":2.65,"u":"0,66 €/P","img":"https://fd9-photos.leclercdrive.fr/image.ashx?id=572842&use=l&cat=p&typeid=i","cat":284984},{"id":51607,"n":"Fromage enfant Kiri Goûter 8 portions barquettes - 280g","p":3.37,"u":"12,04 €/KG","img":"https://fd9-photos.leclercdrive.fr/image.ashx?id=2972886&use=l&cat=p&typeid=i","cat":314030},{"id":51750,"n":"Sel fin La Baleine Iodé - 500g","p":0.52,"u":"1,04 €/KG","img":"https://fd9-photos.leclercdrive.fr/image.ashx?id=1752100&use=l&cat=p&typeid=i","cat":284457},{"id":51751,"n":"Cacolac Chocolat Canettes Pack - 6x25cl","p":4.78,"u":"3,19 €/L","img":"https://fd9-photos.leclercdrive.fr/image.ashx?id=2554623&use=l&cat=p&typeid=i","cat":295246},{"id":51769,"n":"Protège-documents Esquisse Vert Anis - A4 - 40 vues","p":1.79,"img":"https://fd9-photos.leclercdrive.fr/image.ashx?id=1690167&use=l&cat=p&typeid=i","cat":284745},{"id":51770,"n":"Protège-documents Esquisse Rouge - A4 - 40 vues","p":1.79,"img":"https://fd9-photos.leclercdrive.fr/image.ashx?id=940775&use=l&cat=p&typeid=i","cat":284745},{"id":51771,"n":"Protège-documents Esquisse  Transparent - A4 - 40 vues","p":1.79,"img":"https://fd9-photos.leclercdrive.fr/image.ashx?id=1690170&use=l&cat=p&typeid=i","cat":284745},{"id":51772,"n":"Protège-documents Esquisse Violet - A4 - 40 vues","p":1.79,"img":"https://fd9-photos.leclercdrive.fr/image.ashx?id=940767&use=l&cat=p&typeid=i","cat":284745},{"id":51797,"n":"Classeur à levier Esquisse Blanc - 5 cm","p":2.6,"img":"https://fd9-photos.leclercdrive.fr/image.ashx?id=1691186&use=l&cat=p&typeid=i","cat":284745},{"id":51798,"n":"Classeur à levier Esquisse Noir - 5 cm","p":2.6,"img":"https://fd9-photos.leclercdrive.fr/image.ashx?id=1691189&use=l&cat=p&typeid=i","cat":284745},{"id":51799,"n":"Classeur à levier Esquisse Violet - 5 cm","p":2.6,"img":"https://fd9-photos.leclercdrive.fr/image.ashx?id=1691192&use=l&cat=p&typeid=i","cat":284745},{"id":51822,"n":"Thé glacé Lipton Ice Tea Pêche - 4x50cl","p":3.97,"u":"1,99 €/L","img":"https://fd9-photos.leclercdrive.fr/image.ashx?id=2505471&use=l&cat=p&typeid=i","cat":295019},{"id":51864,"n":"Bière blonde Kronenbourg 4,2° - 6x25cl","p":3.74,"u":"2,49 €/L","img":"https://fd9-photos.leclercdrive.fr/image.ashx?id=2992747&use=l&cat=p&typeid=i","cat":334873},{"id":51904,"n":"Règle Esquisse 30cm - x1","p":0.75,"img":"https://fd9-photos.leclercdrive.fr/image.ashx?id=2726908&use=l&cat=p&typeid=i","cat":334133},{"id":51934,"n":"Goûter laitier Récré O'Lé Gourdes Chocolat - 12x85g","p":5.8,"u":"5,69 €/KG","img":"https://fd9-photos.leclercdrive.fr/image.ashx?id=2887035&use=l&cat=p&typeid=i","cat":284506},{"id":51935,"n":"Goûter laitier Récré O'Lé Gourdes Saveur Vanille - 12x85g","p":5.43,"u":"5,32 €/KG","img":"https://fd9-photos.leclercdrive.fr/image.ashx?id=2795213&use=l&cat=p&typeid=i","cat":284506},{"id":51936,"n":"Burger Very best Charal 220g","p":4.65,"u":"21,14 €/KG","img":"https://fd9-photos.leclercdrive.fr/image.ashx?id=2928498&use=l&cat=p&typeid=i","cat":333671},{"id":51939,"n":"Trio salade Florette Mâche roquette betterave - 175g","p":2.62,"u":"14,97 €/KG","img":"https://fd9-photos.leclercdrive.fr/image.ashx?id=2650534&use=l&cat=p&typeid=i","cat":284353},{"id":51978,"n":"Boisson au soja Nat&Vie Chocolat - 1L","p":1.4,"u":"1,40 €/L","img":"https://fd9-photos.leclercdrive.fr/image.ashx?id=2886457&use=l&cat=p&typeid=i","cat":316067},{"id":52001,"n":"Pâte à pizza fine Herta Rectangulaire - 390g","p":1.53,"u":"3,92 €/KG","img":"https://fd9-photos.leclercdrive.fr/image.ashx?id=2976110&use=l&cat=p&typeid=i","cat":333681},{"id":52002,"n":"HERTA Pâte à pizza fine & ronde 265g","p":1.23,"u":"4,64 €/KG","img":"https://fd9-photos.leclercdrive.fr/image.ashx?id=2975674&use=l&cat=p&typeid=i","cat":333681},{"id":52080,"n":"Emmental fromage rapé Les Croisés - 1kg","p":7.97,"u":"7,97 €/KG","img":"https://fd9-photos.leclercdrive.fr/image.ashx?id=2832990&use=l&cat=p&typeid=i","cat":314035},{"id":52082,"n":"Roulés Les Croisés Jambon fumé Fromage ail fines herbes - 100g","p":2.79,"u":"27,90 €/KG","img":"https://fd9-photos.leclercdrive.fr/image.ashx?id=2501682&use=l&cat=p&typeid=i","cat":314027},{"id":52089,"n":"Fromage Cantal Entre deux NRT  AOP - 220g","p":3.26,"u":"14,82 €/KG","img":"https://fd9-photos.leclercdrive.fr/image.ashx?id=1707556&use=l&cat=p&typeid=i","cat":314034},{"id":52094,"n":"Poulet rôti purée Côté Table Barquette - 300g","p":2.38,"u":"7,93 €/KG","img":"https://fd9-photos.leclercdrive.fr/image.ashx?id=2624001&use=l&cat=p&typeid=i","cat":284953},{"id":52104,"n":"Gaufres P'tit Deli Poudrées - 260g","p":1.69,"u":"6,50 €/KG","img":"https://fd9-photos.leclercdrive.fr/image.ashx?id=2968994&use=l&cat=p&typeid=i","cat":294777},{"id":52113,"n":"Jambon sec Saint Azay  8 tranches - 200g","p":4.09,"u":"20,45 €/KG","img":"https://fd9-photos.leclercdrive.fr/image.ashx?id=2872451&use=l&cat=p&typeid=i","cat":316007},{"id":52122,"n":"Limonade Sprink's Zero - 1.5L","p":0.59,"u":"0,39 €/L","img":"https://fd9-photos.leclercdrive.fr/image.ashx?id=2913681&use=l&cat=p&typeid=i","cat":284531},{"id":52124,"n":"Pâtes Tagliatelles Turini  Fraiches - 600g","p":1.89,"u":"3,15 €/KG","img":"https://fd9-photos.leclercdrive.fr/image.ashx?id=2823081&use=l&cat=p&typeid=i","cat":333682},{"id":52136,"n":"Mozzarella Pic'Express 250g","p":2.99,"u":"11,96 €/KG","img":"https://fd9-photos.leclercdrive.fr/image.ashx?id=2678800&use=l&cat=p&typeid=i","cat":319774},{"id":52141,"n":"Bâtonnets Dentastix Pedigree Moyen chien x7 - 180g","p":2.25,"u":"12,50 €/KG","img":"https://fd9-photos.leclercdrive.fr/image.ashx?id=2981301&use=l&cat=p&typeid=i","cat":294527},{"id":52142,"n":"Bâtonnets Dentastix Pedigree Grand chien x7 - 270g","p":2.91,"u":"10,78 €/KG","img":"https://fd9-photos.leclercdrive.fr/image.ashx?id=2877046&use=l&cat=p&typeid=i","cat":294527},{"id":52143,"n":"Bâtonnets Dentastix Pedigree Petit chien x7 - 110g","p":1.73,"u":"15,73 €/KG","img":"https://fd9-photos.leclercdrive.fr/image.ashx?id=2832338&use=l&cat=p&typeid=i","cat":294527},{"id":52148,"n":"Filet de poulet Fleury Michon pommes de terre - 300g","p":3.02,"u":"10,07 €/KG","img":"https://fd9-photos.leclercdrive.fr/image.ashx?id=2656754&use=l&cat=p&typeid=i","cat":333665},{"id":52203,"n":"boisson végétale soja bio  bjorg chocolat - 1l","p":2.9,"u":"2,90 €/L","img":"https://fd9-photos.leclercdrive.fr/image.ashx?id=2939433&use=l&cat=p&typeid=i","cat":316067},{"id":52206,"n":"Boisson végétale soja Bio Bjorg Vanille - 1L","p":2.65,"u":"2,65 €/L","img":"https://fd9-photos.leclercdrive.fr/image.ashx?id=2939436&use=l&cat=p&typeid=i","cat":316067},{"id":52246,"n":"Spray retouche L'Oréal Paris Magic Retouch Noir","p":8.96,"u":"119,47 €/L","img":"https://fd9-photos.leclercdrive.fr/image.ashx?id=2586420&use=l&cat=p&typeid=i","cat":288899},{"id":52249,"n":"Spray retouche L'Oréal Paris Magic Retouch Blond foncé","p":8.96,"u":"119,47 €/L","img":"https://fd9-photos.leclercdrive.fr/image.ashx?id=2586429&use=l&cat=p&typeid=i","cat":288899},{"id":52250,"n":"Spray Coloration L'Oréal Paris Magic Retouch Châtain","p":9.09,"u":"121,20 €/L","img":"https://fd9-photos.leclercdrive.fr/image.ashx?id=2586426&use=l&cat=p&typeid=i","cat":288899},{"id":52251,"n":"Spray retouche L'Oréal Paris Magic Retouch Châtain Foncé","p":8.32,"u":"110,93 €/L","img":"https://fd9-photos.leclercdrive.fr/image.ashx?id=2586423&use=l&cat=p&typeid=i","cat":288899},{"id":52335,"n":"Sauce tomate cuisinée Panzani Tube légumes - 180g","p":0.95,"u":"5,28 €/KG","img":"https://fd9-photos.leclercdrive.fr/image.ashx?id=2984751&use=l&cat=p&typeid=i","cat":288384},{"id":52367,"n":"Whisky Ballantine's Finest Blended Scotch 40% vol - 1,5L","p":32.18,"u":"21,45 €/L","img":"https://fd9-photos.leclercdrive.fr/image.ashx?id=3000833&use=l&cat=p&typeid=i","cat":284547},{"id":52384,"n":"Règle Double décimètre Esquisse 20 cm x1","p":0.5,"img":"https://fd9-photos.leclercdrive.fr/image.ashx?id=2943247&use=l&cat=p&typeid=i","cat":334133},{"id":52388,"n":"Crème anti-âge So Bio Etic Plaisir d'argan bio - 50ml","p":8.72,"u":"174,40 €/L","img":"https://fd9-photos.leclercdrive.fr/image.ashx?id=2988587&use=l&cat=p&typeid=i","cat":325345},{"id":52389,"n":"Gelée nuit anti âge So Bio Etic Argan bio - 40ml","p":8.99,"u":"224,75 €/L","img":"https://fd9-photos.leclercdrive.fr/image.ashx?id=2494734&use=l&cat=p&typeid=i","cat":325345},{"id":52391,"n":"Lotion micellaire So Bio Etic Tonifiante bio - 500ml","p":5.48,"u":"10,96 €/L","img":"https://fd9-photos.leclercdrive.fr/image.ashx?id=2909065&use=l&cat=p&typeid=i","cat":284603},{"id":52392,"n":"Contour yeux lèvres So Bio Etic Anti-âge Argan bio - 15ml","p":9.28,"u":"618,67 €/L","img":"https://fd9-photos.leclercdrive.fr/image.ashx?id=2494740&use=l&cat=p&typeid=i","cat":325345},{"id":52404,"n":"Yaourt nature bifidus Activia 12x125g","p":3.94,"u":"2,63 €/KG","img":"https://fd9-photos.leclercdrive.fr/image.ashx?id=2741703&use=l&cat=p&typeid=i","cat":315000},{"id":52539,"n":"Pur jus de citron Jardin Bio Bio - 50cl","p":2.91,"u":"5,82 €/L","img":"https://fd9-photos.leclercdrive.fr/image.ashx?id=3014524&use=l&cat=p&typeid=i","cat":288383},{"id":52582,"n":"Sauce Bolognaise Panzani - 210G","p":1.3,"u":"6,19 €/KG","img":"https://fd9-photos.leclercdrive.fr/image.ashx?id=2977927&use=l&cat=p&typeid=i","cat":287599},{"id":52618,"n":"Crème brulée Rians  3x100g","p":3.21,"u":"10,70 €/KG","img":"https://fd9-photos.leclercdrive.fr/image.ashx?id=2396246&use=l&cat=p&typeid=i","cat":284419},{"id":52625,"n":"Sauce Pommes de Terre Bénédicta - 255g","p":1.51,"u":"5,81 €/KG","img":"https://fd9-photos.leclercdrive.fr/image.ashx?id=2689925&use=l&cat=p&typeid=i","cat":318430},{"id":52631,"n":"Sauce Béarnaise Bénédicta - 260g","p":1.34,"u":"5,15 €/KG","img":"https://fd9-photos.leclercdrive.fr/image.ashx?id=2689931&use=l&cat=p&typeid=i","cat":318430},{"id":52632,"n":"Sauce au Poivre Bénédicta - 260g","p":1.41,"u":"5,42 €/KG","img":"https://fd9-photos.leclercdrive.fr/image.ashx?id=2689937&use=l&cat=p&typeid=i","cat":318430},{"id":52633,"n":"Sauce Tartare Bénédicta - 260g","p":1.46,"u":"5,62 €/KG","img":"https://fd9-photos.leclercdrive.fr/image.ashx?id=2689940&use=l&cat=p&typeid=i","cat":318430},{"id":52634,"n":"Sauce Bourguignonne Bénédicta - 260g","p":1.36,"u":"5,04 €/KG","img":"https://fd9-photos.leclercdrive.fr/image.ashx?id=2689943&use=l&cat=p&typeid=i","cat":318430},{"id":52673,"n":"Fromage Burger cheddar/emmental Président - 12 tranches - 200g","p":1.54,"u":"7,70 €/KG","img":"https://fd9-photos.leclercdrive.fr/image.ashx?id=2445024&use=l&cat=p&typeid=i","cat":314028},{"id":52679,"n":"Fromage cabecou Rians 22%mg - 3x35g","p":2.28,"u":"21,71 €/KG","img":"https://fd9-photos.leclercdrive.fr/image.ashx?id=2668455&use=l&cat=p&typeid=i","cat":314031},{"id":52684,"n":"Cheddar fromage râpé  Les Croisés - 200g","p":2.39,"u":"11,95 €/KG","img":"https://fd9-photos.leclercdrive.fr/image.ashx?id=2044381&use=l&cat=p&typeid=i","cat":314035},{"id":52688,"n":"Burrata Di Andria IGP  Tradizioni d'italia - 200g","p":4.79,"u":"23,95 €/KG","img":"https://fd9-photos.leclercdrive.fr/image.ashx?id=2904025&use=l&cat=p&typeid=i","cat":314026},{"id":52699,"n":"Comté Entremont Râpé - 2x70g","p":2.47,"u":"17,64 €/KG","img":"https://fd9-photos.leclercdrive.fr/image.ashx?id=2983162&use=l&cat=p&typeid=i","cat":314035},{"id":52704,"n":"Emmental Président 400g","p":4.39,"u":"10,98 €/KG","img":"https://fd9-photos.leclercdrive.fr/image.ashx?id=2752945&use=l&cat=p&typeid=i","cat":314034},{"id":52773,"n":"Céréales Crousti avoine Bjorg Chocolat  bio - 500g","p":4.69,"u":"9,38 €/KG","img":"https://fd9-photos.leclercdrive.fr/image.ashx?id=2906184&use=l&cat=p&typeid=i","cat":318651},{"id":52790,"n":"Fromage mi-chèvre Soignon 180g","p":2.07,"u":"11,50 €/KG","img":"https://fd9-photos.leclercdrive.fr/image.ashx?id=2734357&use=l&cat=p&typeid=i","cat":314031},{"id":52797,"n":"AOP Parmigiano Reggiano Tradizioni d'Italia - 60g","p":1.9,"u":"31,67 €/KG","img":"https://fd9-photos.leclercdrive.fr/image.ashx?id=2904028&use=l&cat=p&typeid=i","cat":314035},{"id":52804,"n":"Fromage à Raclette RichesMonts  Classique 18 Tranches - 420g","p":5.22,"u":"12,43 €/KG","img":"https://fd9-photos.leclercdrive.fr/image.ashx?id=2953489&use=l&cat=p&typeid=i","cat":314037},{"id":52806,"n":"Fromage à Tartiner St Môret  Nature Léger - 300g","p":3.78,"u":"12,60 €/KG","img":"https://fd9-photos.leclercdrive.fr/image.ashx?id=2914507&use=l&cat=p&typeid=i","cat":314029},{"id":52809,"n":"Fromage raclette Les Croisés 28%mg - 800g","p":7.39,"u":"9,24 €/KG","img":"https://fd9-photos.leclercdrive.fr/image.ashx?id=2969761&use=l&cat=p&typeid=i","cat":314037},{"id":52812,"n":"Yaourt nature bifidus Activia 16x125g","p":4.63,"u":"2,32 €/KG","img":"https://fd9-photos.leclercdrive.fr/image.ashx?id=2831675&use=l&cat=p&typeid=i","cat":315000},{"id":52816,"n":"yaourt nature bifidus Activia 8x125g","p":2.89,"u":"2,89 €/KG","img":"https://fd9-photos.leclercdrive.fr/image.ashx?id=2741709&use=l&cat=p&typeid=i","cat":315000},{"id":52818,"n":"Fromage à tartiner Boursin Figue et 3 noix - 150g","p":2.16,"u":"14,40 €/KG","img":"https://fd9-photos.leclercdrive.fr/image.ashx?id=2962062&use=l&cat=p&typeid=i","cat":314029},{"id":52933,"n":"Piles Long Lasting Duracell CR2025  Lithium 3V - x2","p":6.2,"u":"3,10 €/P","img":"https://fd9-photos.leclercdrive.fr/image.ashx?id=2831399&use=l&cat=p&typeid=i","cat":300572},{"id":52951,"n":"Café dosettes Tassimo Thé vert menthe x16","p":4.78,"u":"119,50 €/KG","img":"https://fd9-photos.leclercdrive.fr/image.ashx?id=2100368&use=l&cat=p&typeid=i","cat":293233},{"id":52958,"n":"Café dosettes Tassimo L'Or Espresso Classique x16","p":4.45,"u":"42,79 €/KG","img":"https://fd9-photos.leclercdrive.fr/image.ashx?id=2507335&use=l&cat=p&typeid=i","cat":293240},{"id":52961,"n":"Gnocchi Bio Village Bio - 300g","p":2.18,"u":"7,27 €/KG","img":"https://fd9-photos.leclercdrive.fr/image.ashx?id=1881383&use=l&cat=p&typeid=i","cat":333682},{"id":52962,"n":"Biscuits fourrés Prince Chocolat - 300g","p":1.34,"u":"4,47 €/KG","img":"https://fd9-photos.leclercdrive.fr/image.ashx?id=3014638&use=l&cat=p&typeid=i","cat":284488},{"id":52964,"n":"Essuie-tout blanc Mimosa Super absorbant - x4 compacts","p":4.95,"u":"1,24 €/P","img":"https://fd9-photos.leclercdrive.fr/image.ashx?id=2752628&use=l&cat=p&typeid=i","cat":284635},{"id":52979,"n":"Truite fumée de Bretagne NRT x4 - 120g","p":5.39,"u":"44,92 €/KG","img":"https://fd9-photos.leclercdrive.fr/image.ashx?id=2663851&use=l&cat=p&typeid=i","cat":285188},{"id":53003,"n":"Vin d'Espagne rouge Merlot Adrien Champaud - BIB 5L","p":9.99,"u":"2,00 €/L","img":"https://fd9-photos.leclercdrive.fr/image.ashx?id=2603130&use=l&cat=p&typeid=i","cat":289560},{"id":53004,"n":"Vin Espagne Cabernet Sauvignon rouge Adrien Champaud - BIB 5L","p":9.99,"u":"2,00 €/L","img":"https://fd9-photos.leclercdrive.fr/image.ashx?id=2119543&use=l&cat=p&typeid=i","cat":289556},{"id":53064,"n":"Eponges grattantes Mamison  Vaisselle délicate - x2","p":1.26,"u":"0,63 €/P","img":"https://fd9-photos.leclercdrive.fr/image.ashx?id=2202440&use=l&cat=p&typeid=i","cat":284667},{"id":53065,"n":"Eponges grattantes Mamison  Récurage difficile - x2","p":1.27,"u":"0,64 €/P","img":"https://fd9-photos.leclercdrive.fr/image.ashx?id=2207733&use=l&cat=p&typeid=i","cat":284667},{"id":53066,"n":"Diffuseur mini spray Bien Air Floral  - 15ml","p":1.69,"u":"112,67 €/L","img":"https://fd9-photos.leclercdrive.fr/image.ashx?id=2375699&use=l&cat=p&typeid=i","cat":311629},{"id":53069,"n":"Recharge désodorisant Bien Air  Muguet - 15ml","p":1.5,"u":"100,00 €/L","img":"https://fd9-photos.leclercdrive.fr/image.ashx?id=1256816&use=l&cat=p&typeid=i","cat":311629},{"id":53116,"n":"Rhum blanc agricole Damoiseau 50%vol - 1L","p":18.6,"pp":16.74,"u":"16,74 €/L","img":"https://fd9-photos.leclercdrive.fr/image.ashx?id=2021214&use=l&cat=p&typeid=i","cat":284550},{"id":53135,"n":"Crozets de Savoie NRT Nature - 400g","p":2.35,"u":"5,88 €/KG","img":"https://fd9-photos.leclercdrive.fr/image.ashx?id=2856226&use=l&cat=p&typeid=i","cat":284427},{"id":53165,"n":"Lomo Saint Azay 100g","p":2.69,"u":"26,90 €/KG","img":"https://fd9-photos.leclercdrive.fr/image.ashx?id=2453192&use=l&cat=p&typeid=i","cat":316007},{"id":53168,"n":"Snacks chats Tous mes amis Hygiène dentaire mini - 40g","p":0.99,"u":"24,75 €/KG","img":"https://fd9-photos.leclercdrive.fr/image.ashx?id=1946868&use=l&cat=p&typeid=i","cat":285285},{"id":53174,"n":"Chocolat noir Equador Caramel salé - 100g","p":1.39,"u":"13,90 €/KG","img":"https://fd9-photos.leclercdrive.fr/image.ashx?id=2553339&use=l&cat=p&typeid=i","cat":284956},{"id":53180,"n":"Panés au cabillaud Cap Océan 200g","p":3.06,"u":"15,30 €/KG","img":"https://fd9-photos.leclercdrive.fr/image.ashx?id=2543189&use=l&cat=p&typeid=i","cat":284344},{"id":53289,"n":"Gel Douche Cottage Monoi - 560ml","p":2.95,"u":"5,27 €/L","img":"https://fd9-photos.leclercdrive.fr/image.ashx?id=2063416&use=l&cat=p&typeid=i","cat":284594},{"id":53396,"n":"Yaourt nature bifidus Activia 4x125g","p":1.38,"u":"2,76 €/KG","img":"https://fd9-photos.leclercdrive.fr/image.ashx?id=2885944&use=l&cat=p&typeid=i","cat":315000},{"id":53434,"n":"Salade d'Alaska Menu Fraîcheur 300g","p":2.59,"u":"8,63 €/KG","img":"https://fd9-photos.leclercdrive.fr/image.ashx?id=2273331&use=l&cat=p&typeid=i","cat":333657},{"id":53465,"n":"Biscuit petit beurre P'tit Déli Chocolat lait 48% - 125g","p":1.49,"u":"11,92 €/KG","img":"https://fd9-photos.leclercdrive.fr/image.ashx?id=2059092&use=l&cat=p&typeid=i","cat":284488},{"id":53479,"n":"AOP Côtes du Rhône rouge Vieille Vignes - 75cl","p":3.69,"u":"4,92 €/L","img":"https://fd9-photos.leclercdrive.fr/image.ashx?id=2722396&use=l&cat=p&typeid=i","cat":289556},{"id":53508,"n":"Fine chapelure de pain Tipiak 275g","p":0.59,"u":"2,15 €/KG","img":"https://fd9-photos.leclercdrive.fr/image.ashx?id=2594124&use=l&cat=p&typeid=i","cat":288382},{"id":53594,"n":"Pâte à tartiner L. Georgelin Noisette Cacao bio - 280g","p":3.65,"u":"13,04 €/KG","img":"https://fd9-photos.leclercdrive.fr/image.ashx?id=1609595&use=l&cat=p&typeid=i","cat":284481},{"id":53606,"n":"Salade Mexicaine Côté Snack Au thon - 250g","p":1.9,"u":"7,60 €/KG","img":"https://fd9-photos.leclercdrive.fr/image.ashx?id=2884255&use=l&cat=p&typeid=i","cat":284437},{"id":53607,"n":"Salade Piémontaise Côté Snack Thon - 250g","p":1.9,"u":"7,60 €/KG","img":"https://fd9-photos.leclercdrive.fr/image.ashx?id=2394675&use=l&cat=p&typeid=i","cat":284437},{"id":53663,"n":"Dés d'épaule Fleury Michon - 2x75g","p":1.38,"u":"9,20 €/KG","img":"https://fd9-photos.leclercdrive.fr/image.ashx?id=2650429&use=l&cat=p&typeid=i","cat":316011},{"id":53669,"n":"Assortiment Justin Bridou  4 charcuteries - 260g","p":5.47,"u":"21,04 €/KG","img":"https://fd9-photos.leclercdrive.fr/image.ashx?id=2770783&use=l&cat=p&typeid=i","cat":316007},{"id":53776,"n":"Brioche tressée Pasquier Nature - 630g","p":2.75,"u":"4,37 €/KG","img":"https://fd9-photos.leclercdrive.fr/image.ashx?id=2850946&use=l&cat=p&typeid=i","cat":284478},{"id":53777,"n":"Brioche tressée Pasquier  Pépites - 630g","p":2.85,"u":"4,52 €/KG","img":"https://fd9-photos.leclercdrive.fr/image.ashx?id=2848809&use=l&cat=p&typeid=i","cat":284478},{"id":53783,"n":"Lait de coco Suzi Wan 200ml","p":1.23,"u":"6,15 €/L","img":"https://fd9-photos.leclercdrive.fr/image.ashx?id=3002177&use=l&cat=p&typeid=i","cat":288992},{"id":53816,"n":"Chocolats Ferrero Collection Assortiments x32- 359g","p":12.47,"u":"34,74 €/KG","img":"https://fd9-photos.leclercdrive.fr/image.ashx?id=2940507&use=l&cat=p&typeid=i","cat":327595},{"id":53820,"n":"Madeleines Armor Délices x13 - 430g","p":3.78,"u":"8,79 €/KG","img":"https://fd9-photos.leclercdrive.fr/image.ashx?id=2788688&use=l&cat=p&typeid=i","cat":284492},{"id":53839,"n":"Râpé 3 saveurs Président 200g","p":2.93,"u":"14,65 €/KG","img":"https://fd9-photos.leclercdrive.fr/image.ashx?id=2786006&use=l&cat=p&typeid=i","cat":314035},{"id":53899,"n":"Eau minérale gazeuse Perrier  Naturelle - 6x1L","p":3.72,"u":"0,62 €/L","img":"https://fd9-photos.leclercdrive.fr/image.ashx?id=2454463&use=l&cat=p&typeid=i","cat":284536},{"id":53902,"n":"Eau minérale gazeuse Perrier  Fines bulles - 6x1L","p":3.65,"u":"0,61 €/L","img":"https://fd9-photos.leclercdrive.fr/image.ashx?id=2830924&use=l&cat=p&typeid=i","cat":284536},{"id":53930,"n":"Foie gras canard Labeyrie Entier, torchon - 190g","p":24.88,"u":"130,95 €/KG","img":"https://fd9-photos.leclercdrive.fr/image.ashx?id=2770356&use=l&cat=p&typeid=i","cat":316008},{"id":53931,"n":"Fromage apéritif BoursinFromage Tomates et Basilic 20 roulés","p":3.72,"u":"37,20 €/KG","img":"https://fd9-photos.leclercdrive.fr/image.ashx?id=2918592&use=l&cat=p&typeid=i","cat":314027},{"id":53936,"n":"Dés de fromage salade Boursin Echalote ciboulette - 120g","p":2.45,"u":"20,42 €/KG","img":"https://fd9-photos.leclercdrive.fr/image.ashx?id=2865671&use=l&cat=p&typeid=i","cat":314027},{"id":53941,"n":"Fromage apéritif Boursin Echalote ciboulette 20 roulés","p":3.67,"u":"36,70 €/KG","img":"https://fd9-photos.leclercdrive.fr/image.ashx?id=2918595&use=l&cat=p&typeid=i","cat":314027},{"id":53944,"n":"Fromage à tartiner Boursin Ail et fines herbes - 250g","p":3.4,"u":"13,60 €/KG","img":"https://fd9-photos.leclercdrive.fr/image.ashx?id=2999853&use=l&cat=p&typeid=i","cat":314029},{"id":53946,"n":"Fromage à tartiner Boursin Echalote et ciboulette - 150g","p":2.16,"u":"14,40 €/KG","img":"https://fd9-photos.leclercdrive.fr/image.ashx?id=2962059&use=l&cat=p&typeid=i","cat":314029},{"id":54176,"n":"Pâte feuilletée sans gluten Chaque Jour Sans Gluten - 280g","p":1.99,"u":"7,11 €/KG","img":"https://fd9-photos.leclercdrive.fr/image.ashx?id=2051819&use=l&cat=p&typeid=i","cat":333681},{"id":54297,"n":"Désodorisant Bien Air Mèches actives, lavande - 375ml","p":1.65,"u":"4,40 €/L","img":"https://fd9-photos.leclercdrive.fr/image.ashx?id=2968997&use=l&cat=p&typeid=i","cat":311628},{"id":54298,"n":"Désodorisant Bien Air Mèche active muguet - 375ml","p":1.65,"u":"4,40 €/L","img":"https://fd9-photos.leclercdrive.fr/image.ashx?id=2777803&use=l&cat=p&typeid=i","cat":311628},{"id":54299,"n":"Désodorisant Bien Air Mèche active Fruit rouge 375ml","p":1.65,"u":"4,40 €/L","img":"https://fd9-photos.leclercdrive.fr/image.ashx?id=1462266&use=l&cat=p&typeid=i","cat":311628},{"id":54300,"n":"Désodorisant Bien Air Mèche active agrume 375ml","p":1.65,"u":"4,40 €/L","img":"https://fd9-photos.leclercdrive.fr/image.ashx?id=2777809&use=l&cat=p&typeid=i","cat":311628},{"id":54305,"n":"Crème Hydratante Nivea Men Visage Corps Mains - 150ml","p":3.06,"u":"20,40 €/L","img":"https://fd9-photos.leclercdrive.fr/image.ashx?id=3014596&use=l&cat=p&typeid=i","cat":284622},{"id":54311,"n":"Bière blonde Bio Jade 4.5%vol - 6x25cl","p":5.5,"u":"3,67 €/L","img":"https://fd9-photos.leclercdrive.fr/image.ashx?id=2511282&use=l&cat=p&typeid=i","cat":334873},{"id":54314,"n":"Pur Jus de tomates NRT Du Lot-et-Garonne - 1L","p":2.09,"u":"2,09 €/L","img":"https://fd9-photos.leclercdrive.fr/image.ashx?id=2590505&use=l&cat=p&typeid=i","cat":284523},{"id":54316,"n":"AOC Coteaux du Layon vin blanc Les Caractères - 75cl","p":6.99,"u":"9,32 €/L","img":"https://fd9-photos.leclercdrive.fr/image.ashx?id=2898762&use=l&cat=p&typeid=i","cat":289557},{"id":54344,"n":"Tablette chocolat Côte d'Or Chocolat lait/Amandes - 180g","p":4.06,"u":"22,56 €/KG","img":"https://fd9-photos.leclercdrive.fr/image.ashx?id=3009143&use=l&cat=p&typeid=i","cat":284497},{"id":54346,"n":"Barre Chocolatée KINDER Country  Céréales chocolat x10 - 235g","p":3.64,"u":"15,49 €/KG","img":"https://fd9-photos.leclercdrive.fr/image.ashx?id=2231942&use=l&cat=p&typeid=i","cat":284498},{"id":54385,"n":"Coupelles Ananas DDV Sirop léger - 4x70g","p":2.79,"u":"9,96 €/KG","img":"https://fd9-photos.leclercdrive.fr/image.ashx?id=2100793&use=l&cat=p&typeid=i","cat":284507},{"id":54386,"n":"Gâteau multicouche P'tit Déli Genoise fourré chocolat - 175g","p":1.27,"u":"7,26 €/KG","img":"https://fd9-photos.leclercdrive.fr/image.ashx?id=1756935&use=l&cat=p&typeid=i","cat":284495},{"id":54393,"n":"Spécialité de saucisse St Azay Sèche - 200g","p":3.05,"u":"15,25 €/KG","img":"https://fd9-photos.leclercdrive.fr/image.ashx?id=1075179&use=l&cat=p&typeid=i","cat":316006},{"id":54396,"n":"Salade Catalane Côté Snack Thon à la catalane - 250g","p":2.17,"u":"8,68 €/KG","img":"https://fd9-photos.leclercdrive.fr/image.ashx?id=2910589&use=l&cat=p&typeid=i","cat":284437},{"id":54404,"n":"Sauce Tomacouli Panzani - 3X200G","p":1.6,"u":"2,67 €/KG","img":"https://fd9-photos.leclercdrive.fr/image.ashx?id=2744623&use=l&cat=p&typeid=i","cat":288384},{"id":54405,"n":"Sauce Tomacouli Panzani - 700G","p":1.54,"u":"2,20 €/KG","img":"https://fd9-photos.leclercdrive.fr/image.ashx?id=2744632&use=l&cat=p&typeid=i","cat":288384},{"id":54416,"n":"Bâtonnet à macher Dentalife Chien moyen - 345g","p":3.67,"u":"10,64 €/KG","img":"https://fd9-photos.leclercdrive.fr/image.ashx?id=2896426&use=l&cat=p&typeid=i","cat":294527},{"id":54417,"n":"Barre chocolat lait P'tit Déli x5 - 130g","p":1.5,"u":"11,54 €/KG","img":"https://fd9-photos.leclercdrive.fr/image.ashx?id=2329179&use=l&cat=p&typeid=i","cat":284488},{"id":54418,"n":"Bâtonnet à mâche Dentalife Grand chien x12 - 426g","p":3.67,"u":"8,62 €/KG","img":"https://fd9-photos.leclercdrive.fr/image.ashx?id=2897342&use=l&cat=p&typeid=i","cat":294527},{"id":54420,"n":"Gel à raser Carré Homme Pour barbe difficile - 200ml","p":1.89,"u":"9,45 €/L","img":"https://fd9-photos.leclercdrive.fr/image.ashx?id=2976291&use=l&cat=p&typeid=i","cat":284617},{"id":54429,"n":"Jambon cru fumé forêt noire  Saint Azay - 6 tranches - 100g","p":1.99,"u":"19,90 €/KG","img":"https://fd9-photos.leclercdrive.fr/image.ashx?id=1975243&use=l&cat=p&typeid=i","cat":316007},{"id":54430,"n":"Salade Italienne Côté Snack Au thon - 250g","p":2.18,"u":"8,72 €/KG","img":"https://fd9-photos.leclercdrive.fr/image.ashx?id=2927910&use=l&cat=p&typeid=i","cat":284437},{"id":54471,"n":"Madeleines longues Le Ster Marbrées choco - 250g","p":1.6,"u":"6,40 €/KG","img":"https://fd9-photos.leclercdrive.fr/image.ashx?id=2962548&use=l&cat=p&typeid=i","cat":284492},{"id":54473,"n":"Madeleines longues Le Ster Nature  - 250g","p":1.54,"u":"6,16 €/KG","img":"https://fd9-photos.leclercdrive.fr/image.ashx?id=2962545&use=l&cat=p&typeid=i","cat":284492},{"id":54494,"n":"Biscuits Petit Ecolier LU Chocolat au lait - 2x150g","p":3.39,"u":"11,30 €/KG","img":"https://fd9-photos.leclercdrive.fr/image.ashx?id=3009122&use=l&cat=p&typeid=i","cat":284488},{"id":54496,"n":"Gâteaux fourrés Milka Chocolat - 175g","p":1.58,"u":"9,03 €/KG","img":"https://fd9-photos.leclercdrive.fr/image.ashx?id=3005338&use=l&cat=p&typeid=i","cat":284495},{"id":54504,"n":"Sandwich Club triple Jambon emmental - 230g","p":1.81,"u":"7,87 €/KG","img":"https://fd9-photos.leclercdrive.fr/image.ashx?id=2302546&use=l&cat=p&typeid=i","cat":333658},{"id":54520,"n":"Pâte a pizza Tablier Blanc Rectangle - 385g","p":1.3,"u":"3,38 €/KG","img":"https://fd9-photos.leclercdrive.fr/image.ashx?id=2635925&use=l&cat=p&typeid=i","cat":333681},{"id":54523,"n":"Nuggets végétales Végé - 200g","p":1.52,"u":"7,60 €/KG","img":"https://fd9-photos.leclercdrive.fr/image.ashx?id=2865263&use=l&cat=p&typeid=i","cat":316036},{"id":54549,"n":"Camembert Le Rustique  Spécial Affiné - 260g","p":2.9,"u":"11,15 €/KG","img":"https://fd9-photos.leclercdrive.fr/image.ashx?id=2792327&use=l&cat=p&typeid=i","cat":314033},{"id":54612,"n":"Corn Flakes bio Bio Village Nature - 375g","p":2.4,"u":"6,40 €/KG","img":"https://fd9-photos.leclercdrive.fr/image.ashx?id=2835226&use=l&cat=p&typeid=i","cat":309513},{"id":54853,"n":"Mini choux Tokapi  Saumon/aneth - 60g","p":0.92,"u":"15,33 €/KG","img":"https://fd9-photos.leclercdrive.fr/image.ashx?id=2063338&use=l&cat=p&typeid=i","cat":297000},{"id":54856,"n":"Mini choux Tokapi  Bleu-/noix60g","p":1.36,"u":"22,67 €/KG","img":"https://fd9-photos.leclercdrive.fr/image.ashx?id=2068019&use=l&cat=p&typeid=i","cat":297000},{"id":54857,"n":"Polenta Turini  500g","p":1.19,"u":"2,38 €/KG","img":"https://fd9-photos.leclercdrive.fr/image.ashx?id=1986826&use=l&cat=p&typeid=i","cat":284431},{"id":54860,"n":"Mix apéritif Bio Village  Bio -  120g","p":2.74,"u":"22,83 €/KG","img":"https://fd9-photos.leclercdrive.fr/image.ashx?id=1944243&use=l&cat=p&typeid=i","cat":284448},{"id":54865,"n":"Tablette chocolat Villars Chocolat au Lait Suisse - 100g","p":2.39,"u":"23,90 €/KG","img":"https://fd9-photos.leclercdrive.fr/image.ashx?id=2464276&use=l&cat=p&typeid=i","cat":284497},{"id":54944,"n":"Cône Nestlé Extrême  Café intense - 6x71g","p":3.82,"u":"8,97 €/KG","img":"https://fd9-photos.leclercdrive.fr/image.ashx?id=3000435&use=l&cat=p&typeid=i","cat":284264},{"id":54957,"n":"Cône Extrême Nestle Vanille Fraise - 6x71g","p":3.57,"u":"8,38 €/KG","img":"https://fd9-photos.leclercdrive.fr/image.ashx?id=2353113&use=l&cat=p&typeid=i","cat":284264},{"id":54958,"n":"Cône Extrême Nestle Menthe chocolat - 6x71g","p":3.5,"u":"8,22 €/KG","img":"https://fd9-photos.leclercdrive.fr/image.ashx?id=2737048&use=l&cat=p&typeid=i","cat":284264},{"id":54959,"n":"Cône Extrême Intense Nestle Pistache Chocolat - 6x71g","p":3.88,"u":"9,11 €/KG","img":"https://fd9-photos.leclercdrive.fr/image.ashx?id=2353116&use=l&cat=p&typeid=i","cat":284264},{"id":55090,"n":"AOP Bordeaux rouge Mouton Cadet - 75cl","p":6.95,"u":"9,27 €/L","img":"https://fd9-photos.leclercdrive.fr/image.ashx?id=2959940&use=l&cat=p&typeid=i","cat":289556},{"id":55102,"n":"Dentifrice expert Bionaïa Menthe Bio - 75ml","p":1.79,"u":"23,87 €/L","img":"https://fd9-photos.leclercdrive.fr/image.ashx?id=1952907&use=l&cat=p&typeid=i","cat":284612},{"id":55145,"n":"Allumettes Fleury Michon Jambon cuit - 2x75g","p":1.22,"u":"8,13 €/KG","img":"https://fd9-photos.leclercdrive.fr/image.ashx?id=2651047&use=l&cat=p&typeid=i","cat":316011},{"id":55160,"n":"Brioche tréssée Pasquier Tranchée Pépite chocolat - 500g","p":2.67,"u":"5,34 €/KG","img":"https://fd9-photos.leclercdrive.fr/image.ashx?id=2971969&use=l&cat=p&typeid=i","cat":284478},{"id":55197,"n":"Plat bébé soir Blédiner 12 mois Macaroni ratatouille - 2x200g","p":2.28,"u":"5,70 €/KG","img":"https://fd9-photos.leclercdrive.fr/image.ashx?id=2845826&use=l&cat=p&typeid=i","cat":312239},{"id":55206,"n":"Plat bébé Blédina 12 mois Pâtes tomate jambon - 2x200g","p":2.67,"u":"6,68 €/KG","img":"https://fd9-photos.leclercdrive.fr/image.ashx?id=2975071&use=l&cat=p&typeid=i","cat":312237},{"id":55254,"n":"Gâche ronde La Fournée Dorée Levain et crème fraîche - 500g","p":2.99,"u":"5,98 €/KG","img":"https://fd9-photos.leclercdrive.fr/image.ashx?id=2424560&use=l&cat=p&typeid=i","cat":284478},{"id":55260,"n":"Rôti de porc supérieur L'Atelier Charcuterie x4 -180g","p":3.68,"u":"20,44 €/KG","img":"https://fd9-photos.leclercdrive.fr/image.ashx?id=2998856&use=l&cat=p&typeid=i","cat":316009},{"id":55261,"n":"Pâté de campagne Breton L'Atelier Charcuterie - 170g","p":2.39,"u":"14,06 €/KG","img":"https://fd9-photos.leclercdrive.fr/image.ashx?id=2970426&use=l&cat=p&typeid=i","cat":316008},{"id":55262,"n":"Pâté Campagne Supérieur L'Atelier Charcuterie - 170g","p":2.08,"u":"12,24 €/KG","img":"https://fd9-photos.leclercdrive.fr/image.ashx?id=2905862&use=l&cat=p&typeid=i","cat":316008},{"id":55264,"n":"Mousse de foie Supérieure L'Atelier Charcuterie - 170g","p":2.19,"u":"12,88 €/KG","img":"https://fd9-photos.leclercdrive.fr/image.ashx?id=2882289&use=l&cat=p&typeid=i","cat":316008},{"id":55265,"n":"Mousse de canard Supérieure L'Atelier Charcuterie - 170g","p":2.71,"u":"15,94 €/KG","img":"https://fd9-photos.leclercdrive.fr/image.ashx?id=2882529&use=l&cat=p&typeid=i","cat":316008},{"id":55276,"n":"Brosse adhésive  Mamison Textile 36 feuilles","p":2.29,"img":"https://fd9-photos.leclercdrive.fr/image.ashx?id=1063565&use=l&cat=p&typeid=i","cat":284669},{"id":55281,"n":"Bougies d'anniversaire Ardence Bleues - x24","p":0.95,"u":"0,04 €/P","img":"https://fd9-photos.leclercdrive.fr/image.ashx?id=2980480&use=l&cat=p&typeid=i","cat":335913},{"id":55282,"n":"Bougies d'anniversaire Ardence Roses - x24","p":0.95,"u":"0,04 €/P","img":"https://fd9-photos.leclercdrive.fr/image.ashx?id=2980483&use=l&cat=p&typeid=i","cat":335913},{"id":55283,"n":"Bougies d'anniversaire Ardence Blanches  - x24","p":0.95,"u":"0,04 €/P","img":"https://fd9-photos.leclercdrive.fr/image.ashx?id=2980486&use=l&cat=p&typeid=i","cat":335913},{"id":55319,"n":"Steak haché 5%mg Charal Façon bouchère Bio x2 - 240g","p":6.19,"u":"25,79 €/KG","img":"https://fd9-photos.leclercdrive.fr/image.ashx?id=1919783&use=l&cat=p&typeid=i","cat":284332},{"id":55343,"n":"Biscuits à thé Delacre Tea Time Assortiment Boîte Métal - 1kg","p":13.22,"u":"13,22 €/KG","img":"https://fd9-photos.leclercdrive.fr/image.ashx?id=2867969&use=l&cat=p&typeid=i","cat":284490},{"id":55350,"n":"Mousse Michel et Augustin Chocolat noir - 245g","p":4.22,"u":"17,22 €/KG","img":"https://fd9-photos.leclercdrive.fr/image.ashx?id=2205634&use=l&cat=p&typeid=i","cat":284417},{"id":55351,"n":"Mousse Michel et Augustin Chocolat au lait - 245g","p":4.42,"u":"18,04 €/KG","img":"https://fd9-photos.leclercdrive.fr/image.ashx?id=2205637&use=l&cat=p&typeid=i","cat":284417},{"id":55415,"n":"Bougie Bien Air Anti-tabac 30h - x1","p":1.83,"img":"https://fd9-photos.leclercdrive.fr/image.ashx?id=2999613&use=l&cat=p&typeid=i","cat":284666},{"id":55429,"n":"Crème Chantilly UHT Président Aérosol sucré aromatisé - 250g","p":3.02,"u":"12,08 €/KG","img":"https://fd9-photos.leclercdrive.fr/image.ashx?id=2860169&use=l&cat=p&typeid=i","cat":284382},{"id":55435,"n":"Sardines à l'huile d'olive  Connétable - 3x55g","p":3.72,"u":"22,55 €/KG","img":"https://fd9-photos.leclercdrive.fr/image.ashx?id=2139052&use=l&cat=p&typeid=i","cat":305146},{"id":55439,"n":"Salade Niçoise Côté Snack Au thon - 250g","p":1.8,"u":"7,20 €/KG","img":"https://fd9-photos.leclercdrive.fr/image.ashx?id=2394672&use=l&cat=p&typeid=i","cat":284437},{"id":55442,"n":"Salade Parisienne Côté Snack Au thon - 250g","p":2.49,"u":"9,96 €/KG","img":"https://fd9-photos.leclercdrive.fr/image.ashx?id=2905919&use=l&cat=p&typeid=i","cat":284437},{"id":55573,"n":"Soda Coca-Cola Original Bouteille - 1L","p":1.7,"u":"1,70 €/L","img":"https://fd9-photos.leclercdrive.fr/image.ashx?id=2194409&use=l&cat=p&typeid=i","cat":284530},{"id":55642,"n":"Ramette Esquisse x500 - A4 - 100g - Ultra blanc","p":7.9,"img":"https://fd9-photos.leclercdrive.fr/image.ashx?id=2943250&use=l&cat=p&typeid=i","cat":284697},{"id":55664,"n":"Mini ruban correcteur Esquisse Multicoloris","p":1.99,"img":"https://fd9-photos.leclercdrive.fr/image.ashx?id=1703851&use=l&cat=p&typeid=i","cat":334133},{"id":55675,"n":"Punaises dorées Esquisse Boite - x100","p":0.9,"u":"0,01 €/P","img":"https://fd9-photos.leclercdrive.fr/image.ashx?id=1181761&use=l&cat=p&typeid=i","cat":334133},{"id":55686,"n":"Intercalaires Esquisse  x12 - A4","p":1.35,"img":"https://fd9-photos.leclercdrive.fr/image.ashx?id=2943244&use=l&cat=p&typeid=i","cat":284745},{"id":55687,"n":"Intercalaires Esquisse A4 - x6","p":0.99,"u":"0,17 €/P","img":"https://fd9-photos.leclercdrive.fr/image.ashx?id=2943241&use=l&cat=p&typeid=i","cat":284745},{"id":55700,"n":"Haricots Verts Cassegrain Extra Fins Ceuillis main 110g","p":1.31,"u":"11,91 €/KG","img":"https://fd9-photos.leclercdrive.fr/image.ashx?id=2913034&use=l&cat=p&typeid=i","cat":312606},{"id":55732,"n":"Intercalaires Esquisse x6 - Maxi 24x32mm","p":1.1,"img":"https://fd9-photos.leclercdrive.fr/image.ashx?id=2727725&use=l&cat=p&typeid=i","cat":284745},{"id":55766,"n":"AOP Crémant de Loire Brut - Lacheteau - 75cL","p":6.93,"u":"9,24 €/L","img":"https://fd9-photos.leclercdrive.fr/image.ashx?id=2431911&use=l&cat=p&typeid=i","cat":284545},{"id":55786,"n":"Crêpe fourrée Whaou Chocolat / Noisette x8 - 256g","p":2.29,"u":"8,95 €/KG","img":"https://fd9-photos.leclercdrive.fr/image.ashx?id=2962857&use=l&cat=p&typeid=i","cat":284494},{"id":55816,"n":"Lingettes désinfectantes 2en1 x10 lingettes","p":1.52,"img":"https://fd9-photos.leclercdrive.fr/image.ashx?id=1102583&use=l&cat=p&typeid=i","cat":284630},{"id":55887,"n":"Bougie Bien Air Vanille Caramel 30h - x1","p":1.8,"img":"https://fd9-photos.leclercdrive.fr/image.ashx?id=2932420&use=l&cat=p&typeid=i","cat":284666},{"id":55949,"n":"Riz soja bio Céréal Bio  à l'espagnol repas express-220g","p":2.39,"u":"10,86 €/KG","img":"https://fd9-photos.leclercdrive.fr/image.ashx?id=2575093&use=l&cat=p&typeid=i","cat":287600},{"id":56106,"n":"Stylo-bille 4 couleurs Bic Violet - Shine -x1","p":2.42,"img":"https://fd9-photos.leclercdrive.fr/image.ashx?id=2727743&use=l&cat=p&typeid=i","cat":284696},{"id":56107,"n":"Stylo-bille 4 couleurs Bic Rose - shine -x1","p":2.42,"img":"https://fd9-photos.leclercdrive.fr/image.ashx?id=1187788&use=l&cat=p&typeid=i","cat":284696},{"id":56108,"n":"Stylo-bille 4 couleurs Bic Bleu - shine -x1","p":2.42,"img":"https://fd9-photos.leclercdrive.fr/image.ashx?id=2727746&use=l&cat=p&typeid=i","cat":284696},{"id":56114,"n":"Rapporteur 180°  Maped Bleu - 12cm","p":0.86,"img":"https://fd9-photos.leclercdrive.fr/image.ashx?id=1189245&use=l&cat=p&typeid=i","cat":334133},{"id":56152,"n":"Calculatrice Esquisse Blanche","p":2.99,"u":"Dont 0,13 € d'éco-part.","img":"https://fd9-photos.leclercdrive.fr/image.ashx?id=1189948&use=l&cat=p&typeid=i","cat":334133},{"id":56153,"n":"Calculatrice poche Esquisse Rose","p":2.99,"u":"Dont 0,13 € d'éco-part.","img":"https://fd9-photos.leclercdrive.fr/image.ashx?id=2943355&use=l&cat=p&typeid=i","cat":334133},{"id":56154,"n":"Calculatrice poche Esquisse Bleu","p":2.99,"u":"Dont 0,13 € d'éco-part.","img":"https://fd9-photos.leclercdrive.fr/image.ashx?id=2943358&use=l&cat=p&typeid=i","cat":334133},{"id":56155,"n":"Jambon des Pyrénées NRT x4 - 100g","p":2.99,"u":"29,90 €/KG","img":"https://fd9-photos.leclercdrive.fr/image.ashx?id=2198074&use=l&cat=p&typeid=i","cat":316007},{"id":56156,"n":"Saucisson sec des Pyrénées NRT 250g","p":4.49,"u":"17,96 €/KG","img":"https://fd9-photos.leclercdrive.fr/image.ashx?id=2917178&use=l&cat=p&typeid=i","cat":316006},{"id":56157,"n":"Saucisse sèche des Pyrénées NRT 250g","p":4.49,"u":"17,96 €/KG","img":"https://fd9-photos.leclercdrive.fr/image.ashx?id=2201829&use=l&cat=p&typeid=i","cat":316006},{"id":56162,"n":"Lait concentré sucré Nestlé 1kg","p":4.07,"u":"4,07 €/KG","img":"https://fd9-photos.leclercdrive.fr/image.ashx?id=2906067&use=l&cat=p&typeid=i","cat":299162},{"id":56164,"n":"Protège-document Esquisse x1 Violet - A4 - 80 vues","p":2.49,"img":"https://fd9-photos.leclercdrive.fr/image.ashx?id=1196159&use=l&cat=p&typeid=i","cat":284745},{"id":56392,"n":"Chemise à élastiques Exacompta Rouge - 3 rabats 24x32cm","p":1.19,"img":"https://fd9-photos.leclercdrive.fr/image.ashx?id=1185741&use=l&cat=p&typeid=i","cat":284745},{"id":56393,"n":"Chemise à élastiques Exacompta Orange - 3 rabats 24x32cm","p":1.19,"img":"https://fd9-photos.leclercdrive.fr/image.ashx?id=1185744&use=l&cat=p&typeid=i","cat":284745},{"id":56394,"n":"Chemise à élastiques Exacompta Rose - 3 rabats 24x32cm","p":1.19,"img":"https://fd9-photos.leclercdrive.fr/image.ashx?id=1185747&use=l&cat=p&typeid=i","cat":284745},{"id":56395,"n":"Chemise à élastiques Exacompta Jaune - 3 rabats 24x32cm","p":1.19,"img":"https://fd9-photos.leclercdrive.fr/image.ashx?id=1185750&use=l&cat=p&typeid=i","cat":284745},{"id":56396,"n":"Chemise à élastiques Exacompta Vert clair - 3 rabats 24x32cm","p":1.19,"img":"https://fd9-photos.leclercdrive.fr/image.ashx?id=1185753&use=l&cat=p&typeid=i","cat":284745},{"id":56397,"n":"Chemise à élastiques Exacompta Vert - 3 rabats 24x32cm","p":1.19,"img":"https://fd9-photos.leclercdrive.fr/image.ashx?id=1185756&use=l&cat=p&typeid=i","cat":284745},{"id":56400,"n":"Chemise à élastiques Exacompta Violet - 3 rabats 24x32cm","p":1.19,"img":"https://fd9-photos.leclercdrive.fr/image.ashx?id=1185759&use=l&cat=p&typeid=i","cat":284745},{"id":56401,"n":"Chemise à élastiques Exacompta Bleu - 3 rabats 24x32cm","p":1.19,"img":"https://fd9-photos.leclercdrive.fr/image.ashx?id=1185762&use=l&cat=p&typeid=i","cat":284745},{"id":56402,"n":"Chemise à élastiques Exacompta Bleu ciel - 3 rabats 24x32cm","p":1.19,"img":"https://fd9-photos.leclercdrive.fr/image.ashx?id=1185765&use=l&cat=p&typeid=i","cat":284745},{"id":56418,"n":"Vinaigre de cidre Bio Village Bio 75cl","p":2.09,"u":"2,79 €/L","img":"https://fd9-photos.leclercdrive.fr/image.ashx?id=1069902&use=l&cat=p&typeid=i","cat":298543},{"id":56435,"n":"Bouillon Kub Or Maggi  Déshydraté dégraissé - 128g","p":1.58,"u":"12,34 €/KG","img":"https://fd9-photos.leclercdrive.fr/image.ashx?id=2953977&use=l&cat=p&typeid=i","cat":288379},{"id":56440,"n":"Biscuit Citron Yuzu GERBLE  sans sucre 6 132g","p":1.82,"u":"13,79 €/KG","img":"https://fd9-photos.leclercdrive.fr/image.ashx?id=2664016&use=l&cat=p&typeid=i","cat":318653},{"id":56444,"n":"Biscuits chocolat amande GERBLE  - 4x4, 200g","p":1.72,"u":"8,60 €/KG","img":"https://fd9-photos.leclercdrive.fr/image.ashx?id=2967004&use=l&cat=p&typeid=i","cat":318651},{"id":56452,"n":"Cookie Cacao GERBLE  sans sucres - 130g","p":2.28,"u":"17,54 €/KG","img":"https://fd9-photos.leclercdrive.fr/image.ashx?id=2575057&use=l&cat=p&typeid=i","cat":318653},{"id":56456,"n":"Biscuit Coco GERBLE  sans sucre - 132g","p":1.79,"u":"13,56 €/KG","img":"https://fd9-photos.leclercdrive.fr/image.ashx?id=2662826&use=l&cat=p&typeid=i","cat":318653},{"id":56464,"n":"Biscuit fourré cacao GERBLE   sans sucre 6 185g","p":2.7,"u":"14,59 €/KG","img":"https://fd9-photos.leclercdrive.fr/image.ashx?id=2662832&use=l&cat=p&typeid=i","cat":318653},{"id":56517,"n":"Eau minérale naturelle Contrex 6x1.5L","p":2.89,"u":"0,32 €/L","img":"https://fd9-photos.leclercdrive.fr/image.ashx?id=2758773&use=l&cat=p&typeid=i","cat":284535},{"id":56547,"n":"Flocons d'avoine bio Bio Village - 500g","p":1.48,"u":"2,96 €/KG","img":"https://fd9-photos.leclercdrive.fr/image.ashx?id=2068142&use=l&cat=p&typeid=i","cat":309512},{"id":56571,"n":"Tomates entières pelées bio Bio Village - 240g","p":1.04,"u":"4,33 €/KG","img":"https://fd9-photos.leclercdrive.fr/image.ashx?id=2302982&use=l&cat=p&typeid=i","cat":312608},{"id":56609,"n":"Fromage à tartiner Madame Loïk Fouetté Nature - 320g","p":3.08,"u":"9,63 €/KG","img":"https://fd9-photos.leclercdrive.fr/image.ashx?id=2967798&use=l&cat=p&typeid=i","cat":314029},{"id":56610,"n":"Fromage à tartiner Madame Loïk Fouetté Nature - 180g","p":1.94,"u":"10,78 €/KG","img":"https://fd9-photos.leclercdrive.fr/image.ashx?id=2948015&use=l&cat=p&typeid=i","cat":314029},{"id":56683,"n":"Pur jus d'ananas Bio Village  Bio - 1L","p":3.81,"u":"3,81 €/L","img":"https://fd9-photos.leclercdrive.fr/image.ashx?id=2901539&use=l&cat=p&typeid=i","cat":284916},{"id":56763,"n":"Vinaigre de vin Rustica  25cl","p":0.89,"u":"3,56 €/L","img":"https://fd9-photos.leclercdrive.fr/image.ashx?id=1072903&use=l&cat=p&typeid=i","cat":298543},{"id":56765,"n":"Vinaigre de cidre Rustica 25cl","p":0.79,"u":"3,16 €/L","img":"https://fd9-photos.leclercdrive.fr/image.ashx?id=1072906&use=l&cat=p&typeid=i","cat":298543},{"id":56767,"n":"Vinaigre balsamique Rustica De Modène - 25cl","p":1.27,"u":"5,08 €/L","img":"https://fd9-photos.leclercdrive.fr/image.ashx?id=1938915&use=l&cat=p&typeid=i","cat":298543},{"id":56845,"n":"Bâtonnets de poisson Findus  Colin d'Alaska MSC x16 - 448g","p":4.41,"u":"9,84 €/KG","img":"https://fd9-photos.leclercdrive.fr/image.ashx?id=2650684&use=l&cat=p&typeid=i","cat":319788},{"id":56861,"n":"Mini-flûtes Tokapi Tomate/olive/origan - 100g","p":1.59,"u":"15,90 €/KG","img":"https://fd9-photos.leclercdrive.fr/image.ashx?id=2374058&use=l&cat=p&typeid=i","cat":297000},{"id":56870,"n":"Saucisse de Toulouse Socopa 200g","p":2.08,"u":"10,40 €/KG","img":"https://fd9-photos.leclercdrive.fr/image.ashx?id=2250408&use=l&cat=p&typeid=i","cat":284334},{"id":56872,"n":"Tartiflette Côté Table  350g","p":2.9,"u":"8,29 €/KG","img":"https://fd9-photos.leclercdrive.fr/image.ashx?id=2970456&use=l&cat=p&typeid=i","cat":284953},{"id":56873,"n":"Hachis parmentier Côté Table 350g","p":2.53,"u":"7,23 €/KG","img":"https://fd9-photos.leclercdrive.fr/image.ashx?id=2393893&use=l&cat=p&typeid=i","cat":284953},{"id":56874,"n":"Lasagnes bolognaise Côté Table Barquette - 350g","p":2.39,"u":"6,83 €/KG","img":"https://fd9-photos.leclercdrive.fr/image.ashx?id=2125563&use=l&cat=p&typeid=i","cat":284953},{"id":56881,"n":"Bavettes marinées Socopa Fondue echalotes - x2 - 300g","p":6.49,"u":"21,63 €/KG","img":"https://fd9-photos.leclercdrive.fr/image.ashx?id=2414606&use=l&cat=p&typeid=i","cat":284328},{"id":56884,"n":"Merguez fortes Socopa  A la Marocaine - 6x55g","p":4.45,"u":"13,48 €/KG","img":"https://fd9-photos.leclercdrive.fr/image.ashx?id=2972859&use=l&cat=p&typeid=i","cat":284334},{"id":56889,"n":"Gel soin visage charbon Garnier Anti-Points Noirs - 150ml","p":4.26,"u":"28,40 €/L","img":"https://fd9-photos.leclercdrive.fr/image.ashx?id=2634190&use=l&cat=p&typeid=i","cat":284603},{"id":56935,"n":"Pâte à tartiner Nutella 400g","p":3.2,"u":"8,00 €/KG","img":"https://fd9-photos.leclercdrive.fr/image.ashx?id=2935645&use=l&cat=p&typeid=i","cat":284481},{"id":56953,"n":"Cordons bleus Côté Croc Au poulet x2 - 200g","p":1.59,"u":"7,95 €/KG","img":"https://fd9-photos.leclercdrive.fr/image.ashx?id=2795568&use=l&cat=p&typeid=i","cat":333683},{"id":56975,"n":"Saucisson sec Saint-Azay Pur porc - 250g","p":4.09,"u":"16,36 €/KG","img":"https://fd9-photos.leclercdrive.fr/image.ashx?id=2043026&use=l&cat=p&typeid=i","cat":316006},{"id":56996,"n":"Jus de fruit Jafaden  Pur jus multifruits - 2L","p":2.59,"u":"1,30 €/L","img":"https://fd9-photos.leclercdrive.fr/image.ashx?id=2920196&use=l&cat=p&typeid=i","cat":284917},{"id":57017,"n":"Friandises chat Catisfactions Poulet - 60g","p":1.1,"u":"18,33 €/KG","img":"https://fd9-photos.leclercdrive.fr/image.ashx?id=2914762&use=l&cat=p&typeid=i","cat":285285},{"id":57020,"n":"Ossau iraty NRT AOP  Fromage de brebis - 200g","p":3.99,"u":"19,95 €/KG","img":"https://fd9-photos.leclercdrive.fr/image.ashx?id=2342632&use=l&cat=p&typeid=i","cat":329184},{"id":57030,"n":"Fromage Morbier NRT AOP  250g","p":3.59,"u":"14,36 €/KG","img":"https://fd9-photos.leclercdrive.fr/image.ashx?id=2624034&use=l&cat=p&typeid=i","cat":329184},{"id":57034,"n":"Fromage Mini Mont d'Or NRT AOP  x1 - 400g","p":8.85,"u":"22,13 €/KG","img":"https://fd9-photos.leclercdrive.fr/image.ashx?id=2934844&use=l&cat=p&typeid=i","cat":314037},{"id":57040,"n":"Bière blanche 1664 Blanc 5° - 6x25cl","p":4.71,"u":"3,14 €/L","img":"https://fd9-photos.leclercdrive.fr/image.ashx?id=2886699&use=l&cat=p&typeid=i","cat":334878},{"id":57044,"n":"Bière blonde Kronenbourg 4,2° - 12x33cl canettes","p":8.11,"u":"2,05 €/L","img":"https://fd9-photos.leclercdrive.fr/image.ashx?id=2854366&use=l&cat=p&typeid=i","cat":334853},{"id":57070,"n":"Assortiment de pâtés en croûte x16 - 256g","p":4.45,"u":"17,38 €/KG","img":"https://fd9-photos.leclercdrive.fr/image.ashx?id=2576208&use=l&cat=p&typeid=i","cat":327280},{"id":57119,"n":"Super décapant cuisine Briochin Ecocert - 1L","p":3.68,"u":"3,68 €/L","img":"https://fd9-photos.leclercdrive.fr/image.ashx?id=3011401&use=l&cat=p&typeid=i","cat":325357},{"id":57121,"n":"Nettoyant salle de bain 3en1 Briochin - Ecocert - 750mL","p":3.23,"u":"4,31 €/L","img":"https://fd9-photos.leclercdrive.fr/image.ashx?id=3011398&use=l&cat=p&typeid=i","cat":325357},{"id":57183,"n":"Fromage blanc  Lait brebis - 400g","p":2.09,"u":"5,23 €/KG","img":"https://fd9-photos.leclercdrive.fr/image.ashx?id=1107900&use=l&cat=p&typeid=i","cat":314998},{"id":57184,"n":"Yaourt Lait de brebis Délisse Vanille - 4x125g","p":2.29,"u":"4,58 €/P","img":"https://fd9-photos.leclercdrive.fr/image.ashx?id=1433312&use=l&cat=p&typeid=i","cat":314998},{"id":57274,"n":"Boisson aux fruits Oasis Goût Pomme Cassis Framboise 1L","p":1.72,"u":"1,72 €/L","img":"https://fd9-photos.leclercdrive.fr/image.ashx?id=3011083&use=l&cat=p&typeid=i","cat":295018},{"id":57275,"n":"Boisson aux fruits Oasis Tropical - 1L","p":1.53,"u":"1,53 €/L","img":"https://fd9-photos.leclercdrive.fr/image.ashx?id=2666638&use=l&cat=p&typeid=i","cat":295018},{"id":57284,"n":"AOC Prosecco Riccadonna Extra Dry - 11° - 75cl","p":6.1,"u":"8,13 €/L","img":"https://fd9-photos.leclercdrive.fr/image.ashx?id=2666303&use=l&cat=p&typeid=i","cat":289461},{"id":57314,"n":"Risotto Fleury Michon Poulet et cèpes - 280g","p":3.11,"u":"11,11 €/KG","img":"https://fd9-photos.leclercdrive.fr/image.ashx?id=3003281&use=l&cat=p&typeid=i","cat":333665},{"id":57329,"n":"Ramette Clairefontaine Format A4 - 80g - x400","p":7.62,"img":"https://fd9-photos.leclercdrive.fr/image.ashx?id=1854593&use=l&cat=p&typeid=i","cat":284697},{"id":57354,"n":"Duo de Sel & Poivre La Baleine Sel 50G - Poivre 18G","p":2.32,"u":"34,12 €/KG","img":"https://fd9-photos.leclercdrive.fr/image.ashx?id=1752097&use=l&cat=p&typeid=i","cat":284457},{"id":57391,"n":"Salade Garden Sodebo Caesar Poulet - 240g","p":3.92,"u":"16,33 €/KG","img":"https://fd9-photos.leclercdrive.fr/image.ashx?id=2939496&use=l&cat=p&typeid=i","cat":333657},{"id":57435,"n":"Fromage blanc Bio Vrai Lait de brebis - 400g","p":2.27,"u":"5,68 €/KG","img":"https://fd9-photos.leclercdrive.fr/image.ashx?id=2517495&use=l&cat=p&typeid=i","cat":314998},{"id":57685,"n":"Pots bébé bio Babybio Légumes poulet - 6 mois - 400g","p":2.94,"u":"7,35 €/KG","img":"https://fd9-photos.leclercdrive.fr/image.ashx?id=2827422&use=l&cat=p&typeid=i","cat":312236},{"id":57687,"n":"Repas du soir Babybio - 8 mois Bio Patates douces - 2x200g","p":2.9,"u":"7,25 €/KG","img":"https://fd9-photos.leclercdrive.fr/image.ashx?id=2168291&use=l&cat=p&typeid=i","cat":312239},{"id":57688,"n":"Bols soir bébé bio Babybio Purée, courgette -8 mois-2x200g","p":2.71,"u":"6,78 €/KG","img":"https://fd9-photos.leclercdrive.fr/image.ashx?id=2859365&use=l&cat=p&typeid=i","cat":312239},{"id":57690,"n":"Assiette bébé soir bio Babybio Gratin de légumes -15 mois-260g","p":2.12,"u":"8,15 €/KG","img":"https://fd9-photos.leclercdrive.fr/image.ashx?id=2827539&use=l&cat=p&typeid=i","cat":312239},{"id":57691,"n":"Gourde bébé Babybio Bio 6 mois Pomme/poire/pêche - 4x90g","p":3.18,"u":"8,83 €/KG","img":"https://fd9-photos.leclercdrive.fr/image.ashx?id=2733319&use=l&cat=p&typeid=i","cat":312393},{"id":57693,"n":"Crème dessert bébé bio Babybio  Semoule cacao -8 mois- 4x85g","p":3.59,"u":"10,56 €/KG","img":"https://fd9-photos.leclercdrive.fr/image.ashx?id=2834527&use=l&cat=p&typeid=i","cat":312393},{"id":57694,"n":"Crème dessert bébé bio Babybio  Semoule vanille -6 mois- 4x85g","p":3.53,"u":"10,38 €/KG","img":"https://fd9-photos.leclercdrive.fr/image.ashx?id=2834530&use=l&cat=p&typeid=i","cat":312393},{"id":57696,"n":"Pots bébé bio Babybio - 6 mois  Légumes pâtes boeuf - 2x200g","p":2.97,"u":"7,43 €/KG","img":"https://fd9-photos.leclercdrive.fr/image.ashx?id=2838301&use=l&cat=p&typeid=i","cat":312236},{"id":57703,"n":"Bols bébé soir bio Babybio Légumes pâtes - 8 mois - 2x200g","p":2.78,"u":"6,95 €/KG","img":"https://fd9-photos.leclercdrive.fr/image.ashx?id=2838311&use=l&cat=p&typeid=i","cat":312239},{"id":57705,"n":"Compote bébé Babybio Bio 4 mois Mirabelle Pomme - 2x130g","p":1.96,"u":"7,54 €/KG","img":"https://fd9-photos.leclercdrive.fr/image.ashx?id=2834518&use=l&cat=p&typeid=i","cat":312387},{"id":57713,"n":"Vin Union européenne blanc Lichette Alouettes - 5L","p":13.42,"u":"2,68 €/L","img":"https://fd9-photos.leclercdrive.fr/image.ashx?id=2859194&use=l&cat=p&typeid=i","cat":289557},{"id":57720,"n":"Repas bébé Babybio - 8 mois Pomme de terre/Chevre - 2x200g","p":2.93,"u":"7,33 €/KG","img":"https://fd9-photos.leclercdrive.fr/image.ashx?id=2827524&use=l&cat=p&typeid=i","cat":312235},{"id":57764,"n":"Pâtes Farfalle Panzani  3 Minutes - 500G","p":1.16,"u":"2,32 €/KG","img":"https://fd9-photos.leclercdrive.fr/image.ashx?id=2896090&use=l&cat=p&typeid=i","cat":284427},{"id":57767,"n":"Tablette de chocolat noir Lindt Framboise intense - 100g","p":2.3,"u":"23,00 €/KG","img":"https://fd9-photos.leclercdrive.fr/image.ashx?id=2689484&use=l&cat=p&typeid=i","cat":318654},{"id":57768,"n":"Tablette de chocolat noir Lindt Sésame grillé - 100g","p":2.3,"u":"23,00 €/KG","img":"https://fd9-photos.leclercdrive.fr/image.ashx?id=2689490&use=l&cat=p&typeid=i","cat":284956},{"id":57772,"n":"Chocolat noir Lindt Création Menthe frappée - 150g","p":3.07,"u":"20,47 €/KG","img":"https://fd9-photos.leclercdrive.fr/image.ashx?id=2685817&use=l&cat=p&typeid=i","cat":284956},{"id":57775,"n":"Chocolat au lait Eco+ Noisette - 4x100g","p":3.08,"u":"7,70 €/KG","img":"https://fd9-photos.leclercdrive.fr/image.ashx?id=2775463&use=l&cat=p&typeid=i","cat":284497},{"id":57779,"n":"Capsules café Plantation Espresso n°5 - x16 - 92g","p":2.69,"u":"29,24 €/KG","img":"https://fd9-photos.leclercdrive.fr/image.ashx?id=2294552&use=l&cat=p&typeid=i","cat":293239},{"id":57783,"n":"Capsules café Plantation Espresso forte n°7 - x16 - 105g","p":2.99,"u":"28,48 €/KG","img":"https://fd9-photos.leclercdrive.fr/image.ashx?id=2294558&use=l&cat=p&typeid=i","cat":293239},{"id":57785,"n":"Capsules café Plantation Lungo n°6 - x16 - 99.2g","p":2.69,"u":"27,17 €/KG","img":"https://fd9-photos.leclercdrive.fr/image.ashx?id=2294561&use=l&cat=p&typeid=i","cat":293239},{"id":57786,"n":"Capsules café Plantation Gigante n°5 - x16 - 112g","p":2.99,"u":"26,70 €/KG","img":"https://fd9-photos.leclercdrive.fr/image.ashx?id=2310455&use=l&cat=p&typeid=i","cat":293239},{"id":57804,"n":"Tomato Ketchup Heinz - 570g","p":2.25,"u":"3,95 €/KG","img":"https://fd9-photos.leclercdrive.fr/image.ashx?id=2924944&use=l&cat=p&typeid=i","cat":284455},{"id":57812,"n":"Petits pots bébé P'TITE RECETTE Couscous 8M+ - 2x200g","p":1.81,"u":"4,53 €/KG","img":"https://fd9-photos.leclercdrive.fr/image.ashx?id=2525696&use=l&cat=p&typeid=i","cat":312236},{"id":57814,"n":"Petits pots bébé P'TITE RECETTE Hachis Parmentier 8M+ - 2x200g","p":1.86,"u":"4,65 €/KG","img":"https://fd9-photos.leclercdrive.fr/image.ashx?id=2629689&use=l&cat=p&typeid=i","cat":312236},{"id":57815,"n":"Petits pots bébé P'TITE RECETTE Spaghetti bolognaise 8m -2x200g","p":1.84,"u":"4,60 €/KG","img":"https://fd9-photos.leclercdrive.fr/image.ashx?id=2629683&use=l&cat=p&typeid=i","cat":312236},{"id":57816,"n":"Petits pots bébé P'TITE RECETTE Pot au feu 8M+ - 2x200g","p":2.11,"u":"5,28 €/KG","img":"https://fd9-photos.leclercdrive.fr/image.ashx?id=2518415&use=l&cat=p&typeid=i","cat":312236},{"id":57821,"n":"Petits pots bébé PTIT SOUPER pâtes courgettes 6M+ - 2x200g","p":2.05,"u":"5,13 €/KG","img":"https://fd9-photos.leclercdrive.fr/image.ashx?id=2526523&use=l&cat=p&typeid=i","cat":312239},{"id":57823,"n":"Petits pots bébé P'TIT SOUPER Carottes semoule 6M+ - 2x200g","p":1.88,"u":"4,70 €/KG","img":"https://fd9-photos.leclercdrive.fr/image.ashx?id=2527109&use=l&cat=p&typeid=i","cat":312239},{"id":57824,"n":"Petits pots bébé P'TIT SOUPER Risotto carottes 12M+ - 2x200g","p":2.02,"u":"5,05 €/KG","img":"https://fd9-photos.leclercdrive.fr/image.ashx?id=2526526&use=l&cat=p&typeid=i","cat":312239},{"id":57850,"n":"Culottes Always Discreet Taille M Plus - x9","p":9.01,"u":"1,00 €/P","img":"https://fd9-photos.leclercdrive.fr/image.ashx?id=2260051&use=l&cat=p&typeid=i","cat":284628},{"id":57883,"n":"Petits pots bébé P'TITE RECETTE  riz dinde 12M+ - 2x200g","p":1.84,"u":"4,60 €/KG","img":"https://fd9-photos.leclercdrive.fr/image.ashx?id=2629686&use=l&cat=p&typeid=i","cat":312237},{"id":57953,"n":"Papier cuisson Albal x16 feuilles","p":1.93,"img":"https://fd9-photos.leclercdrive.fr/image.ashx?id=2551447&use=l&cat=p&typeid=i","cat":334134},{"id":57956,"n":"Serviettes fuites urinaires  TENA Discreet - Mini - x20","p":3.57,"u":"0,18 €/P","img":"https://fd9-photos.leclercdrive.fr/image.ashx?id=2597241&use=l&cat=p&typeid=i","cat":284628},{"id":57957,"n":"Serviette Tena Lady Discreet - Normal - x12","p":3.46,"u":"0,29 €/P","img":"https://fd9-photos.leclercdrive.fr/image.ashx?id=2597235&use=l&cat=p&typeid=i","cat":284628},{"id":57958,"n":"Eau de toilette Alix De Faure Nature de feu - 100ml","p":4.55,"u":"45,50 €/L","img":"https://fd9-photos.leclercdrive.fr/image.ashx?id=2741300&use=l&cat=p&typeid=i","cat":287740},{"id":58119,"n":"Madeleines longue pépites sucre Le Ster x20 - 250g","p":1.57,"u":"6,28 €/KG","img":"https://fd9-photos.leclercdrive.fr/image.ashx?id=2962566&use=l&cat=p&typeid=i","cat":284492},{"id":58122,"n":"Colin d'Alaska Findus Façon meuniere - x2 - 250g","p":3.29,"u":"13,16 €/KG","img":"https://fd9-photos.leclercdrive.fr/image.ashx?id=2654914&use=l&cat=p&typeid=i","cat":319788},{"id":58141,"n":"Lentilles corail Bio Village Bio - 450g","p":1.97,"u":"4,38 €/KG","img":"https://fd9-photos.leclercdrive.fr/image.ashx?id=3002665&use=l&cat=p&typeid=i","cat":284430},{"id":58142,"n":"Confiture extra bio Bio Village Cassis - 370g","p":2.59,"u":"7,00 €/KG","img":"https://fd9-photos.leclercdrive.fr/image.ashx?id=2459587&use=l&cat=p&typeid=i","cat":284480},{"id":58143,"n":"Soin de jour L'Oréal Paris Age Perfect anti-âge - 50ml","p":11.97,"pp":7.9,"u":"158,00 €/L","img":"https://fd9-photos.leclercdrive.fr/image.ashx?id=2769744&use=l&cat=p&typeid=i","cat":325345},{"id":58201,"n":"Désodorisant Bien Air  Senteur muguet - 300ml","p":1.09,"u":"3,63 €/L","img":"https://fd9-photos.leclercdrive.fr/image.ashx?id=1186953&use=l&cat=p&typeid=i","cat":311626},{"id":58202,"n":"Désodorisant Bien Air Floral - 300ml","p":1.09,"u":"3,63 €/L","img":"https://fd9-photos.leclercdrive.fr/image.ashx?id=2614573&use=l&cat=p&typeid=i","cat":311626},{"id":58203,"n":"Désodorisant Bien Air  Fruits rouges - 300ml","p":1.35,"u":"4,50 €/L","img":"https://fd9-photos.leclercdrive.fr/image.ashx?id=1186959&use=l&cat=p&typeid=i","cat":311626},{"id":58205,"n":"Désodorisant Bien Air Vanille - 300ml","p":1.09,"u":"3,63 €/L","img":"https://fd9-photos.leclercdrive.fr/image.ashx?id=1186962&use=l&cat=p&typeid=i","cat":311626},{"id":58206,"n":"Désodorisant Bien Air Agrume, anti-tabac - 300ml","p":1.15,"u":"3,83 €/L","img":"https://fd9-photos.leclercdrive.fr/image.ashx?id=2613729&use=l&cat=p&typeid=i","cat":311626},{"id":58214,"n":"Carré gourmand Garden Gourmet Tomates et mozzarella 160g","p":2.26,"u":"14,13 €/KG","img":"https://fd9-photos.leclercdrive.fr/image.ashx?id=3009107&use=l&cat=p&typeid=i","cat":316036},{"id":58218,"n":"Croissants Côté Table Jambon emmental - 2x170g","p":2.92,"u":"8,59 €/KG","img":"https://fd9-photos.leclercdrive.fr/image.ashx?id=1470124&use=l&cat=p&typeid=i","cat":333671},{"id":58221,"n":"Feuilles de filo Tablier Blanc 250g","p":1.91,"u":"7,64 €/KG","img":"https://fd9-photos.leclercdrive.fr/image.ashx?id=1938591&use=l&cat=p&typeid=i","cat":333681},{"id":58222,"n":"Nuggets Côté Croc Fromage - 180g","p":1.84,"u":"10,22 €/KG","img":"https://fd9-photos.leclercdrive.fr/image.ashx?id=2462260&use=l&cat=p&typeid=i","cat":333684},{"id":58232,"n":"Pâte feuilletée Tablier Blanc Rectangulaire - 230g","p":1.14,"u":"4,96 €/KG","img":"https://fd9-photos.leclercdrive.fr/image.ashx?id=2635931&use=l&cat=p&typeid=i","cat":333681},{"id":58365,"n":"Tartelettes Chocolat P'tit Déli Fourrées au lait - 225g","p":1.39,"u":"6,18 €/KG","img":"https://fd9-photos.leclercdrive.fr/image.ashx?id=2523715&use=l&cat=p&typeid=i","cat":284488},{"id":58428,"n":"Sachet fraicheur chat Sheba Boeuf poulet en sauce - 6x50g","p":2.52,"u":"8,40 €/KG","img":"https://fd9-photos.leclercdrive.fr/image.ashx?id=2895927&use=l&cat=p&typeid=i","cat":285286},{"id":58444,"n":"Cacahuètes Benenuts-Twinuts Nature format familial - 260g","p":1.92,"u":"7,38 €/KG","img":"https://fd9-photos.leclercdrive.fr/image.ashx?id=2967744&use=l&cat=p&typeid=i","cat":284448},{"id":58449,"n":"Tomates pelées entières D'aucy 238g","p":0.97,"u":"4,08 €/KG","img":"https://fd9-photos.leclercdrive.fr/image.ashx?id=2503425&use=l&cat=p&typeid=i","cat":312608},{"id":58450,"n":"Tomates pelées entières D'aucy 476g","p":1.58,"u":"3,32 €/KG","img":"https://fd9-photos.leclercdrive.fr/image.ashx?id=2751996&use=l&cat=p&typeid=i","cat":312608},{"id":58451,"n":"Sachets repas chats Gourmet Mon Petit - Poisson - 6x50g","p":2.48,"u":"8,27 €/KG","img":"https://fd9-photos.leclercdrive.fr/image.ashx?id=2899686&use=l&cat=p&typeid=i","cat":285286},{"id":58453,"n":"Sachets repas chats Gourmet Mon Petit - Volaille - 6x50g","p":2.48,"u":"8,27 €/KG","img":"https://fd9-photos.leclercdrive.fr/image.ashx?id=2899689&use=l&cat=p&typeid=i","cat":285286},{"id":58457,"n":"Sachet repas chats Gourmet 12x85g","p":6.62,"u":"6,49 €/KG","img":"https://fd9-photos.leclercdrive.fr/image.ashx?id=2901124&use=l&cat=p&typeid=i","cat":285286},{"id":58459,"n":"Croquettes chat Purina One Adulte - Boeuf/Céréales - 1.5Kg","p":6.59,"u":"4,39 €/KG","img":"https://fd9-photos.leclercdrive.fr/image.ashx?id=2433548&use=l&cat=p&typeid=i","cat":284680},{"id":58463,"n":"Gâche tranchée La Fournée Dorée 500g","p":2.17,"u":"4,34 €/KG","img":"https://fd9-photos.leclercdrive.fr/image.ashx?id=2277956&use=l&cat=p&typeid=i","cat":284478},{"id":58490,"n":"Sauce Béchamel Maggi 350ml","p":1.57,"u":"4,49 €/L","img":"https://fd9-photos.leclercdrive.fr/image.ashx?id=2977726&use=l&cat=p&typeid=i","cat":288381},{"id":58491,"n":"Briochettes Navettes La Fournée dorée x8 - 400g","p":2.44,"u":"6,10 €/KG","img":"https://fd9-photos.leclercdrive.fr/image.ashx?id=2842777&use=l&cat=p&typeid=i","cat":284478},{"id":58502,"n":"Croquettes chat Purina One Stérilisé Adulte-Dinde/Blé -3kg","p":14.6,"u":"4,87 €/KG","img":"https://fd9-photos.leclercdrive.fr/image.ashx?id=2488055&use=l&cat=p&typeid=i","cat":284680},{"id":58505,"n":"Bière blonde Heineken Sans alcool - 6x25cl","p":4.23,"u":"2,82 €/L","img":"https://fd9-photos.leclercdrive.fr/image.ashx?id=2948528&use=l&cat=p&typeid=i","cat":334877},{"id":58511,"n":"Salami Danois fumé Eco+ 20 tranches - 200g","p":1.09,"u":"5,45 €/KG","img":"https://fd9-photos.leclercdrive.fr/image.ashx?id=2573713&use=l&cat=p&typeid=i","cat":316007},{"id":58512,"n":"Quiche Lorraine Eco+ 400g","p":1.79,"u":"4,48 €/KG","img":"https://fd9-photos.leclercdrive.fr/image.ashx?id=2843575&use=l&cat=p&typeid=i","cat":333680},{"id":58526,"n":"Salade cervelas Menu fraîcheur 300g","p":2.57,"u":"8,57 €/KG","img":"https://fd9-photos.leclercdrive.fr/image.ashx?id=2645957&use=l&cat=p&typeid=i","cat":333657},{"id":58529,"n":"Pâte à tartiner L.Georgelin Cacao noisettes - 400g","p":4.45,"u":"11,13 €/KG","img":"https://fd9-photos.leclercdrive.fr/image.ashx?id=1557088&use=l&cat=p&typeid=i","cat":284481},{"id":58530,"n":"Pâte à tartiner L. Georgelin Bio Noisettes cacao  400g","p":5.17,"u":"12,93 €/KG","img":"https://fd9-photos.leclercdrive.fr/image.ashx?id=1580439&use=l&cat=p&typeid=i","cat":284481},{"id":58548,"n":"Sachets repas chats Purina One Sauce boeuf poulet x4 - 340g","p":2.0,"u":"5,88 €/KG","img":"https://fd9-photos.leclercdrive.fr/image.ashx?id=2468239&use=l&cat=p&typeid=i","cat":285286},{"id":58578,"n":"Dessert bébé lacté Blédina 6m Fraise - 6x55g","p":2.22,"u":"6,73 €/KG","img":"https://fd9-photos.leclercdrive.fr/image.ashx?id=2952451&use=l&cat=p&typeid=i","cat":312392},{"id":58602,"n":"Haricots verts Rochefontaine Extra fins, bio - 180g","p":2.7,"u":"15,00 €/KG","img":"https://fd9-photos.leclercdrive.fr/image.ashx?id=2343588&use=l&cat=p&typeid=i","cat":312606},{"id":58603,"n":"Boudin blanc de Rethel NRT IGP - 350g","p":5.5,"u":"15,71 €/KG","img":"https://fd9-photos.leclercdrive.fr/image.ashx?id=2991503&use=l&cat=p&typeid=i","cat":316012},{"id":58613,"n":"Haricots verts Gillet  Extra fins, bocal - 345g","p":3.49,"u":"10,12 €/KG","img":"https://fd9-photos.leclercdrive.fr/image.ashx?id=1867183&use=l&cat=p&typeid=i","cat":312606},{"id":58618,"n":"Tarte Côté Table Saumon Poireau - 400g","p":3.09,"u":"7,73 €/KG","img":"https://fd9-photos.leclercdrive.fr/image.ashx?id=2791821&use=l&cat=p&typeid=i","cat":284257},{"id":58621,"n":"Asperges blanches Géant Vert mini - 110g","p":2.41,"u":"21,91 €/KG","img":"https://fd9-photos.leclercdrive.fr/image.ashx?id=2840554&use=l&cat=p&typeid=i","cat":312611},{"id":58625,"n":"Cœurs de palmiers Géant Vert - 220g","p":3.56,"u":"16,18 €/KG","img":"https://fd9-photos.leclercdrive.fr/image.ashx?id=2840560&use=l&cat=p&typeid=i","cat":312611},{"id":58626,"n":"Coeurs d'artichauts Géant Vert - 240g","p":2.93,"u":"12,21 €/KG","img":"https://fd9-photos.leclercdrive.fr/image.ashx?id=2840566&use=l&cat=p&typeid=i","cat":312611},{"id":58628,"n":"Galettes riz bio bjorg  Complet  - 130g","p":1.34,"u":"10,31 €/KG","img":"https://fd9-photos.leclercdrive.fr/image.ashx?id=2978002&use=l&cat=p&typeid=i","cat":318651},{"id":58646,"n":"Fromage AOP Comté Jura Flore 9 mois - 200g","p":3.98,"u":"19,90 €/KG","img":"https://fd9-photos.leclercdrive.fr/image.ashx?id=2765243&use=l&cat=p&typeid=i","cat":314036},{"id":58648,"n":"Comté AOP  15 mois - 200g","p":4.76,"u":"23,80 €/KG","img":"https://fd9-photos.leclercdrive.fr/image.ashx?id=2692575&use=l&cat=p&typeid=i","cat":314034},{"id":58655,"n":"Poêlée fermière Notre Jardin 750g","p":2.89,"u":"3,85 €/KG","img":"https://fd9-photos.leclercdrive.fr/image.ashx?id=2878597&use=l&cat=p&typeid=i","cat":319823},{"id":58692,"n":"Knack extra généreuse gril VPF Tradilège - x4 - 280g","p":2.6,"u":"9,29 €/P","img":"https://fd9-photos.leclercdrive.fr/image.ashx?id=2448324&use=l&cat=p&typeid=i","cat":316012},{"id":58703,"n":"Fraises entières Fruistar 650g","p":3.45,"u":"5,31 €/KG","img":"https://fd9-photos.leclercdrive.fr/image.ashx?id=2072623&use=l&cat=p&typeid=i","cat":284268},{"id":58715,"n":"Mini croque monsieur Côté Table x20 - 240g","p":4.64,"u":"19,33 €/KG","img":"https://fd9-photos.leclercdrive.fr/image.ashx?id=2217167&use=l&cat=p&typeid=i","cat":319774},{"id":58740,"n":"Haché à cuisiner Charal Happy Family - 600g","p":7.65,"u":"12,75 €/KG","img":"https://fd9-photos.leclercdrive.fr/image.ashx?id=2977330&use=l&cat=p&typeid=i","cat":319779},{"id":58944,"n":"Yaourts à boire Actimel Nature - 12x100g","p":3.9,"u":"3,25 €/KG","img":"https://fd9-photos.leclercdrive.fr/image.ashx?id=2996461&use=l&cat=p&typeid=i","cat":284415},{"id":58946,"n":"Yaourts à boire Actimel Multifruits - 8x100g","p":3.3,"u":"4,13 €/KG","img":"https://fd9-photos.leclercdrive.fr/image.ashx?id=2996464&use=l&cat=p&typeid=i","cat":284415},{"id":58987,"n":"Salade César Mix Buffet 250g","p":3.37,"u":"13,48 €/KG","img":"https://fd9-photos.leclercdrive.fr/image.ashx?id=2735569&use=l&cat=p&typeid=i","cat":333657},{"id":59025,"n":"Pur beurre cacahuète Jardin Bio Bio - 350g","p":3.79,"u":"10,83 €/KG","img":"https://fd9-photos.leclercdrive.fr/image.ashx?id=3000312&use=l&cat=p&typeid=i","cat":284481},{"id":59027,"n":"Dessert fruitier bio Jardin Bio Pomme nature - 680g","p":2.85,"u":"4,19 €/KG","img":"https://fd9-photos.leclercdrive.fr/image.ashx?id=2999297&use=l&cat=p&typeid=i","cat":284508},{"id":59037,"n":"Saumon fumé de Norvège Vici 10 tranches - 400g","p":11.8,"u":"29,50 €/KG","img":"https://fd9-photos.leclercdrive.fr/image.ashx?id=2023568&use=l&cat=p&typeid=i","cat":285188},{"id":59038,"n":"Café moulu L'Or Intense 100% Arabica - 2x250g","p":8.68,"u":"17,36 €/KG","img":"https://fd9-photos.leclercdrive.fr/image.ashx?id=2020062&use=l&cat=p&typeid=i","cat":284750},{"id":59041,"n":"Céréales Extra Kellogg's Chocolat au lait - 800g","p":4.86,"u":"6,08 €/KG","img":"https://fd9-photos.leclercdrive.fr/image.ashx?id=2694941&use=l&cat=p&typeid=i","cat":309512},{"id":59043,"n":"Lait en poudre Régilait Entier - 300g","p":2.64,"u":"8,80 €/KG","img":"https://fd9-photos.leclercdrive.fr/image.ashx?id=2110074&use=l&cat=p&typeid=i","cat":293236},{"id":59235,"n":"Café dosettes Tassimo L'Or Café Long Classique x24","p":6.68,"u":"42,82 €/KG","img":"https://fd9-photos.leclercdrive.fr/image.ashx?id=2100356&use=l&cat=p&typeid=i","cat":293240},{"id":59242,"n":"Gourde bébé Babybio Bio 6 mois Abricot/banane/pomme - 360g","p":3.51,"u":"9,75 €/KG","img":"https://fd9-photos.leclercdrive.fr/image.ashx?id=2850548&use=l&cat=p&typeid=i","cat":312393},{"id":59249,"n":"Huile de coco Jardin Bio Bio - 200ml","p":3.94,"u":"19,70 €/L","img":"https://fd9-photos.leclercdrive.fr/image.ashx?id=2790135&use=l&cat=p&typeid=i","cat":284453},{"id":59252,"n":"Café dosettes Tassimo Maxwell House - caramel x8","p":5.9,"u":"22,01 €/KG","img":"https://fd9-photos.leclercdrive.fr/image.ashx?id=2100254&use=l&cat=p&typeid=i","cat":293240},{"id":59253,"n":"Café dosettes Tassimo L'Or Petit Déjeuner Classique x24","p":7.06,"u":"35,48 €/KG","img":"https://fd9-photos.leclercdrive.fr/image.ashx?id=2100365&use=l&cat=p&typeid=i","cat":293240},{"id":59257,"n":"Café dosettes Tassimo Grand-mère - petit déjeuner x16","p":3.39,"u":"25,49 €/KG","img":"https://fd9-photos.leclercdrive.fr/image.ashx?id=2100359&use=l&cat=p&typeid=i","cat":293240},{"id":59271,"n":"Sauce tomate cuisinée Panzani Ail et oignon - 500g","p":1.64,"u":"3,28 €/KG","img":"https://fd9-photos.leclercdrive.fr/image.ashx?id=2884303&use=l&cat=p&typeid=i","cat":288384},{"id":59284,"n":"Maoam Mixx Haribo Sachet bonbons - 250g","p":1.83,"u":"7,32 €/KG","img":"https://fd9-photos.leclercdrive.fr/image.ashx?id=2876956&use=l&cat=p&typeid=i","cat":304250},{"id":59287,"n":"Cornichons Rustica 6 épices - 360g","p":2.31,"u":"6,42 €/KG","img":"https://fd9-photos.leclercdrive.fr/image.ashx?id=2916710&use=l&cat=p&typeid=i","cat":284458},{"id":59291,"n":"Sauce bolognaise Bio Village  Bio - 350g","p":1.69,"u":"4,83 €/KG","img":"https://fd9-photos.leclercdrive.fr/image.ashx?id=2753381&use=l&cat=p&typeid=i","cat":287599},{"id":59292,"n":"Œufs au plat Haribo Sachet bonbons - 300g","p":1.48,"u":"4,93 €/KG","img":"https://fd9-photos.leclercdrive.fr/image.ashx?id=2984892&use=l&cat=p&typeid=i","cat":304250},{"id":59293,"n":"Sauce provençale Bio Village  Bio - 350g","p":1.63,"u":"4,66 €/KG","img":"https://fd9-photos.leclercdrive.fr/image.ashx?id=2712995&use=l&cat=p&typeid=i","cat":287599},{"id":59296,"n":"Sauce tomate Bio Village  Basilic bio - 350g","p":1.63,"u":"4,66 €/KG","img":"https://fd9-photos.leclercdrive.fr/image.ashx?id=2696289&use=l&cat=p&typeid=i","cat":287599},{"id":59299,"n":"Bonbons KINDER Schoko-Bons Chocolat au lait - 225G","p":3.52,"u":"15,64 €/KG","img":"https://fd9-photos.leclercdrive.fr/image.ashx?id=2679633&use=l&cat=p&typeid=i","cat":304238},{"id":59305,"n":"Sauce American Burger Heinz - 230g","p":1.73,"u":"7,52 €/KG","img":"https://fd9-photos.leclercdrive.fr/image.ashx?id=2973354&use=l&cat=p&typeid=i","cat":318431},{"id":59307,"n":"Miami Pik Haribo Sachet bonbons acidulés - 200g","p":1.38,"u":"6,90 €/KG","img":"https://fd9-photos.leclercdrive.fr/image.ashx?id=2984895&use=l&cat=p&typeid=i","cat":304250},{"id":59311,"n":"Olives Apéro Tramier  À l'Ail 150g","p":2.18,"u":"14,53 €/KG","img":"https://fd9-photos.leclercdrive.fr/image.ashx?id=2639299&use=l&cat=p&typeid=i","cat":284458},{"id":59314,"n":"Huile d'Olive Tramier  Vierge Extra Biologique 75cl","p":8.99,"u":"11,99 €/L","img":"https://fd9-photos.leclercdrive.fr/image.ashx?id=2803916&use=l&cat=p&typeid=i","cat":284453},{"id":59319,"n":"Penne rigate Tradizioni Italia N°133 - 500g","p":1.52,"u":"3,04 €/KG","img":"https://fd9-photos.leclercdrive.fr/image.ashx?id=2297500&use=l&cat=p&typeid=i","cat":284427},{"id":59324,"n":"Pipe rigate Tradizioni d'Italia N°179 - 500g","p":1.59,"u":"3,18 €/KG","img":"https://fd9-photos.leclercdrive.fr/image.ashx?id=2247346&use=l&cat=p&typeid=i","cat":284427},{"id":59336,"n":"Barquette chien Cesar Terrine poulet - 300g","p":1.63,"u":"5,43 €/KG","img":"https://fd9-photos.leclercdrive.fr/image.ashx?id=2091323&use=l&cat=p&typeid=i","cat":284673},{"id":59339,"n":"Barquette chien sénior Cesar Terrine en gelée - 4x150g","p":3.84,"u":"6,40 €/KG","img":"https://fd9-photos.leclercdrive.fr/image.ashx?id=2091320&use=l&cat=p&typeid=i","cat":284673},{"id":59340,"n":"Barquette chien Cesar Terrine cœur légumes - 4x150g","p":3.86,"u":"6,43 €/KG","img":"https://fd9-photos.leclercdrive.fr/image.ashx?id=2091317&use=l&cat=p&typeid=i","cat":284673},{"id":59341,"n":"Barquette chien Cesar Terrine du jardin - 4x150g","p":3.64,"u":"6,07 €/KG","img":"https://fd9-photos.leclercdrive.fr/image.ashx?id=2091314&use=l&cat=p&typeid=i","cat":284673},{"id":59344,"n":"Barquette chien Cesar Terrine du jardin - 4x300g","p":6.64,"u":"5,53 €/KG","img":"https://fd9-photos.leclercdrive.fr/image.ashx?id=2091308&use=l&cat=p&typeid=i","cat":284673},{"id":59398,"n":"Café moulu L'Or Intense 100% Arabica - 3x250g","p":13.48,"u":"17,97 €/KG","img":"https://fd9-photos.leclercdrive.fr/image.ashx?id=2802377&use=l&cat=p&typeid=i","cat":284750},{"id":59407,"n":"Biscuits Choc&Choc Milka  175g","p":1.83,"u":"10,46 €/KG","img":"https://fd9-photos.leclercdrive.fr/image.ashx?id=2314599&use=l&cat=p&typeid=i","cat":284495},{"id":59419,"n":"Tomato Ketchup Heinz Offre Limitée - 570g","p":2.22,"u":"3,89 €/KG","img":"https://fd9-photos.leclercdrive.fr/image.ashx?id=2339760&use=l&cat=p&typeid=i","cat":284455},{"id":59499,"n":"Bière Chouffe Blonde 75cl","p":4.58,"u":"6,11 €/L","img":"https://fd9-photos.leclercdrive.fr/image.ashx?id=2959199&use=l&cat=p&typeid=i","cat":334872},{"id":59539,"n":"Pêches Douceur du Verger Sirop léger - 230 g","p":1.26,"u":"5,48 €/KG","img":"https://fd9-photos.leclercdrive.fr/image.ashx?id=2093153&use=l&cat=p&typeid=i","cat":284507},{"id":59553,"n":"Croustilles  Belin  Emmental - 138g","p":1.21,"u":"8,77 €/KG","img":"https://fd9-photos.leclercdrive.fr/image.ashx?id=3002267&use=l&cat=p&typeid=i","cat":284449},{"id":59556,"n":"Croustilles Belin Cacahuète - 138g","p":1.27,"u":"9,20 €/KG","img":"https://fd9-photos.leclercdrive.fr/image.ashx?id=3002270&use=l&cat=p&typeid=i","cat":284449},{"id":59563,"n":"Galette de maïs GERBLE Chocolat au lait - 124g","p":1.69,"u":"13,63 €/KG","img":"https://fd9-photos.leclercdrive.fr/image.ashx?id=2664034&use=l&cat=p&typeid=i","cat":318651},{"id":59564,"n":"Galette riz chocolat Gerblé   Chocolat noir - 130,4g","p":1.7,"u":"13,08 €/KG","img":"https://fd9-photos.leclercdrive.fr/image.ashx?id=2664037&use=l&cat=p&typeid=i","cat":318651},{"id":59565,"n":"Pâte à tartiner Nustikao 1kg","p":4.25,"u":"4,25 €/KG","img":"https://fd9-photos.leclercdrive.fr/image.ashx?id=3012860&use=l&cat=p&typeid=i","cat":284481},{"id":59655,"n":"Dentifrice Email Diamant Rouge - 75ml","p":3.48,"u":"46,40 €/L","img":"https://fd9-photos.leclercdrive.fr/image.ashx?id=1781297&use=l&cat=p&typeid=i","cat":284612},{"id":59687,"n":"Sardines Connetable Olive/citron - 135g","p":2.3,"u":"17,04 €/KG","img":"https://fd9-photos.leclercdrive.fr/image.ashx?id=2618951&use=l&cat=p&typeid=i","cat":305146},{"id":59695,"n":"Yaourt à la grecque YAOS Vanille - 4x125g","p":2.57,"u":"5,14 €/KG","img":"https://fd9-photos.leclercdrive.fr/image.ashx?id=3007972&use=l&cat=p&typeid=i","cat":314999},{"id":59714,"n":"Cacahuètes Tokapi  Grillées à sec - 200g","p":0.78,"u":"3,90 €/KG","img":"https://fd9-photos.leclercdrive.fr/image.ashx?id=2799781&use=l&cat=p&typeid=i","cat":284448},{"id":59715,"n":"Double concentré de tomates Tube - 200g","p":1.35,"u":"6,75 €/KG","img":"https://fd9-photos.leclercdrive.fr/image.ashx?id=2072728&use=l&cat=p&typeid=i","cat":288384},{"id":59722,"n":"Crème légère semi-épaisse  Bridélice 18%mg - 3x20cl","p":2.51,"u":"4,18 €/L","img":"https://fd9-photos.leclercdrive.fr/image.ashx?id=2904733&use=l&cat=p&typeid=i","cat":284381},{"id":59725,"n":"Bâtonnets Surimi Saveur Coraya  x12 - 180g","p":1.93,"u":"10,72 €/KG","img":"https://fd9-photos.leclercdrive.fr/image.ashx?id=2962677&use=l&cat=p&typeid=i","cat":285189},{"id":59728,"n":"Sucre Beghin Say Bourbon/vanille - 650g","p":3.57,"u":"5,49 €/KG","img":"https://fd9-photos.leclercdrive.fr/image.ashx?id=2766259&use=l&cat=p&typeid=i","cat":284502},{"id":59730,"n":"Blinis Cocktail Blini  x16 - 135g","p":1.33,"u":"9,85 €/KG","img":"https://fd9-photos.leclercdrive.fr/image.ashx?id=2971020&use=l&cat=p&typeid=i","cat":285191},{"id":59740,"n":"Tarama Blini Aux oeufs de cabillaud - 250g","p":2.83,"u":"11,32 €/KG","img":"https://fd9-photos.leclercdrive.fr/image.ashx?id=2960873&use=l&cat=p&typeid=i","cat":315999},{"id":59751,"n":"Rollmops au vinaigre  MSC Ronde des mers - 400g","p":2.29,"u":"5,73 €/KG","img":"https://fd9-photos.leclercdrive.fr/image.ashx?id=1973883&use=l&cat=p&typeid=i","cat":285190},{"id":59810,"n":"Chewing-gum 2FruityHollywood Fraise citron vert - 66g","p":1.74,"u":"26,36 €/KG","img":"https://fd9-photos.leclercdrive.fr/image.ashx?id=2670065&use=l&cat=p&typeid=i","cat":304251},{"id":59832,"n":"Secret de crème Président Semi-épaisse 25%mg - 3x20cl","p":4.03,"u":"6,72 €/L","img":"https://fd9-photos.leclercdrive.fr/image.ashx?id=2699861&use=l&cat=p&typeid=i","cat":284381},{"id":60015,"n":"Pancakes Pasquier x10 - 350g","p":1.97,"u":"5,63 €/KG","img":"https://fd9-photos.leclercdrive.fr/image.ashx?id=2688878&use=l&cat=p&typeid=i","cat":284495},{"id":60029,"n":"Brioche Harrys Mini Tressée Nature au sucre perlé - 210g","p":1.9,"u":"9,05 €/KG","img":"https://fd9-photos.leclercdrive.fr/image.ashx?id=2667742&use=l&cat=p&typeid=i","cat":284478},{"id":60051,"n":"Gâteaux Lulu L'Ourson Fraise - 150g","p":1.29,"u":"8,60 €/KG","img":"https://fd9-photos.leclercdrive.fr/image.ashx?id=3008050&use=l&cat=p&typeid=i","cat":284495},{"id":60053,"n":"Végétal Falafels Garden Gourmet Pois chiches 190g","p":3.19,"u":"16,79 €/KG","img":"https://fd9-photos.leclercdrive.fr/image.ashx?id=2988686&use=l&cat=p&typeid=i","cat":316036},{"id":60068,"n":"Pavé Gourmand Garden Gourmet Courgettes Fromage 180g","p":3.27,"u":"18,17 €/KG","img":"https://fd9-photos.leclercdrive.fr/image.ashx?id=2973294&use=l&cat=p&typeid=i","cat":316036},{"id":60118,"n":"Ratatouille niçoise D'aucy  750g","p":1.76,"u":"2,35 €/KG","img":"https://fd9-photos.leclercdrive.fr/image.ashx?id=2665904&use=l&cat=p&typeid=i","cat":312612},{"id":60124,"n":"Compotes Pom'Potes Gourdes  Pomme Nature - 4x90g","p":1.64,"u":"4,56 €/KG","img":"https://fd9-photos.leclercdrive.fr/image.ashx?id=2983003&use=l&cat=p&typeid=i","cat":284508},{"id":60128,"n":"Crème dessert bio les 2 vaches fondant chocolat - 4x125g","p":2.14,"u":"4,28 €/KG","img":"https://fd9-photos.leclercdrive.fr/image.ashx?id=2774012&use=l&cat=p&typeid=i","cat":285041},{"id":60138,"n":"Bûche de chèvre Bio Soignon 180g","p":2.97,"u":"16,50 €/KG","img":"https://fd9-photos.leclercdrive.fr/image.ashx?id=2676741&use=l&cat=p&typeid=i","cat":314031},{"id":60142,"n":"Lait Bio entier Grandlait Candia Bouteille - 6x1L","p":11.33,"u":"1,89 €/L","img":"https://fd9-photos.leclercdrive.fr/image.ashx?id=2735068&use=l&cat=p&typeid=i","cat":285610},{"id":60165,"n":"Boisson végétale Alpro noisette - 1l","p":2.17,"u":"2,17 €/L","img":"https://fd9-photos.leclercdrive.fr/image.ashx?id=2849602&use=l&cat=p&typeid=i","cat":316067},{"id":60171,"n":"boisson végétale lait d'amande grillée alpro -1l","p":2.14,"u":"2,14 €/L","img":"https://fd9-photos.leclercdrive.fr/image.ashx?id=2988671&use=l&cat=p&typeid=i","cat":316067},{"id":60174,"n":"Madeleine Bonne Maman  Chocolat au lait x10 - 300g","p":3.23,"u":"10,77 €/KG","img":"https://fd9-photos.leclercdrive.fr/image.ashx?id=2949940&use=l&cat=p&typeid=i","cat":284492},{"id":60175,"n":"Madeleines St Michel  Oeuf en plein air - 1kg","p":3.97,"u":"3,97 €/KG","img":"https://fd9-photos.leclercdrive.fr/image.ashx?id=2936194&use=l&cat=p&typeid=i","cat":284492},{"id":60204,"n":"Crêpes de landerneau Le Ster Le pâtissier x12 - 300g","p":2.08,"u":"6,93 €/KG","img":"https://fd9-photos.leclercdrive.fr/image.ashx?id=2962860&use=l&cat=p&typeid=i","cat":284494},{"id":60258,"n":"AOP Côteaux Varois en Provence Rosé Estandon Lumière - 75cl","p":6.65,"u":"8,87 €/L","img":"https://fd9-photos.leclercdrive.fr/image.ashx?id=2889460&use=l&cat=p&typeid=i","cat":289558},{"id":60365,"n":"Pain aux céréales tranché 300g","p":1.45,"u":"4,83 €/KG","img":"https://fd9-photos.leclercdrive.fr/image.ashx?id=2063149&use=l&cat=p&typeid=i","cat":284359},{"id":60382,"n":"Soin de jour L'Oréal Paris Age Perfect anti-rides - 50ml","p":11.97,"pp":7.9,"u":"158,00 €/L","img":"https://fd9-photos.leclercdrive.fr/image.ashx?id=2860355&use=l&cat=p&typeid=i","cat":325345},{"id":60538,"n":"Purée Délice Bonduelle Duo douceur - 780g","p":3.23,"u":"4,14 €/KG","img":"https://fd9-photos.leclercdrive.fr/image.ashx?id=2996521&use=l&cat=p&typeid=i","cat":319805},{"id":60539,"n":"Purée delice Bonduelle  Courgette Céleri Brocoli - 780g","p":3.61,"u":"4,63 €/KG","img":"https://fd9-photos.leclercdrive.fr/image.ashx?id=2910043&use=l&cat=p&typeid=i","cat":319805},{"id":60588,"n":"Emmental Président 250g","p":2.79,"u":"11,16 €/KG","img":"https://fd9-photos.leclercdrive.fr/image.ashx?id=2752942&use=l&cat=p&typeid=i","cat":314034},{"id":60637,"n":"Matière grasse St Hubert 41 à tartiner - 38% MG - 500g","p":3.48,"u":"6,96 €/KG","img":"https://fd9-photos.leclercdrive.fr/image.ashx?id=2734147&use=l&cat=p&typeid=i","cat":315229},{"id":60694,"n":"Avoine Alpina Savoie Bio - 500g","p":1.9,"u":"3,80 €/KG","img":"https://fd9-photos.leclercdrive.fr/image.ashx?id=2844554&use=l&cat=p&typeid=i","cat":309512},{"id":60774,"n":"Bière blonde Leffe 6,6% - 6x25cl","p":4.9,"u":"3,27 €/L","img":"https://fd9-photos.leclercdrive.fr/image.ashx?id=2995421&use=l&cat=p&typeid=i","cat":334852},{"id":60777,"n":"Brique de brebis Lou Pérac Fromage de brebis - 150g","p":2.77,"u":"18,47 €/KG","img":"https://fd9-photos.leclercdrive.fr/image.ashx?id=2785154&use=l&cat=p&typeid=i","cat":314031},{"id":60778,"n":"Tranche Salakis Fromage de brebis - 200g","p":2.63,"u":"13,15 €/KG","img":"https://fd9-photos.leclercdrive.fr/image.ashx?id=2729710&use=l&cat=p&typeid=i","cat":314026},{"id":60890,"n":"Chaussée aux moines 340g","p":2.89,"u":"8,50 €/KG","img":"https://fd9-photos.leclercdrive.fr/image.ashx?id=2830030&use=l&cat=p&typeid=i","cat":329184},{"id":60891,"n":"Camembert Président 250g","p":1.8,"u":"7,20 €/KG","img":"https://fd9-photos.leclercdrive.fr/image.ashx?id=2878873&use=l&cat=p&typeid=i","cat":314033},{"id":60892,"n":"Emmental râpé fondant Président 200g","p":2.04,"u":"10,20 €/KG","img":"https://fd9-photos.leclercdrive.fr/image.ashx?id=2488455&use=l&cat=p&typeid=i","cat":314035},{"id":60893,"n":"Brique fondante Président Fondante - 200g","p":2.31,"u":"11,55 €/KG","img":"https://fd9-photos.leclercdrive.fr/image.ashx?id=2652840&use=l&cat=p&typeid=i","cat":314033},{"id":60930,"n":"Thé Earl Grey Twinings x25 sachets - 50g","p":2.07,"u":"41,40 €/KG","img":"https://fd9-photos.leclercdrive.fr/image.ashx?id=2889817&use=l&cat=p&typeid=i","cat":293233},{"id":60931,"n":"Thé Ceylan Scotland Twinings x20 - 40g","p":2.43,"u":"60,75 €/KG","img":"https://fd9-photos.leclercdrive.fr/image.ashx?id=2893024&use=l&cat=p&typeid=i","cat":293233},{"id":60957,"n":"Boisson énergisante Red Bull Goût Myrtille, 250ml","p":1.2,"u":"4,80 €/L","img":"https://fd9-photos.leclercdrive.fr/image.ashx?id=2174528&use=l&cat=p&typeid=i","cat":284533},{"id":60974,"n":"Pur jus Tropicana Orange Pure Premium Sans pulpe - 1L","p":2.45,"u":"2,45 €/L","img":"https://fd9-photos.leclercdrive.fr/image.ashx?id=2586186&use=l&cat=p&typeid=i","cat":284521},{"id":60978,"n":"Roquefort AOP Société Fromage de brebis - 150g","p":2.91,"u":"19,40 €/KG","img":"https://fd9-photos.leclercdrive.fr/image.ashx?id=2729713&use=l&cat=p&typeid=i","cat":314032},{"id":61019,"n":"Camembert de Campagne Président 250g","p":2.42,"u":"9,68 €/KG","img":"https://fd9-photos.leclercdrive.fr/image.ashx?id=2892559&use=l&cat=p&typeid=i","cat":314033},{"id":61021,"n":"Risotto champignon poulet Marie 900g","p":4.37,"u":"4,86 €/KG","img":"https://fd9-photos.leclercdrive.fr/image.ashx?id=2996755&use=l&cat=p&typeid=i","cat":284254},{"id":61167,"n":"Crème légère épaisse Bridélice 15%mg - 497g","p":1.9,"u":"3,82 €/KG","img":"https://fd9-photos.leclercdrive.fr/image.ashx?id=2996578&use=l&cat=p&typeid=i","cat":284381},{"id":61169,"n":"Petit suisse NESQUIK Chocolat 6x60g","p":1.55,"u":"4,31 €/KG","img":"https://fd9-photos.leclercdrive.fr/image.ashx?id=3007933&use=l&cat=p&typeid=i","cat":284414},{"id":61293,"n":"Boisson Jafaden Orange carotte citron - 1L","p":1.89,"u":"1,89 €/L","img":"https://fd9-photos.leclercdrive.fr/image.ashx?id=2956753&use=l&cat=p&typeid=i","cat":284917},{"id":61596,"n":"Sauce au poivre Rustica Pot - 245g","p":1.13,"u":"4,61 €/KG","img":"https://fd9-photos.leclercdrive.fr/image.ashx?id=2045124&use=l&cat=p&typeid=i","cat":318430},{"id":61597,"n":"Sauce bourguignonne Rustica Pot - 250g","p":1.01,"u":"4,04 €/KG","img":"https://fd9-photos.leclercdrive.fr/image.ashx?id=1961467&use=l&cat=p&typeid=i","cat":318430},{"id":61600,"n":"Sauce kebab Rustica 252g","p":1.21,"u":"4,80 €/KG","img":"https://fd9-photos.leclercdrive.fr/image.ashx?id=2426097&use=l&cat=p&typeid=i","cat":318431},{"id":61605,"n":"Sauce barbecue Rustica Flacon souple - 280g","p":1.39,"u":"4,96 €/KG","img":"https://fd9-photos.leclercdrive.fr/image.ashx?id=2559704&use=l&cat=p&typeid=i","cat":318431},{"id":61607,"n":"Sauce andalousie Rustica Flacon souple - 249g","p":1.68,"u":"6,75 €/KG","img":"https://fd9-photos.leclercdrive.fr/image.ashx?id=2459153&use=l&cat=p&typeid=i","cat":318431},{"id":61609,"n":"Sauce Aïoli Bénédicta - 260g","p":1.44,"u":"5,54 €/KG","img":"https://fd9-photos.leclercdrive.fr/image.ashx?id=2689934&use=l&cat=p&typeid=i","cat":318430},{"id":61613,"n":"Sauce Pommes frites  Amora 448g","p":2.33,"u":"5,20 €/KG","img":"https://fd9-photos.leclercdrive.fr/image.ashx?id=2738227&use=l&cat=p&typeid=i","cat":318431},{"id":61626,"n":"Cocktail Douceur du Verger 4 fruits - Sirop léger - 250 g","p":1.5,"u":"6,00 €/KG","img":"https://fd9-photos.leclercdrive.fr/image.ashx?id=2114863&use=l&cat=p&typeid=i","cat":284507},{"id":61628,"n":"Fruits au sirop St Mamet Pêches - 245g","p":1.86,"u":"7,59 €/KG","img":"https://fd9-photos.leclercdrive.fr/image.ashx?id=2628428&use=l&cat=p&typeid=i","cat":284507},{"id":61631,"n":"Cocktail Douceur du Verger 4 fruits - Sirop léger- 500g","p":1.99,"u":"3,98 €/KG","img":"https://fd9-photos.leclercdrive.fr/image.ashx?id=2119151&use=l&cat=p&typeid=i","cat":284507},{"id":61634,"n":"Poires Douceur du Verger Sirop léger - 455 g","p":1.95,"u":"4,29 €/KG","img":"https://fd9-photos.leclercdrive.fr/image.ashx?id=2075957&use=l&cat=p&typeid=i","cat":284507},{"id":61638,"n":"Lentilles Préparées Cassegrain Tendres et Fondantes 460g","p":2.34,"u":"5,09 €/KG","img":"https://fd9-photos.leclercdrive.fr/image.ashx?id=3011047&use=l&cat=p&typeid=i","cat":312609},{"id":61641,"n":"Sirop d'érable Le Québécois Bio - 189ml","p":4.89,"u":"25,87 €/L","img":"https://fd9-photos.leclercdrive.fr/image.ashx?id=1601087&use=l&cat=p&typeid=i","cat":287643},{"id":61697,"n":"Eponges Spontex Multicolore - x3","p":1.33,"u":"0,44 €/P","img":"https://fd9-photos.leclercdrive.fr/image.ashx?id=2972847&use=l&cat=p&typeid=i","cat":284667},{"id":61706,"n":"Beurre Grand Fermage Demi-sel - 80% MG - 500g","p":5.21,"u":"10,42 €/KG","img":"https://fd9-photos.leclercdrive.fr/image.ashx?id=2916171&use=l&cat=p&typeid=i","cat":284379},{"id":61874,"n":"Gel shampooing douche Fa Men Perfect wave flacon - 250ml","p":1.86,"u":"7,44 €/L","img":"https://fd9-photos.leclercdrive.fr/image.ashx?id=2995091&use=l&cat=p&typeid=i","cat":284619},{"id":61968,"n":"AOP Petit Reblochon Le Pochat 240g","p":3.69,"u":"15,38 €/KG","img":"https://fd9-photos.leclercdrive.fr/image.ashx?id=2102764&use=l&cat=p&typeid=i","cat":314037},{"id":61976,"n":"Coeurs de palmiers Bio Village Bio - 250g","p":4.02,"u":"16,08 €/KG","img":"https://fd9-photos.leclercdrive.fr/image.ashx?id=2077463&use=l&cat=p&typeid=i","cat":312611},{"id":61983,"n":"Sachet repas Gourmet  Terrine coffret - 4x85g","p":1.98,"u":"5,82 €/KG","img":"https://fd9-photos.leclercdrive.fr/image.ashx?id=2901118&use=l&cat=p&typeid=i","cat":285286},{"id":61984,"n":"Sachet repas chat Gourmet  Perle duo de la mer - 4x85g","p":2.45,"u":"7,21 €/KG","img":"https://fd9-photos.leclercdrive.fr/image.ashx?id=2859866&use=l&cat=p&typeid=i","cat":285286},{"id":62001,"n":"Jus de citron jaune 1L","p":3.16,"u":"3,16 €/L","img":"https://fd9-photos.leclercdrive.fr/image.ashx?id=2656991&use=l&cat=p&typeid=i","cat":288383},{"id":62004,"n":"Cornichons Maille  Mini classique - 370g","p":3.96,"u":"10,70 €/KG","img":"https://fd9-photos.leclercdrive.fr/image.ashx?id=2916567&use=l&cat=p&typeid=i","cat":284458},{"id":62042,"n":"Haricots rouges D'aucy  500g","p":2.01,"u":"4,02 €/KG","img":"https://fd9-photos.leclercdrive.fr/image.ashx?id=2491190&use=l&cat=p&typeid=i","cat":312606},{"id":62043,"n":"Lentilles préparées D'aucy  265g","p":0.91,"u":"3,43 €/KG","img":"https://fd9-photos.leclercdrive.fr/image.ashx?id=2560600&use=l&cat=p&typeid=i","cat":312609},{"id":62045,"n":"Haricots verts Jardin Bio étic Bio sans sel - 345g","p":3.65,"u":"10,58 €/KG","img":"https://fd9-photos.leclercdrive.fr/image.ashx?id=2535010&use=l&cat=p&typeid=i","cat":312606},{"id":62050,"n":"Macédoine déjà égouttée D'aucy 265g","p":1.21,"u":"4,57 €/KG","img":"https://fd9-photos.leclercdrive.fr/image.ashx?id=2511601&use=l&cat=p&typeid=i","cat":312612},{"id":62054,"n":"Courgettes Cuisinées Cassegrain à la Provençale 185g","p":2.04,"u":"11,03 €/KG","img":"https://fd9-photos.leclercdrive.fr/image.ashx?id=2913022&use=l&cat=p&typeid=i","cat":312612},{"id":62055,"n":"Aubergines Cuisinées Cassegrain à la Provençale 185g","p":2.25,"u":"12,16 €/KG","img":"https://fd9-photos.leclercdrive.fr/image.ashx?id=2913019&use=l&cat=p&typeid=i","cat":312612},{"id":62057,"n":"Champignons Eco+ Entiers - 230g","p":1.11,"u":"4,83 €/KG","img":"https://fd9-photos.leclercdrive.fr/image.ashx?id=3014332&use=l&cat=p&typeid=i","cat":312610},{"id":62066,"n":"Lentilles cuisinées façon Sud-Ouest Cassegrain 410g","p":1.94,"u":"4,73 €/KG","img":"https://fd9-photos.leclercdrive.fr/image.ashx?id=2862131&use=l&cat=p&typeid=i","cat":312609},{"id":62067,"n":"Flageolets Préparés Cassegrain Extra Fins 130g","p":1.02,"u":"7,85 €/KG","img":"https://fd9-photos.leclercdrive.fr/image.ashx?id=2912980&use=l&cat=p&typeid=i","cat":312606},{"id":62083,"n":"Soda Schweppes Saveur Agrumes - 1L","p":1.57,"u":"1,57 €/L","img":"https://fd9-photos.leclercdrive.fr/image.ashx?id=2852414&use=l&cat=p&typeid=i","cat":284532},{"id":62094,"n":"Sauce fajitas Old El Paso à cuisiner doux - 395g","p":2.07,"u":"5,24 €/KG","img":"https://fd9-photos.leclercdrive.fr/image.ashx?id=2950852&use=l&cat=p&typeid=i","cat":288993},{"id":62095,"n":"Chips Tortilla Old El Paso Fajita - 185g","p":2.18,"u":"11,78 €/KG","img":"https://fd9-photos.leclercdrive.fr/image.ashx?id=2444522&use=l&cat=p&typeid=i","cat":288993},{"id":62112,"n":"Compotes Pom'Potes Gourdes  Pomme Nature - 12x90g","p":4.8,"u":"4,44 €/KG","img":"https://fd9-photos.leclercdrive.fr/image.ashx?id=3010927&use=l&cat=p&typeid=i","cat":284508},{"id":62120,"n":"Cookies Choco Sensation Milka Chocolat au lait - 312g","p":3.83,"u":"12,28 €/KG","img":"https://fd9-photos.leclercdrive.fr/image.ashx?id=3002279&use=l&cat=p&typeid=i","cat":325066},{"id":62123,"n":"Mini brownie Brossard Chocolat/noisette x8 - 240g","p":2.58,"u":"10,75 €/KG","img":"https://fd9-photos.leclercdrive.fr/image.ashx?id=2976830&use=l&cat=p&typeid=i","cat":294776},{"id":62128,"n":"Biscuits fourrés Prince Tout chocolat - 300g","p":1.45,"u":"4,83 €/KG","img":"https://fd9-photos.leclercdrive.fr/image.ashx?id=2528801&use=l&cat=p&typeid=i","cat":284488},{"id":62130,"n":"Cookies extra moelleux Granola Pépites de chocolat - 312g","p":3.77,"u":"12,08 €/KG","img":"https://fd9-photos.leclercdrive.fr/image.ashx?id=2306723&use=l&cat=p&typeid=i","cat":325066},{"id":62146,"n":"Brioche La Fournée Dorée Tranchée crème fraiche - 500g","p":2.23,"u":"4,46 €/KG","img":"https://fd9-photos.leclercdrive.fr/image.ashx?id=2415365&use=l&cat=p&typeid=i","cat":284478},{"id":62148,"n":"Brioch'burger La fournée Dorée x4 - 250g","p":1.67,"u":"6,68 €/KG","img":"https://fd9-photos.leclercdrive.fr/image.ashx?id=2765261&use=l&cat=p&typeid=i","cat":325067},{"id":62152,"n":"Graines de chia bio Happy Bio   250g","p":5.88,"u":"23,52 €/KG","img":"https://fd9-photos.leclercdrive.fr/image.ashx?id=2970990&use=l&cat=p&typeid=i","cat":318651},{"id":62160,"n":"Crêpe fourrée Cracky Whaou Noisette/Céréales x8 - 256g","p":2.49,"u":"9,73 €/KG","img":"https://fd9-photos.leclercdrive.fr/image.ashx?id=2996905&use=l&cat=p&typeid=i","cat":284494},{"id":62162,"n":"Donuts Curly 100g","p":1.13,"u":"11,30 €/KG","img":"https://fd9-photos.leclercdrive.fr/image.ashx?id=2446836&use=l&cat=p&typeid=i","cat":284449},{"id":62163,"n":"Madeleines coquilles St Michel chocolat au lait - 350g","p":3.59,"u":"10,26 €/KG","img":"https://fd9-photos.leclercdrive.fr/image.ashx?id=2936182&use=l&cat=p&typeid=i","cat":284492},{"id":62226,"n":"Soda Coca-Cola Sans Sucres Bouteille - 1L","p":1.3,"u":"1,30 €/L","img":"https://fd9-photos.leclercdrive.fr/image.ashx?id=2194418&use=l&cat=p&typeid=i","cat":284530},{"id":62238,"n":"Bière blonde Grimbergen Triple d'Abbaye -8° - 6x25cl","p":5.37,"u":"3,58 €/L","img":"https://fd9-photos.leclercdrive.fr/image.ashx?id=2317363&use=l&cat=p&typeid=i","cat":334852},{"id":62246,"n":"Soda au cola Pepsi La bouteille de 1.5L","p":1.16,"u":"0,77 €/L","img":"https://fd9-photos.leclercdrive.fr/image.ashx?id=2896318&use=l&cat=p&typeid=i","cat":284530},{"id":62251,"n":"Soda au cola Pepsi Zéro sucres La bouteille de 1.5L","p":1.13,"u":"0,75 €/L","img":"https://fd9-photos.leclercdrive.fr/image.ashx?id=2683130&use=l&cat=p&typeid=i","cat":284530},{"id":62252,"n":"Soda 7UP Citron et citron vert - 1.5L","p":1.17,"u":"0,78 €/L","img":"https://fd9-photos.leclercdrive.fr/image.ashx?id=2748545&use=l&cat=p&typeid=i","cat":284531},{"id":62303,"n":"yaourt fruits bio les 2 vaches brassé framboise - 4x115g","p":1.97,"u":"4,28 €/KG","img":"https://fd9-photos.leclercdrive.fr/image.ashx?id=2571533&use=l&cat=p&typeid=i","cat":284410},{"id":62333,"n":"Yaourt brassé Bio les 2 vaches Citron - 4x115g","p":1.85,"u":"4,02 €/KG","img":"https://fd9-photos.leclercdrive.fr/image.ashx?id=2571536&use=l&cat=p&typeid=i","cat":284410},{"id":62335,"n":"yaourt fruits bio les 2 vaches brassé myrtille - 4x115g","p":1.97,"u":"4,28 €/KG","img":"https://fd9-photos.leclercdrive.fr/image.ashx?id=2571530&use=l&cat=p&typeid=i","cat":284410},{"id":62340,"n":"Jus d'oranges pressées Andros 1.5L","p":4.25,"u":"2,83 €/L","img":"https://fd9-photos.leclercdrive.fr/image.ashx?id=2904272&use=l&cat=p&typeid=i","cat":285435},{"id":62357,"n":"Faisselle Rians Coulis framboise - 240g","p":1.93,"u":"8,04 €/KG","img":"https://fd9-photos.leclercdrive.fr/image.ashx?id=2522776&use=l&cat=p&typeid=i","cat":284410},{"id":62359,"n":"Jus d'oranges pressées  Sans pulpe Andros - 1.5L","p":4.08,"u":"2,72 €/L","img":"https://fd9-photos.leclercdrive.fr/image.ashx?id=2876104&use=l&cat=p&typeid=i","cat":285435},{"id":62417,"n":"Jus de pamplemousse rose pressé Andros - 1L","p":3.07,"u":"3,07 €/L","img":"https://fd9-photos.leclercdrive.fr/image.ashx?id=2928423&use=l&cat=p&typeid=i","cat":285435},{"id":62418,"n":"Jus d'oranges douces Andros 1L","p":3.48,"u":"3,48 €/L","img":"https://fd9-photos.leclercdrive.fr/image.ashx?id=2882638&use=l&cat=p&typeid=i","cat":285435},{"id":62481,"n":"Coton disque Bio Bionaïa x70","p":0.97,"u":"0,01 €/P","img":"https://fd9-photos.leclercdrive.fr/image.ashx?id=2434942&use=l&cat=p&typeid=i","cat":285593},{"id":62482,"n":"Coton-tige Bio Bionaïa x200 bâtonnets ouatés","p":0.86,"img":"https://fd9-photos.leclercdrive.fr/image.ashx?id=2481505&use=l&cat=p&typeid=i","cat":285593},{"id":62486,"n":"Quiche lorraine 400g","p":1.99,"u":"4,98 €/KG","img":"https://fd9-photos.leclercdrive.fr/image.ashx?id=2798421&use=l&cat=p&typeid=i","cat":333680},{"id":62497,"n":"Biscuit bébé Blédina 12 mois  Petit beurre pépites choco-133g","p":2.03,"u":"15,26 €/KG","img":"https://fd9-photos.leclercdrive.fr/image.ashx?id=2639344&use=l&cat=p&typeid=i","cat":312227},{"id":62571,"n":"Soda à l'orange Orangina 1L","p":1.68,"u":"1,68 €/L","img":"https://fd9-photos.leclercdrive.fr/image.ashx?id=2668413&use=l&cat=p&typeid=i","cat":284532},{"id":62573,"n":"Tonic soda Sprink's Zero - 1.5L","p":0.89,"u":"0,59 €/L","img":"https://fd9-photos.leclercdrive.fr/image.ashx?id=2913745&use=l&cat=p&typeid=i","cat":284531},{"id":62574,"n":"Bière ambrée Grimbergen 6,5° - 6x25cl","p":5.63,"u":"3,75 €/L","img":"https://fd9-photos.leclercdrive.fr/image.ashx?id=2293483&use=l&cat=p&typeid=i","cat":334852},{"id":62575,"n":"Coton disque Inell Rond confort x70","p":0.61,"u":"0,01 €/P","img":"https://fd9-photos.leclercdrive.fr/image.ashx?id=2169171&use=l&cat=p&typeid=i","cat":285593},{"id":62576,"n":"Bière blanche Grimbergen 6° - 6x25cl","p":5.23,"u":"3,49 €/L","img":"https://fd9-photos.leclercdrive.fr/image.ashx?id=2294375&use=l&cat=p&typeid=i","cat":334878},{"id":62581,"n":"Bière aromatisée Grimbergen Cerise 5,5° - 6x25cl","p":5.68,"u":"3,79 €/L","img":"https://fd9-photos.leclercdrive.fr/image.ashx?id=2312798&use=l&cat=p&typeid=i","cat":334878},{"id":62614,"n":"Pâte à tartiner Ovomaltine Crunchy - 360g","p":2.9,"u":"8,06 €/KG","img":"https://fd9-photos.leclercdrive.fr/image.ashx?id=2428645&use=l&cat=p&typeid=i","cat":284481},{"id":62619,"n":"Biscuits nappés Pépito Chocolat au lait - 2x192g","p":2.49,"u":"6,48 €/KG","img":"https://fd9-photos.leclercdrive.fr/image.ashx?id=2989444&use=l&cat=p&typeid=i","cat":284488},{"id":62667,"n":"Brosse à dents Aquafresh Medium x1","p":1.12,"img":"https://fd9-photos.leclercdrive.fr/image.ashx?id=2454013&use=l&cat=p&typeid=i","cat":284614},{"id":62668,"n":"Brosse à dents Sensodyne Extra souple x1","p":2.07,"pp":1.45,"img":"https://fd9-photos.leclercdrive.fr/image.ashx?id=2923633&use=l&cat=p&typeid=i","cat":284614},{"id":62675,"n":"Crème adhésive Polident  Hypoallergénique - 40g","p":3.6,"u":"90,00 €/KG","img":"https://fd9-photos.leclercdrive.fr/image.ashx?id=2303849&use=l&cat=p&typeid=i","cat":285158},{"id":62676,"n":"Gel douche bio So Bio Etic  Karité sans sulfate - 650ml","p":5.61,"u":"8,63 €/L","img":"https://fd9-photos.leclercdrive.fr/image.ashx?id=2850593&use=l&cat=p&typeid=i","cat":284594},{"id":62677,"n":"Gel douche bio So Bio Etic Aloe vera sans sulfate 650ml","p":5.66,"u":"8,71 €/L","img":"https://fd9-photos.leclercdrive.fr/image.ashx?id=2850596&use=l&cat=p&typeid=i","cat":284594},{"id":62678,"n":"Crème douche bio So Bio Etic Lait d'anesse - 650ml","p":5.49,"u":"8,45 €/L","img":"https://fd9-photos.leclercdrive.fr/image.ashx?id=2862515&use=l&cat=p&typeid=i","cat":284594},{"id":62681,"n":"Eau de javel Clair Parfum citron - 2L","p":0.98,"u":"0,49 €/L","img":"https://fd9-photos.leclercdrive.fr/image.ashx?id=2949206&use=l&cat=p&typeid=i","cat":284661},{"id":62682,"n":"Javel en gel Clair  Citron vert - 750ml","p":1.18,"u":"1,57 €/L","img":"https://fd9-photos.leclercdrive.fr/image.ashx?id=2843881&use=l&cat=p&typeid=i","cat":284661},{"id":62683,"n":"Détartrant Anti Calc Melitta Machine espresso - 2x40g","p":2.09,"u":"26,13 €/KG","img":"https://fd9-photos.leclercdrive.fr/image.ashx?id=2855346&use=l&cat=p&typeid=i","cat":284751},{"id":62697,"n":"Nappe damassée Homeside Blanche - 8m","p":1.61,"img":"https://fd9-photos.leclercdrive.fr/image.ashx?id=1659708&use=l&cat=p&typeid=i","cat":334134},{"id":62724,"n":"Biscuits Double Crème Oreo Vanille - 157g","p":1.17,"u":"7,45 €/KG","img":"https://fd9-photos.leclercdrive.fr/image.ashx?id=2160198&use=l&cat=p&typeid=i","cat":284488},{"id":62726,"n":"Compote bio Bio Village Bocal pomme - 625g","p":2.07,"u":"3,31 €/KG","img":"https://fd9-photos.leclercdrive.fr/image.ashx?id=1948042&use=l&cat=p&typeid=i","cat":284508},{"id":62727,"n":"Compote bio Bio Village Bocal pomme poire - 625g","p":2.1,"u":"3,36 €/KG","img":"https://fd9-photos.leclercdrive.fr/image.ashx?id=1948039&use=l&cat=p&typeid=i","cat":284508},{"id":62731,"n":"Abricots Douceur du Verger Sirop léger - 475 g","p":2.42,"u":"5,09 €/KG","img":"https://fd9-photos.leclercdrive.fr/image.ashx?id=2618235&use=l&cat=p&typeid=i","cat":284507},{"id":62733,"n":"Biscuits Choco Moo Milka Chocolat - 200g","p":1.67,"u":"8,35 €/KG","img":"https://fd9-photos.leclercdrive.fr/image.ashx?id=2990994&use=l&cat=p&typeid=i","cat":284488},{"id":62742,"n":"Gressins sésames bio Bio Village - 125g","p":1.52,"u":"12,16 €/KG","img":"https://fd9-photos.leclercdrive.fr/image.ashx?id=1944640&use=l&cat=p&typeid=i","cat":297000},{"id":62745,"n":"Palmiers bio Bio Village  Fromage - 100g","p":2.25,"u":"22,50 €/KG","img":"https://fd9-photos.leclercdrive.fr/image.ashx?id=1102083&use=l&cat=p&typeid=i","cat":297000},{"id":62753,"n":"Noix de cajou Bio Village  Bio Grillées - 100g","p":2.1,"u":"21,00 €/KG","img":"https://fd9-photos.leclercdrive.fr/image.ashx?id=2557890&use=l&cat=p&typeid=i","cat":284448},{"id":63170,"n":"Sucre de canne Daddy Petits morceaux - 1kg","p":2.34,"u":"2,34 €/KG","img":"https://fd9-photos.leclercdrive.fr/image.ashx?id=2276420&use=l&cat=p&typeid=i","cat":284502},{"id":63187,"n":"Préparation pour panna cotta  Bridélice UHT - 50cl","p":2.72,"u":"5,44 €/L","img":"https://fd9-photos.leclercdrive.fr/image.ashx?id=2639477&use=l&cat=p&typeid=i","cat":284382},{"id":63284,"n":"AOP Champagne Canard Duchêne Charles VII Brut - 75cl","p":29.5,"pp":26.55,"u":"35,40 €/L","img":"https://fd9-photos.leclercdrive.fr/image.ashx?id=2174390&use=l&cat=p&typeid=i","cat":284542},{"id":63304,"n":"Pizza Crust Sodebo Classic Jambon Emmental - 600g","p":4.86,"u":"8,10 €/KG","img":"https://fd9-photos.leclercdrive.fr/image.ashx?id=3008254&use=l&cat=p&typeid=i","cat":333679},{"id":63306,"n":"Pizza Crust Sodebo Buffalo boeuf poivrons - 600g","p":5.57,"u":"9,28 €/KG","img":"https://fd9-photos.leclercdrive.fr/image.ashx?id=3011197&use=l&cat=p&typeid=i","cat":333679},{"id":63320,"n":"Rhum Vieux Agricole AOC  Martinique 40%vol - 70cl","p":21.48,"u":"30,69 €/L","img":"https://fd9-photos.leclercdrive.fr/image.ashx?id=2731075&use=l&cat=p&typeid=i","cat":284550},{"id":63520,"n":"Pizza crust Sodebo Cheesy 4 fromages - 580g","p":4.82,"u":"8,31 €/KG","img":"https://fd9-photos.leclercdrive.fr/image.ashx?id=2912098&use=l&cat=p&typeid=i","cat":333679},{"id":63521,"n":"Penne au saumon Marie Crème d'épinard - 280g","p":3.06,"u":"10,93 €/KG","img":"https://fd9-photos.leclercdrive.fr/image.ashx?id=2317519&use=l&cat=p&typeid=i","cat":333665},{"id":63523,"n":"Crousty chicken Le Gaulois Long filet - 400g","p":5.1,"u":"12,75 €/KG","img":"https://fd9-photos.leclercdrive.fr/image.ashx?id=2968214&use=l&cat=p&typeid=i","cat":333684},{"id":63540,"n":"Sauce barbecue Rustica 280g","p":1.38,"u":"4,93 €/KG","img":"https://fd9-photos.leclercdrive.fr/image.ashx?id=2954370&use=l&cat=p&typeid=i","cat":318431},{"id":63541,"n":"Sauce barbecue Rustica 560g","p":1.78,"u":"3,18 €/KG","img":"https://fd9-photos.leclercdrive.fr/image.ashx?id=2092948&use=l&cat=p&typeid=i","cat":318431},{"id":63669,"n":"Chewing-gum Hollywood Menthe forte power fresh- 70g","p":2.37,"u":"33,86 €/KG","img":"https://fd9-photos.leclercdrive.fr/image.ashx?id=2670080&use=l&cat=p&typeid=i","cat":304251},{"id":63671,"n":"Chewing-gum Blancheur Hollywood Menthe polaire - 70g","p":2.55,"u":"36,43 €/KG","img":"https://fd9-photos.leclercdrive.fr/image.ashx?id=2669415&use=l&cat=p&typeid=i","cat":304251},{"id":63712,"n":"AOC Martinique Rhum blanc  Agricole HSE 40° - 1L","p":15.48,"u":"15,48 €/L","img":"https://fd9-photos.leclercdrive.fr/image.ashx?id=2902019&use=l&cat=p&typeid=i","cat":284550},{"id":63714,"n":"AOC Martinique Rhum blanc  HSE 50° - 70cl","p":13.9,"u":"19,86 €/L","img":"https://fd9-photos.leclercdrive.fr/image.ashx?id=2686939&use=l&cat=p&typeid=i","cat":284550},{"id":63716,"n":"AOC Martinique Rhum blanc Agricole HSE 55° - 1L","p":19.41,"u":"19,41 €/L","img":"https://fd9-photos.leclercdrive.fr/image.ashx?id=2021451&use=l&cat=p&typeid=i","cat":284550},{"id":63722,"n":"Liqueur Herbes Jagermeister 35° - 70cl","p":18.48,"u":"26,40 €/L","img":"https://fd9-photos.leclercdrive.fr/image.ashx?id=2474740&use=l&cat=p&typeid=i","cat":286032},{"id":63756,"n":"Pur jus Tropicana Orange Pure Premium Avec pulpe - 1L","p":2.5,"u":"2,50 €/L","img":"https://fd9-photos.leclercdrive.fr/image.ashx?id=2605668&use=l&cat=p&typeid=i","cat":284521},{"id":63759,"n":"Pur Jus Jafaden Mutlifruits - 2L","p":2.75,"u":"1,38 €/L","img":"https://fd9-photos.leclercdrive.fr/image.ashx?id=2762955&use=l&cat=p&typeid=i","cat":284917},{"id":63762,"n":"Boisson aux fruits Oasis Tropical - 6x33cl","p":3.51,"u":"1,77 €/L","img":"https://fd9-photos.leclercdrive.fr/image.ashx?id=2900812&use=l&cat=p&typeid=i","cat":295018},{"id":63768,"n":"Boisson aux fruits Oasis Pomme Cassis Framboise - 6x33cl","p":3.58,"u":"1,81 €/L","img":"https://fd9-photos.leclercdrive.fr/image.ashx?id=3014449&use=l&cat=p&typeid=i","cat":295018},{"id":63794,"n":"Soda Schweppes Saveur Citron - 6x33cl","p":3.47,"u":"1,75 €/L","img":"https://fd9-photos.leclercdrive.fr/image.ashx?id=2852743&use=l&cat=p&typeid=i","cat":284532},{"id":63795,"n":"Soda Schweppes Indian Tonic - 6x33cl","p":3.65,"u":"1,84 €/L","img":"https://fd9-photos.leclercdrive.fr/image.ashx?id=2852423&use=l&cat=p&typeid=i","cat":284531},{"id":63797,"n":"Soda Schweppes Saveur Agrumes - 6x33cl","p":3.28,"u":"1,66 €/L","img":"https://fd9-photos.leclercdrive.fr/image.ashx?id=2852737&use=l&cat=p&typeid=i","cat":284532},{"id":63798,"n":"Soda Schweppes Saveur Agrumes Zero - 6x33cl","p":3.08,"u":"1,56 €/L","img":"https://fd9-photos.leclercdrive.fr/image.ashx?id=2852740&use=l&cat=p&typeid=i","cat":284532},{"id":63814,"n":"Pur jus Tropicana Orange Pure Premium avec pulpe - 2x1L","p":5.14,"u":"2,57 €/L","img":"https://fd9-photos.leclercdrive.fr/image.ashx?id=2592690&use=l&cat=p&typeid=i","cat":284521},{"id":63824,"n":"Soda Coca-Cola Zéro Sans caféine - 1.25L","p":1.51,"u":"1,21 €/L","img":"https://fd9-photos.leclercdrive.fr/image.ashx?id=3009059&use=l&cat=p&typeid=i","cat":284530},{"id":63837,"n":"Champignons Eco+ Pieds et morceaux - 230g","p":0.82,"u":"3,57 €/KG","img":"https://fd9-photos.leclercdrive.fr/image.ashx?id=3014335&use=l&cat=p&typeid=i","cat":312610},{"id":63892,"n":"Capsules café L'Or Espresso Forza N°9 x10","p":3.14,"u":"60,38 €/KG","img":"https://fd9-photos.leclercdrive.fr/image.ashx?id=2393753&use=l&cat=p&typeid=i","cat":284749},{"id":63971,"n":"Escalope cordon bleu Père dodu Poulet x4 - 400g - Familial","p":4.09,"u":"10,23 €/KG","img":"https://fd9-photos.leclercdrive.fr/image.ashx?id=2957173&use=l&cat=p&typeid=i","cat":333683},{"id":64029,"n":"Boisson au thé vert Fresh Tea Menthe - 1.5L","p":1.82,"u":"1,21 €/L","img":"https://fd9-photos.leclercdrive.fr/image.ashx?id=2622269&use=l&cat=p&typeid=i","cat":295019},{"id":64032,"n":"Pur jus d'orange Tropicana Sans pulpe - 2x1L","p":4.96,"u":"2,48 €/L","img":"https://fd9-photos.leclercdrive.fr/image.ashx?id=2605671&use=l&cat=p&typeid=i","cat":284521},{"id":64061,"n":"Petits feuilletés Atelier Blini Coffret de nos régions - 485g","p":5.47,"u":"11,28 €/KG","img":"https://fd9-photos.leclercdrive.fr/image.ashx?id=1596371&use=l&cat=p&typeid=i","cat":319774},{"id":64109,"n":"Fromage blanc Délisse 3.2%mg 12x100g","p":2.69,"u":"2,24 €/KG","img":"https://fd9-photos.leclercdrive.fr/image.ashx?id=3012848&use=l&cat=p&typeid=i","cat":284409},{"id":64191,"n":"Tomates cerises allongées Panier du Primeur - 250g","p":1.59,"u":"6,36 €/KG","img":"https://fd9-photos.leclercdrive.fr/image.ashx?id=2988099&use=l&cat=p&typeid=i","cat":284352},{"id":64278,"n":"Matière grasse St Hubert 41 Demi-sel - 38%MG - 500g","p":3.68,"u":"7,36 €/KG","img":"https://fd9-photos.leclercdrive.fr/image.ashx?id=2734150&use=l&cat=p&typeid=i","cat":315229},{"id":64665,"n":"Chewing-gum Ice Fresh Hollywood Menthe fraîche - 70g","p":2.3,"u":"32,86 €/KG","img":"https://fd9-photos.leclercdrive.fr/image.ashx?id=2793734&use=l&cat=p&typeid=i","cat":304251},{"id":64666,"n":"Gâteaux moelleux Kinder Délice Coeur lait enrobé Cacao - x10","p":3.32,"u":"8,51 €/KG","img":"https://fd9-photos.leclercdrive.fr/image.ashx?id=2832476&use=l&cat=p&typeid=i","cat":284495},{"id":64672,"n":"Cacahuètes  Benenuts Grillées à sec - 120g","p":1.11,"u":"9,25 €/KG","img":"https://fd9-photos.leclercdrive.fr/image.ashx?id=2397857&use=l&cat=p&typeid=i","cat":284448},{"id":64680,"n":"Soupe liquide Liebig Potiron Kiri Brique - 2x30cl","p":2.2,"u":"3,67 €/L","img":"https://fd9-photos.leclercdrive.fr/image.ashx?id=2892136&use=l&cat=p&typeid=i","cat":284462},{"id":64685,"n":"Soupe liquide Liebig  Potiron - 2x30cl","p":1.97,"u":"3,28 €/L","img":"https://fd9-photos.leclercdrive.fr/image.ashx?id=2369915&use=l&cat=p&typeid=i","cat":284462},{"id":64686,"n":"Soupe liquide brique Liebig  Velouté légumes soleil - 2x30cl","p":1.74,"u":"2,90 €/L","img":"https://fd9-photos.leclercdrive.fr/image.ashx?id=2203382&use=l&cat=p&typeid=i","cat":284462},{"id":64692,"n":"Chocolat Pâtissier Nestlé Dessert - Noir corsé - 200g","p":2.95,"u":"14,75 €/KG","img":"https://fd9-photos.leclercdrive.fr/image.ashx?id=2889895&use=l&cat=p&typeid=i","cat":285562},{"id":64832,"n":"Roller effaçable Esquisse Noir","p":1.55,"img":"https://fd9-photos.leclercdrive.fr/image.ashx?id=1678766&use=l&cat=p&typeid=i","cat":284696},{"id":64889,"n":"Végétal Nuggets Garden Gourmet Soja et Blé 200g","p":2.6,"u":"13,00 €/KG","img":"https://fd9-photos.leclercdrive.fr/image.ashx?id=2963967&use=l&cat=p&typeid=i","cat":316036},{"id":64890,"n":"Bouchée Grillée Garden Gourmet Soja et Blé 175g","p":2.85,"u":"16,29 €/KG","img":"https://fd9-photos.leclercdrive.fr/image.ashx?id=2971392&use=l&cat=p&typeid=i","cat":316036},{"id":64913,"n":"Yaourt à boire Actimel nature et fraise - 8x100g","p":2.93,"u":"3,66 €/KG","img":"https://fd9-photos.leclercdrive.fr/image.ashx?id=2996467&use=l&cat=p&typeid=i","cat":284415},{"id":64929,"n":"Collants Body Touch Dim Voile noir - Taille 1","p":6.95,"img":"https://fd9-photos.leclercdrive.fr/image.ashx?id=2862077&use=l&cat=p&typeid=i","cat":334130},{"id":64940,"n":"Collants Sublim brillant Dim Gazelle - Taille 1","p":5.4,"img":"https://fd9-photos.leclercdrive.fr/image.ashx?id=2018589&use=l&cat=p&typeid=i","cat":334130},{"id":64941,"n":"Collants Sublim brillant Dim Gazelle - Taille 2","p":5.4,"img":"https://fd9-photos.leclercdrive.fr/image.ashx?id=2183440&use=l&cat=p&typeid=i","cat":334130},{"id":64942,"n":"Colllants Sublim brillant Dim Gazelle - Taille 3","p":5.4,"img":"https://fd9-photos.leclercdrive.fr/image.ashx?id=2183443&use=l&cat=p&typeid=i","cat":334130},{"id":64964,"n":"Eau minérale gazeuse Quezac 6x1.15L","p":2.7,"u":"0,39 €/L","img":"https://fd9-photos.leclercdrive.fr/image.ashx?id=2975341&use=l&cat=p&typeid=i","cat":284536},{"id":64977,"n":"AOP Bandol prestige vin rosé Vin rosé - 75 cl","p":8.6,"u":"11,47 €/L","img":"https://fd9-photos.leclercdrive.fr/image.ashx?id=2766337&use=l&cat=p&typeid=i","cat":289558},{"id":64980,"n":"Parmentier de canard  Maison Tino - 750g","p":9.56,"u":"12,75 €/KG","img":"https://fd9-photos.leclercdrive.fr/image.ashx?id=2554656&use=l&cat=p&typeid=i","cat":333666},{"id":64983,"n":"Parmentier de boeuf Maison Tino -  750g","p":8.08,"u":"10,77 €/KG","img":"https://fd9-photos.leclercdrive.fr/image.ashx?id=2554650&use=l&cat=p&typeid=i","cat":333666},{"id":65013,"n":"AIRWICK Spray Désodorisant  Pure Rafraichissant - 250ml","p":3.78,"u":"15,12 €/L","img":"https://fd9-photos.leclercdrive.fr/image.ashx?id=2962011&use=l&cat=p&typeid=i","cat":311626},{"id":65044,"n":"Biscuits petit déjeuner Belvita Miel & pépites chocolat - 435g","p":2.64,"u":"6,07 €/KG","img":"https://fd9-photos.leclercdrive.fr/image.ashx?id=2989441&use=l&cat=p&typeid=i","cat":284491},{"id":65253,"n":"Collants Diam's Dim Ventre plat Noir - Taille 2","p":9.85,"img":"https://fd9-photos.leclercdrive.fr/image.ashx?id=2636799&use=l&cat=p&typeid=i","cat":334130},{"id":65293,"n":"Collants Well Elastivoile Affinant Ibiza  T2","p":5.5,"img":"https://fd9-photos.leclercdrive.fr/image.ashx?id=2056458&use=l&cat=p&typeid=i","cat":334130},{"id":65295,"n":"Collants Well Elastivoile Affinant Ibiza T4","p":5.5,"img":"https://fd9-photos.leclercdrive.fr/image.ashx?id=2056464&use=l&cat=p&typeid=i","cat":334130},{"id":65303,"n":"Collant Well Morphologie  Regular Opaque noir / +1m65","p":6.5,"img":"https://fd9-photos.leclercdrive.fr/image.ashx?id=2254739&use=l&cat=p&typeid=i","cat":334130},{"id":65305,"n":"Collants Modacolors Le Bourget Opaque noir T1/2","p":5.95,"img":"https://fd9-photos.leclercdrive.fr/image.ashx?id=2056566&use=l&cat=p&typeid=i","cat":334130},{"id":65318,"n":"Cuisse de dinde Les Accessibles 1.4kg","p":8.49,"u":"6,06 €/KG","img":"https://fd9-photos.leclercdrive.fr/image.ashx?id=2470306&use=l&cat=p&typeid=i","cat":284337},{"id":65336,"n":"Café dosettes Tassimo L'Or Espresso Splendente x16","p":4.78,"u":"42,68 €/KG","img":"https://fd9-photos.leclercdrive.fr/image.ashx?id=2853404&use=l&cat=p&typeid=i","cat":293240},{"id":65337,"n":"Epices pour fajitas Old El Paso doux - 30g","p":1.3,"u":"43,33 €/KG","img":"https://fd9-photos.leclercdrive.fr/image.ashx?id=2737702&use=l&cat=p&typeid=i","cat":288993},{"id":65341,"n":"Bonbons LUTTI Koala Guimauve Chocolat - 185g","p":1.46,"u":"7,89 €/KG","img":"https://fd9-photos.leclercdrive.fr/image.ashx?id=2806147&use=l&cat=p&typeid=i","cat":304250},{"id":65342,"n":"Bonbons LUTTI Surffizz Piquants Fruits - 200g","p":1.17,"u":"5,85 €/KG","img":"https://fd9-photos.leclercdrive.fr/image.ashx?id=2806144&use=l&cat=p&typeid=i","cat":304250},{"id":65366,"n":"Bière blonde Affligem Pack 6.7% vol. - 20x25cl","p":16.29,"u":"3,26 €/L","img":"https://fd9-photos.leclercdrive.fr/image.ashx?id=2774274&use=l&cat=p&typeid=i","cat":334852},{"id":65902,"n":"Semelles Gel Soft Homme Quotidiennes - 1 paire","p":16.88,"img":"https://fd9-photos.leclercdrive.fr/image.ashx?id=2470291&use=l&cat=p&typeid=i","cat":325354},{"id":65903,"n":"Semelles Gel Soft Femme Quotidiennes - 1 paire","p":16.4,"img":"https://fd9-photos.leclercdrive.fr/image.ashx?id=2227225&use=l&cat=p&typeid=i","cat":325354},{"id":65904,"n":"Liniment Mots d'Enfants 500ml","p":3.9,"u":"7,80 €/L","img":"https://fd9-photos.leclercdrive.fr/image.ashx?id=2290721&use=l&cat=p&typeid=i","cat":284741},{"id":65926,"n":"Guacamole Extra l'Atelier Blini 175g","p":3.43,"u":"19,60 €/KG","img":"https://fd9-photos.leclercdrive.fr/image.ashx?id=2852504&use=l&cat=p&typeid=i","cat":315999},{"id":65932,"n":"Pizza Dolce Sodebo Capri chèvre coppa - 380g","p":4.34,"u":"11,42 €/KG","img":"https://fd9-photos.leclercdrive.fr/image.ashx?id=2889412&use=l&cat=p&typeid=i","cat":333679},{"id":65950,"n":"Gel toilette intime Doulys 200ml","p":2.47,"u":"12,35 €/L","img":"https://fd9-photos.leclercdrive.fr/image.ashx?id=1703245&use=l&cat=p&typeid=i","cat":284627},{"id":65970,"n":"Crème légère fluide Bridélice 12%MG - 3x20cl","p":2.44,"u":"4,07 €/L","img":"https://fd9-photos.leclercdrive.fr/image.ashx?id=2904736&use=l&cat=p&typeid=i","cat":284381},{"id":65972,"n":"Poires Douceur du Verger Sirop léger - 225 g","p":1.32,"u":"5,87 €/KG","img":"https://fd9-photos.leclercdrive.fr/image.ashx?id=2783017&use=l&cat=p&typeid=i","cat":284507},{"id":65973,"n":"Abricots Douceur du Verger Sirop léger - 235 g","p":1.44,"u":"6,13 €/KG","img":"https://fd9-photos.leclercdrive.fr/image.ashx?id=2622891&use=l&cat=p&typeid=i","cat":284507},{"id":66266,"n":"Brioche tranchée Pasquier Tranches gourmandes - 450g","p":2.1,"u":"4,67 €/KG","img":"https://fd9-photos.leclercdrive.fr/image.ashx?id=2850940&use=l&cat=p&typeid=i","cat":284478},{"id":66279,"n":"Roquefort AOP Les croisés - 32%mg - 100g","p":2.15,"u":"21,50 €/KG","img":"https://fd9-photos.leclercdrive.fr/image.ashx?id=2562885&use=l&cat=p&typeid=i","cat":314032},{"id":66282,"n":"Bresaola Saint-Azay 7 tranches - 70g","p":2.99,"u":"42,71 €/KG","img":"https://fd9-photos.leclercdrive.fr/image.ashx?id=2946460&use=l&cat=p&typeid=i","cat":316007},{"id":66284,"n":"Saucisson sec Saint-Azay 30 tranches - 100g","p":1.43,"u":"14,30 €/KG","img":"https://fd9-photos.leclercdrive.fr/image.ashx?id=2753478&use=l&cat=p&typeid=i","cat":316007},{"id":66356,"n":"Café Soluble Nescafé  Cappuccino Classique - 280g","p":4.32,"u":"15,43 €/KG","img":"https://fd9-photos.leclercdrive.fr/image.ashx?id=2918044&use=l&cat=p&typeid=i","cat":284843},{"id":66359,"n":"Café moulu Jacques Vabre Colombie 100% Arabica - 250g","p":4.39,"u":"17,56 €/KG","img":"https://fd9-photos.leclercdrive.fr/image.ashx?id=2570754&use=l&cat=p&typeid=i","cat":284750},{"id":66365,"n":"Rasoir jetable Wilkinson Extra 3 Essentials - x8","p":4.76,"u":"0,60 €/P","img":"https://fd9-photos.leclercdrive.fr/image.ashx?id=2414421&use=l&cat=p&typeid=i","cat":284616},{"id":66366,"n":"Déodorant compressé Sanex  Zéro % Extra control - 100ml","p":3.24,"u":"32,40 €/L","img":"https://fd9-photos.leclercdrive.fr/image.ashx?id=2664274&use=l&cat=p&typeid=i","cat":284618},{"id":66368,"n":"Déodorant sanex zéro % spray  compressé peau sensible - 100ml","p":3.52,"u":"35,20 €/L","img":"https://fd9-photos.leclercdrive.fr/image.ashx?id=2692851&use=l&cat=p&typeid=i","cat":284618},{"id":66369,"n":"Déodorant Nivea Fresh natural - 150ml","p":2.61,"u":"17,40 €/L","img":"https://fd9-photos.leclercdrive.fr/image.ashx?id=3005221&use=l&cat=p&typeid=i","cat":284618},{"id":66384,"n":"Démaquillant yeux Inell Waterproof bi-phase - 75ml","p":0.99,"u":"13,20 €/L","img":"https://fd9-photos.leclercdrive.fr/image.ashx?id=2492270&use=l&cat=p&typeid=i","cat":284603},{"id":66385,"n":"Démaquillant yeux Inell Waterproof bi-phase - 150ml","p":1.98,"u":"13,20 €/L","img":"https://fd9-photos.leclercdrive.fr/image.ashx?id=1962713&use=l&cat=p&typeid=i","cat":284603},{"id":66417,"n":"Biscuits Mikado LU Chocolat au lait - 300g","p":4.86,"u":"16,20 €/KG","img":"https://fd9-photos.leclercdrive.fr/image.ashx?id=2347284&use=l&cat=p&typeid=i","cat":284488},{"id":66527,"n":"Fromage Le Vieux Pané Finement typé - 200g","p":3.25,"u":"16,25 €/KG","img":"https://fd9-photos.leclercdrive.fr/image.ashx?id=2770380&use=l&cat=p&typeid=i","cat":329558},{"id":66555,"n":"Café moulu Bio Village Bio Ethiopie - 250g","p":4.35,"u":"17,40 €/KG","img":"https://fd9-photos.leclercdrive.fr/image.ashx?id=2468876&use=l&cat=p&typeid=i","cat":284750},{"id":66651,"n":"Doonuts nappés St Michel 180g","p":1.7,"u":"9,44 €/KG","img":"https://fd9-photos.leclercdrive.fr/image.ashx?id=2928495&use=l&cat=p&typeid=i","cat":284495},{"id":66652,"n":"Doonuts marbrés St Michel 180g","p":1.75,"u":"9,72 €/KG","img":"https://fd9-photos.leclercdrive.fr/image.ashx?id=2962299&use=l&cat=p&typeid=i","cat":284495},{"id":66717,"n":"AOP Vin blanc Pouilly-Fuissé 75cl","p":16.45,"u":"21,93 €/L","img":"https://fd9-photos.leclercdrive.fr/image.ashx?id=2107625&use=l&cat=p&typeid=i","cat":289557},{"id":66746,"n":"Tomme de brebis Lou Pérac Fromage de brebis - 200g","p":3.88,"u":"19,40 €/KG","img":"https://fd9-photos.leclercdrive.fr/image.ashx?id=2758840&use=l&cat=p&typeid=i","cat":329184},{"id":66747,"n":"Ma Crème anglaise Bridélice UHT - 50cl","p":1.77,"u":"3,54 €/L","img":"https://fd9-photos.leclercdrive.fr/image.ashx?id=2643086&use=l&cat=p&typeid=i","cat":284382},{"id":66751,"n":"Boisson à l'amande Végé 1L Végé - 200g","p":1.85,"u":"1,85 €/L","img":"https://fd9-photos.leclercdrive.fr/image.ashx?id=2874699&use=l&cat=p&typeid=i","cat":316067},{"id":66755,"n":"Boisson à la noisette Végé 1L Végé - 200g","p":1.79,"u":"1,79 €/L","img":"https://fd9-photos.leclercdrive.fr/image.ashx?id=2869504&use=l&cat=p&typeid=i","cat":316067},{"id":66756,"n":"Calzone Turini Jambon fromage gratinée 380g","p":3.09,"u":"8,13 €/KG","img":"https://fd9-photos.leclercdrive.fr/image.ashx?id=2289165&use=l&cat=p&typeid=i","cat":333679},{"id":66761,"n":"Mini gratins Côté Table Légumes du soleil - 400g","p":3.69,"u":"9,23 €/KG","img":"https://fd9-photos.leclercdrive.fr/image.ashx?id=2196823&use=l&cat=p&typeid=i","cat":319802},{"id":66787,"n":"Biscuits Nat&Vie  Chocolat - 200g","p":1.07,"u":"5,35 €/KG","img":"https://fd9-photos.leclercdrive.fr/image.ashx?id=1209125&use=l&cat=p&typeid=i","cat":318651},{"id":66793,"n":"Biscuits Nat&Vie Sésame - 200g","p":1.15,"u":"5,75 €/KG","img":"https://fd9-photos.leclercdrive.fr/image.ashx?id=2390428&use=l&cat=p&typeid=i","cat":318651},{"id":66803,"n":"Biscuits Nutella B-ready Cacao noisettes - 330g","p":4.02,"u":"12,18 €/KG","img":"https://fd9-photos.leclercdrive.fr/image.ashx?id=2770599&use=l&cat=p&typeid=i","cat":284488},{"id":66804,"n":"Biscuits Nutella B-ready Cacao Noisettes - 220g","p":2.75,"u":"12,50 €/KG","img":"https://fd9-photos.leclercdrive.fr/image.ashx?id=2630784&use=l&cat=p&typeid=i","cat":284488},{"id":66811,"n":"Tablette de chocolat Côte d'Or Lait Noisettes - 2x180g","p":6.74,"u":"18,72 €/KG","img":"https://fd9-photos.leclercdrive.fr/image.ashx?id=2850231&use=l&cat=p&typeid=i","cat":284497},{"id":66841,"n":"Déodorant bille Manava Grenade - 50ml","p":0.99,"u":"19,80 €/L","img":"https://fd9-photos.leclercdrive.fr/image.ashx?id=3013624&use=l&cat=p&typeid=i","cat":284595},{"id":66843,"n":"Bandes de cire froide Siliss Visage - x32","p":2.19,"u":"0,07 €/P","img":"https://fd9-photos.leclercdrive.fr/image.ashx?id=2510741&use=l&cat=p&typeid=i","cat":325351},{"id":66965,"n":"Matière grasse Primevere Oméga 3 - 55% - 500g","p":2.95,"u":"5,90 €/KG","img":"https://fd9-photos.leclercdrive.fr/image.ashx?id=2939328&use=l&cat=p&typeid=i","cat":315229},{"id":66967,"n":"Matière grasse Primevere 63%MG - oméga 3 - 500g","p":3.28,"u":"6,56 €/KG","img":"https://fd9-photos.leclercdrive.fr/image.ashx?id=2936044&use=l&cat=p&typeid=i","cat":315229},{"id":66968,"n":"Beurre tendre Président Doux - 82% MG - 250g","p":3.17,"u":"12,68 €/KG","img":"https://fd9-photos.leclercdrive.fr/image.ashx?id=2811944&use=l&cat=p&typeid=i","cat":284379},{"id":66974,"n":"Quart de jambon sec Saint Azay 18 tranches - 220g","p":2.84,"u":"12,91 €/KG","img":"https://fd9-photos.leclercdrive.fr/image.ashx?id=2503278&use=l&cat=p&typeid=i","cat":316007},{"id":66982,"n":"Truite eau douce Ronde des Mers x4 tranches - 100g","p":3.24,"u":"32,40 €/KG","img":"https://fd9-photos.leclercdrive.fr/image.ashx?id=2839924&use=l&cat=p&typeid=i","cat":285188},{"id":66985,"n":"Roulés au fromage Côté Table x2 - 260g","p":2.32,"u":"8,92 €/KG","img":"https://fd9-photos.leclercdrive.fr/image.ashx?id=2794838&use=l&cat=p&typeid=i","cat":333671},{"id":66989,"n":"Yaourt bifidus Activia céréales noix - 4x120g","p":2.06,"u":"4,29 €/KG","img":"https://fd9-photos.leclercdrive.fr/image.ashx?id=2901623&use=l&cat=p&typeid=i","cat":315000},{"id":66992,"n":"Sauce grand veneur Charal 120g","p":2.15,"u":"17,92 €/KG","img":"https://fd9-photos.leclercdrive.fr/image.ashx?id=2144275&use=l&cat=p&typeid=i","cat":327293},{"id":67090,"n":"Soupe Doux Plaisir Liebig  Légumes et kiri - 1L","p":2.41,"u":"2,41 €/L","img":"https://fd9-photos.leclercdrive.fr/image.ashx?id=2186706&use=l&cat=p&typeid=i","cat":284462},{"id":67150,"n":"Croustilles Belin Emmental - 4x138g","p":4.3,"u":"7,79 €/KG","img":"https://fd9-photos.leclercdrive.fr/image.ashx?id=2539025&use=l&cat=p&typeid=i","cat":284449},{"id":67378,"n":"Sirop Eco+ Grenadine - 1L","p":1.71,"u":"1,71 €/L","img":"https://fd9-photos.leclercdrive.fr/image.ashx?id=2901419&use=l&cat=p&typeid=i","cat":295020},{"id":67392,"n":"Boisson aux fruits gazeuses Pulpe orange - 1,5L","p":1.17,"u":"0,78 €/L","img":"https://fd9-photos.leclercdrive.fr/image.ashx?id=2754198&use=l&cat=p&typeid=i","cat":284532},{"id":67393,"n":"Beurre gastronomique Président Doux - 82% MG - 250g","p":2.75,"u":"11,00 €/KG","img":"https://fd9-photos.leclercdrive.fr/image.ashx?id=3011104&use=l&cat=p&typeid=i","cat":284379},{"id":67460,"n":"Champignons Pieds morceaux - 460g","p":1.42,"u":"3,09 €/KG","img":"https://fd9-photos.leclercdrive.fr/image.ashx?id=3014338&use=l&cat=p&typeid=i","cat":312610},{"id":67461,"n":"Patafix Uhu Blanc - 80 pastilles","p":2.65,"img":"https://fd9-photos.leclercdrive.fr/image.ashx?id=1551440&use=l&cat=p&typeid=i","cat":334133},{"id":67564,"n":"Ruban correcteur UHU Mini - 2x6m","p":3.7,"img":"https://fd9-photos.leclercdrive.fr/image.ashx?id=2057665&use=l&cat=p&typeid=i","cat":334133},{"id":67568,"n":"Curry moulu Rustica 42g","p":0.55,"u":"13,10 €/KG","img":"https://fd9-photos.leclercdrive.fr/image.ashx?id=2426100&use=l&cat=p&typeid=i","cat":298297},{"id":67569,"n":"Oignon semoule Rustica Déshydraté - 30g","p":0.99,"u":"33,00 €/KG","img":"https://fd9-photos.leclercdrive.fr/image.ashx?id=1209767&use=l&cat=p&typeid=i","cat":298297},{"id":67570,"n":"Poivre noir moulu Rustica Indonésie - 38g","p":0.81,"u":"21,32 €/KG","img":"https://fd9-photos.leclercdrive.fr/image.ashx?id=1209320&use=l&cat=p&typeid=i","cat":284457},{"id":67571,"n":"Poivre noir Rustica Moulin - 28g","p":1.22,"u":"43,57 €/KG","img":"https://fd9-photos.leclercdrive.fr/image.ashx?id=2932674&use=l&cat=p&typeid=i","cat":284457},{"id":67572,"n":"Ciboulette Rustica 4g","p":0.43,"u":"107,50 €/KG","img":"https://fd9-photos.leclercdrive.fr/image.ashx?id=1209323&use=l&cat=p&typeid=i","cat":298297},{"id":67573,"n":"Cumin moulu Rustica 32g","p":0.59,"u":"18,44 €/KG","img":"https://fd9-photos.leclercdrive.fr/image.ashx?id=1209758&use=l&cat=p&typeid=i","cat":298297},{"id":67575,"n":"Saucisse fumée de Savoie Socopa Façon charcutière x4 - 320g","p":3.69,"u":"11,53 €/KG","img":"https://fd9-photos.leclercdrive.fr/image.ashx?id=2264686&use=l&cat=p&typeid=i","cat":284334},{"id":67620,"n":"Persil Rustica 5g","p":0.39,"u":"78,00 €/KG","img":"https://fd9-photos.leclercdrive.fr/image.ashx?id=1209464&use=l&cat=p&typeid=i","cat":298297},{"id":67621,"n":"Paprika doux moulu Rustica  40g","p":0.49,"u":"12,25 €/KG","img":"https://fd9-photos.leclercdrive.fr/image.ashx?id=1210086&use=l&cat=p&typeid=i","cat":298297},{"id":67622,"n":"Thym Rustica 14g","p":0.4,"u":"28,57 €/KG","img":"https://fd9-photos.leclercdrive.fr/image.ashx?id=1209755&use=l&cat=p&typeid=i","cat":298297},{"id":67651,"n":"Poivre Noir moulu Bio Village Bio  - 38g","p":1.99,"u":"52,37 €/KG","img":"https://fd9-photos.leclercdrive.fr/image.ashx?id=2454635&use=l&cat=p&typeid=i","cat":284457},{"id":67652,"n":"Poivre gris moulu Flacon - 36g","p":1.11,"u":"30,83 €/KG","img":"https://fd9-photos.leclercdrive.fr/image.ashx?id=1209749&use=l&cat=p&typeid=i","cat":284457},{"id":67653,"n":"Gingembre moulu Rustica 27g","p":1.19,"u":"44,07 €/KG","img":"https://fd9-photos.leclercdrive.fr/image.ashx?id=1209770&use=l&cat=p&typeid=i","cat":298297},{"id":67654,"n":"Ail semoule Bio Village Bio 56g","p":1.99,"u":"35,54 €/KG","img":"https://fd9-photos.leclercdrive.fr/image.ashx?id=2474947&use=l&cat=p&typeid=i","cat":298297},{"id":67667,"n":"Purée de tomate Panzani Tomacouli nature - 500g","p":0.92,"u":"1,84 €/KG","img":"https://fd9-photos.leclercdrive.fr/image.ashx?id=2979623&use=l&cat=p&typeid=i","cat":288384},{"id":67677,"n":"Clous de girofle Rustica 23g","p":1.32,"u":"57,39 €/KG","img":"https://fd9-photos.leclercdrive.fr/image.ashx?id=1210395&use=l&cat=p&typeid=i","cat":298297},{"id":67678,"n":"Curcuma moulu Rustica 37g","p":0.66,"u":"17,84 €/KG","img":"https://fd9-photos.leclercdrive.fr/image.ashx?id=1210213&use=l&cat=p&typeid=i","cat":298297},{"id":67679,"n":"Estragon Rustica 7g","p":0.79,"u":"112,86 €/KG","img":"https://fd9-photos.leclercdrive.fr/image.ashx?id=1210219&use=l&cat=p&typeid=i","cat":298297},{"id":67680,"n":"Herbes de provence Rustica 120g","p":2.6,"u":"21,67 €/KG","img":"https://fd9-photos.leclercdrive.fr/image.ashx?id=2907228&use=l&cat=p&typeid=i","cat":298297},{"id":67681,"n":"Herbes de Provence Rustica 18g","p":0.41,"u":"22,78 €/KG","img":"https://fd9-photos.leclercdrive.fr/image.ashx?id=1210398&use=l&cat=p&typeid=i","cat":298297},{"id":67682,"n":"Noix de Muscade Rustica Moulue - 32g","p":1.36,"u":"42,50 €/KG","img":"https://fd9-photos.leclercdrive.fr/image.ashx?id=1210407&use=l&cat=p&typeid=i","cat":298297},{"id":67683,"n":"Persillade Rustica 95g","p":1.74,"u":"18,32 €/KG","img":"https://fd9-photos.leclercdrive.fr/image.ashx?id=2932668&use=l&cat=p&typeid=i","cat":298297},{"id":67693,"n":"Piment de Cayenne Rustica 38g","p":1.09,"u":"28,68 €/KG","img":"https://fd9-photos.leclercdrive.fr/image.ashx?id=1210404&use=l&cat=p&typeid=i","cat":298297},{"id":67807,"n":"Nettoyant spray Clair Javel - Cuisine - 750ml","p":1.73,"u":"2,31 €/L","img":"https://fd9-photos.leclercdrive.fr/image.ashx?id=2840479&use=l&cat=p&typeid=i","cat":325357},{"id":67858,"n":"Fromage à tartiner Madame Loïk Fouetté Figue Noix - 150g","p":1.94,"u":"12,93 €/KG","img":"https://fd9-photos.leclercdrive.fr/image.ashx?id=2986512&use=l&cat=p&typeid=i","cat":314029},{"id":67875,"n":"The Pik Box Haribo Boîte bonbons acidulés - 550g","p":4.59,"u":"8,35 €/KG","img":"https://fd9-photos.leclercdrive.fr/image.ashx?id=2805219&use=l&cat=p&typeid=i","cat":304250},{"id":67885,"n":"Crème fraîche épaisse Président Entière 30%mg - 45cl","p":2.25,"u":"5,00 €/L","img":"https://fd9-photos.leclercdrive.fr/image.ashx?id=2971948&use=l&cat=p&typeid=i","cat":284381},{"id":67896,"n":"Gel Douche Le Petit Marseillais  Pin et criste marine - 250ml","p":1.47,"u":"5,88 €/L","img":"https://fd9-photos.leclercdrive.fr/image.ashx?id=2676452&use=l&cat=p&typeid=i","cat":284594},{"id":68010,"n":"Crème dessert Bio Les 2 vaches Vanille - 4x95g","p":1.74,"u":"4,58 €/KG","img":"https://fd9-photos.leclercdrive.fr/image.ashx?id=2774015&use=l&cat=p&typeid=i","cat":285041},{"id":68012,"n":"Crème dessert Bio Les 2 vaches Chocolat - 4x95g","p":1.74,"u":"4,58 €/KG","img":"https://fd9-photos.leclercdrive.fr/image.ashx?id=2774100&use=l&cat=p&typeid=i","cat":285041},{"id":68088,"n":"Cannelle Rustica 39g","p":0.88,"u":"22,56 €/KG","img":"https://fd9-photos.leclercdrive.fr/image.ashx?id=1216287&use=l&cat=p&typeid=i","cat":298297},{"id":68090,"n":"Champignons Bio Village Bio Emincés - 170g","p":2.25,"u":"13,24 €/KG","img":"https://fd9-photos.leclercdrive.fr/image.ashx?id=2049094&use=l&cat=p&typeid=i","cat":312610},{"id":68093,"n":"Champignons Paris Notre Jardin Entiers - 2x115g","p":1.85,"u":"8,04 €/KG","img":"https://fd9-photos.leclercdrive.fr/image.ashx?id=2724699&use=l&cat=p&typeid=i","cat":312610},{"id":68094,"n":"Poivre blanc Rustica Moulu - 36g","p":1.89,"u":"52,50 €/KG","img":"https://fd9-photos.leclercdrive.fr/image.ashx?id=1216415&use=l&cat=p&typeid=i","cat":284457},{"id":68095,"n":"Yaourt à la grecque YAOS Nature lit de fraises 4x125g","p":2.37,"u":"4,74 €/KG","img":"https://fd9-photos.leclercdrive.fr/image.ashx?id=2729734&use=l&cat=p&typeid=i","cat":314999},{"id":68097,"n":"Yaourt à la grecque YAOS Citron - 4x125g","p":2.42,"u":"4,84 €/KG","img":"https://fd9-photos.leclercdrive.fr/image.ashx?id=2578672&use=l&cat=p&typeid=i","cat":314999},{"id":68178,"n":"Jambon nature Grill Petitgas -25% de sel - x4 - 320g","p":4.96,"u":"15,50 €/KG","img":"https://fd9-photos.leclercdrive.fr/image.ashx?id=2179992&use=l&cat=p&typeid=i","cat":316009},{"id":68214,"n":"Biscuits Petits Cœurs LU Chocolat - 125g","p":1.11,"u":"8,88 €/KG","img":"https://fd9-photos.leclercdrive.fr/image.ashx?id=3002021&use=l&cat=p&typeid=i","cat":284488},{"id":68215,"n":"Biscuits Kango LU Chocolat - 225g","p":1.89,"u":"8,40 €/KG","img":"https://fd9-photos.leclercdrive.fr/image.ashx?id=2941508&use=l&cat=p&typeid=i","cat":284488},{"id":68217,"n":"Biscuits Croc Sablé Pépito  Chocolat - 294g","p":1.13,"u":"3,84 €/KG","img":"https://fd9-photos.leclercdrive.fr/image.ashx?id=2347254&use=l&cat=p&typeid=i","cat":284488},{"id":68219,"n":"Biscuit Petit déjeuner Belvita Moelleux Choco Noisettes - 250g","p":2.35,"u":"9,40 €/KG","img":"https://fd9-photos.leclercdrive.fr/image.ashx?id=3005332&use=l&cat=p&typeid=i","cat":284491},{"id":68278,"n":"Recharge gel lavant Manava Hypoallergénique - 250ml","p":0.66,"u":"2,64 €/L","img":"https://fd9-photos.leclercdrive.fr/image.ashx?id=2935537&use=l&cat=p&typeid=i","cat":284597},{"id":68399,"n":"Poisson pané Double délice   Findus x8 - 600g","p":5.33,"u":"8,88 €/KG","img":"https://fd9-photos.leclercdrive.fr/image.ashx?id=2679594&use=l&cat=p&typeid=i","cat":319788},{"id":68432,"n":"Gel WC Syphon Activ'Effect Fraîcheur pin - 750ml","p":0.74,"u":"0,99 €/L","img":"https://fd9-photos.leclercdrive.fr/image.ashx?id=2388382&use=l&cat=p&typeid=i","cat":284662},{"id":68445,"n":"Recharge crème lavante Manava Framboise pivoine - 250ml","p":0.57,"u":"2,28 €/L","img":"https://fd9-photos.leclercdrive.fr/image.ashx?id=2935510&use=l&cat=p&typeid=i","cat":284597},{"id":68449,"n":"Perles désodorisantes Bien Air Japon","p":2.25,"img":"https://fd9-photos.leclercdrive.fr/image.ashx?id=2466886&use=l&cat=p&typeid=i","cat":311628},{"id":68450,"n":"Lingettes Clair Dépoussiérantes - x40","p":3.94,"u":"0,10 €/P","img":"https://fd9-photos.leclercdrive.fr/image.ashx?id=2863039&use=l&cat=p&typeid=i","cat":325364},{"id":68453,"n":"Gel lavant Manava Hypoallergénique - 300ml","p":1.05,"u":"3,50 €/L","img":"https://fd9-photos.leclercdrive.fr/image.ashx?id=2935528&use=l&cat=p&typeid=i","cat":284597},{"id":68455,"n":"Gel nettoyant Syphon Entretien menthe - 1L","p":2.89,"u":"2,89 €/L","img":"https://fd9-photos.leclercdrive.fr/image.ashx?id=2943659&use=l&cat=p&typeid=i","cat":284908},{"id":68475,"n":"Culotte Chorys Médium nuit - x12","p":8.56,"u":"0,71 €/P","img":"https://fd9-photos.leclercdrive.fr/image.ashx?id=2716009&use=l&cat=p&typeid=i","cat":284628},{"id":68476,"n":"Culotte Chorys Absorption plus large nuit x10","p":7.14,"u":"0,71 €/P","img":"https://fd9-photos.leclercdrive.fr/image.ashx?id=2704490&use=l&cat=p&typeid=i","cat":284628},{"id":68486,"n":"Tampon Nett  Digital normal boite - x24","p":2.4,"u":"0,10 €/P","img":"https://fd9-photos.leclercdrive.fr/image.ashx?id=2359657&use=l&cat=p&typeid=i","cat":284626},{"id":68735,"n":"Thé vert Bio Clipper Détox - 20 sachets - 40g","p":2.18,"u":"54,50 €/KG","img":"https://fd9-photos.leclercdrive.fr/image.ashx?id=2922098&use=l&cat=p&typeid=i","cat":293233},{"id":68737,"n":"Crème de coco légère Bio Bjorg  20cl","p":1.61,"u":"8,05 €/L","img":"https://fd9-photos.leclercdrive.fr/image.ashx?id=2936386&use=l&cat=p&typeid=i","cat":288992},{"id":68738,"n":"Soja cuisine - semi-épaisse Bio Bjorg - 25cl","p":1.09,"u":"4,36 €/L","img":"https://fd9-photos.leclercdrive.fr/image.ashx?id=2906196&use=l&cat=p&typeid=i","cat":316069},{"id":68824,"n":"Coton maxi carré Inell Aloé Vera - x50","p":1.75,"u":"0,04 €/P","img":"https://fd9-photos.leclercdrive.fr/image.ashx?id=1959190&use=l&cat=p&typeid=i","cat":284636},{"id":68840,"n":"Chocolat noir Bio Village Bio - Noisettes entières - 200g","p":3.33,"u":"16,65 €/KG","img":"https://fd9-photos.leclercdrive.fr/image.ashx?id=2077472&use=l&cat=p&typeid=i","cat":284956},{"id":68861,"n":"Miel Bio Village Bio crémeux de fleurs - 500g","p":4.99,"u":"9,98 €/KG","img":"https://fd9-photos.leclercdrive.fr/image.ashx?id=2564219&use=l&cat=p&typeid=i","cat":287643},{"id":68862,"n":"Pâte à tartiner Nustikao 600g","p":2.73,"u":"4,55 €/KG","img":"https://fd9-photos.leclercdrive.fr/image.ashx?id=2814869&use=l&cat=p&typeid=i","cat":284481},{"id":68863,"n":"Compote Douceur du Verger Gourdes Pomme - 12x90g","p":2.95,"u":"2,73 €/KG","img":"https://fd9-photos.leclercdrive.fr/image.ashx?id=2317276&use=l&cat=p&typeid=i","cat":284508},{"id":68864,"n":"Compote Douceur du Verger Bocal pomme poire - 710g","p":1.75,"u":"2,46 €/KG","img":"https://fd9-photos.leclercdrive.fr/image.ashx?id=2263224&use=l&cat=p&typeid=i","cat":284508},{"id":68865,"n":"Compote Douceur du Verger Bocal pomme vanille - 710g","p":1.57,"u":"2,21 €/KG","img":"https://fd9-photos.leclercdrive.fr/image.ashx?id=2215951&use=l&cat=p&typeid=i","cat":284508},{"id":68866,"n":"Compote Douceur du Verger Bocal pomme - 710g","p":1.27,"u":"1,79 €/KG","img":"https://fd9-photos.leclercdrive.fr/image.ashx?id=2232589&use=l&cat=p&typeid=i","cat":284508},{"id":68868,"n":"Riz long Bio Village Bio semi complet - 500g","p":2.25,"u":"4,50 €/KG","img":"https://fd9-photos.leclercdrive.fr/image.ashx?id=2441513&use=l&cat=p&typeid=i","cat":284428},{"id":68880,"n":"Pâté Lucien Georgelin Au Piment d'Espelette - 220g","p":3.28,"u":"14,91 €/KG","img":"https://fd9-photos.leclercdrive.fr/image.ashx?id=1598643&use=l&cat=p&typeid=i","cat":305149},{"id":68881,"n":"Litchis Douceur du Verger Sirop léger - 250g","p":2.74,"u":"10,96 €/KG","img":"https://fd9-photos.leclercdrive.fr/image.ashx?id=2133951&use=l&cat=p&typeid=i","cat":284507},{"id":68882,"n":"Compote bio Bio Village Coupelle pomme - 8x100g","p":2.89,"u":"3,61 €/KG","img":"https://fd9-photos.leclercdrive.fr/image.ashx?id=1947749&use=l&cat=p&typeid=i","cat":284508},{"id":68902,"n":"Crackers Tokapi 100g","p":0.46,"u":"4,60 €/KG","img":"https://fd9-photos.leclercdrive.fr/image.ashx?id=2661073&use=l&cat=p&typeid=i","cat":297000},{"id":68913,"n":"Purificateur d'air Sanytol Désinfectant - 300ml","p":3.43,"u":"11,43 €/L","img":"https://fd9-photos.leclercdrive.fr/image.ashx?id=2901659&use=l&cat=p&typeid=i","cat":311626},{"id":68926,"n":"Chips Bio Village Légumes bio - sachet - 80g","p":2.39,"u":"29,88 €/KG","img":"https://fd9-photos.leclercdrive.fr/image.ashx?id=2743843&use=l&cat=p&typeid=i","cat":284447},{"id":68930,"n":"Soupe liquide bio Knorr Légumes potager à la crème - 1L","p":3.51,"u":"3,51 €/L","img":"https://fd9-photos.leclercdrive.fr/image.ashx?id=2312572&use=l&cat=p&typeid=i","cat":284462},{"id":68935,"n":"Soupe Régal Soupe Poule pot vermicelles - 1L","p":2.02,"u":"2,02 €/L","img":"https://fd9-photos.leclercdrive.fr/image.ashx?id=2983817&use=l&cat=p&typeid=i","cat":284462},{"id":68986,"n":"Lait d'amande Bio Village Sans sucre bio - 1L","p":1.41,"u":"1,41 €/L","img":"https://fd9-photos.leclercdrive.fr/image.ashx?id=2358099&use=l&cat=p&typeid=i","cat":316067},{"id":68996,"n":"Crackers bio Bio Village Emmental courge - 200g","p":2.69,"u":"13,45 €/KG","img":"https://fd9-photos.leclercdrive.fr/image.ashx?id=2310507&use=l&cat=p&typeid=i","cat":297000},{"id":69004,"n":"Moutarde Bio Village A l'ancienne bio - 200g","p":1.57,"u":"7,85 €/KG","img":"https://fd9-photos.leclercdrive.fr/image.ashx?id=2607966&use=l&cat=p&typeid=i","cat":288850},{"id":69006,"n":"Tomates séchées Rustica Bocal - 280g","p":2.5,"u":"8,93 €/KG","img":"https://fd9-photos.leclercdrive.fr/image.ashx?id=1222392&use=l&cat=p&typeid=i","cat":284458},{"id":69011,"n":"Petit beurre Sans Gluten 130g","p":1.82,"u":"14,00 €/KG","img":"https://fd9-photos.leclercdrive.fr/image.ashx?id=2460622&use=l&cat=p&typeid=i","cat":318654},{"id":69061,"n":"Yaourt nature Danone 4x125g","p":0.92,"u":"1,84 €/KG","img":"https://fd9-photos.leclercdrive.fr/image.ashx?id=2911184&use=l&cat=p&typeid=i","cat":284409},{"id":69063,"n":"Yaourt nature Danone 16x125g","p":3.14,"u":"1,57 €/KG","img":"https://fd9-photos.leclercdrive.fr/image.ashx?id=2915691&use=l&cat=p&typeid=i","cat":284409},{"id":69070,"n":"Yaourts brassés velouté Danone Nature - 16x125g","p":4.25,"u":"2,13 €/KG","img":"https://fd9-photos.leclercdrive.fr/image.ashx?id=2865584&use=l&cat=p&typeid=i","cat":284409},{"id":69072,"n":"petit suisse aux fruits danonino - 6x50g","p":1.74,"u":"5,80 €/KG","img":"https://fd9-photos.leclercdrive.fr/image.ashx?id=2785208&use=l&cat=p&typeid=i","cat":284414},{"id":69084,"n":"petit suisse aux fruits danonino - 6x100g","p":2.98,"u":"4,97 €/KG","img":"https://fd9-photos.leclercdrive.fr/image.ashx?id=3003134&use=l&cat=p&typeid=i","cat":284414},{"id":69107,"n":"Muesli croustillant nature bio  Terres et Céréales - 1kg","p":4.99,"u":"4,99 €/KG","img":"https://fd9-photos.leclercdrive.fr/image.ashx?id=2802446&use=l&cat=p&typeid=i","cat":309512},{"id":69108,"n":"Muesli duo pépites de chocolats  bio Terres et Céréales -1kg","p":5.74,"u":"5,74 €/KG","img":"https://fd9-photos.leclercdrive.fr/image.ashx?id=2802452&use=l&cat=p&typeid=i","cat":309512},{"id":69128,"n":"Chocolat Excellence Abtey Chardons Ball - 220g","p":5.9,"u":"26,82 €/KG","img":"https://fd9-photos.leclercdrive.fr/image.ashx?id=2367178&use=l&cat=p&typeid=i","cat":327595},{"id":69141,"n":"Papier cuisson Elembal Rouleau 8m","p":1.08,"u":"0,14 €/MT","img":"https://fd9-photos.leclercdrive.fr/image.ashx?id=2169168&use=l&cat=p&typeid=i","cat":334134},{"id":69145,"n":"Crème lavante Manava Framboise pivoine - 300ml","p":1.28,"u":"4,27 €/L","img":"https://fd9-photos.leclercdrive.fr/image.ashx?id=2935507&use=l&cat=p&typeid=i","cat":284597},{"id":69147,"n":"Café dosettes Tassimo L'Or Café Long Classique x16","p":4.53,"u":"43,56 €/KG","img":"https://fd9-photos.leclercdrive.fr/image.ashx?id=2160312&use=l&cat=p&typeid=i","cat":293240},{"id":69148,"n":"Café dosettes Tassimo L'Or Café Long Intense x16","p":4.78,"u":"37,34 €/KG","img":"https://fd9-photos.leclercdrive.fr/image.ashx?id=2290599&use=l&cat=p&typeid=i","cat":293240},{"id":69150,"n":"Nettoyant multi surfaces Clair Citron - 1.5L","p":1.7,"u":"1,13 €/L","img":"https://fd9-photos.leclercdrive.fr/image.ashx?id=2534211&use=l&cat=p&typeid=i","cat":284907},{"id":69151,"n":"Nettoyant multi surfaces Clair Pins - 1.5L","p":1.7,"u":"1,13 €/L","img":"https://fd9-photos.leclercdrive.fr/image.ashx?id=2369164&use=l&cat=p&typeid=i","cat":284907},{"id":69152,"n":"Nettoyant multi surfaces Clair Fleurs - 1.5L","p":1.7,"u":"1,13 €/L","img":"https://fd9-photos.leclercdrive.fr/image.ashx?id=2381556&use=l&cat=p&typeid=i","cat":284907},{"id":69153,"n":"Nettoyant multi surfaces Clair Fraîcheur pure - 1.5L","p":1.7,"u":"1,13 €/L","img":"https://fd9-photos.leclercdrive.fr/image.ashx?id=2373263&use=l&cat=p&typeid=i","cat":284907},{"id":69154,"n":"Nettoyant multi surfaces Clair Savon de Marseille - 1.5L","p":1.7,"u":"1,13 €/L","img":"https://fd9-photos.leclercdrive.fr/image.ashx?id=1274744&use=l&cat=p&typeid=i","cat":284907},{"id":69155,"n":"Nettoyant multi surfaces Clair Savon noir - 1.5L","p":1.7,"u":"1,13 €/L","img":"https://fd9-photos.leclercdrive.fr/image.ashx?id=2849584&use=l&cat=p&typeid=i","cat":284907},{"id":69213,"n":"Frites à peau McCain Côté Resto - 650g","p":2.57,"u":"3,95 €/KG","img":"https://fd9-photos.leclercdrive.fr/image.ashx?id=2927047&use=l&cat=p&typeid=i","cat":319791},{"id":69215,"n":"Pains wrap Epi d'Or Nature x6 - 383g","p":1.95,"u":"5,09 €/KG","img":"https://fd9-photos.leclercdrive.fr/image.ashx?id=2425488&use=l&cat=p&typeid=i","cat":284985},{"id":69233,"n":"Capsules café L'Or Espresso Ristretto N°11 x10","p":3.08,"u":"59,23 €/KG","img":"https://fd9-photos.leclercdrive.fr/image.ashx?id=2260869&use=l&cat=p&typeid=i","cat":284749},{"id":69268,"n":"Liquide vaisselle Rainett Citron écologique - 750ml","p":1.68,"u":"2,24 €/L","img":"https://fd9-photos.leclercdrive.fr/image.ashx?id=2297129&use=l&cat=p&typeid=i","cat":284655},{"id":69280,"n":"Couches bébé Mots d'enfants Midi T3 4/9kg - x50 changes","p":6.35,"u":"0,13 €/P","img":"https://fd9-photos.leclercdrive.fr/image.ashx?id=2699717&use=l&cat=p&typeid=i","cat":284737},{"id":69281,"n":"Couches bébé Mots d'enfants Ultra confort T4 7/18kg - x44","p":6.35,"u":"0,14 €/P","img":"https://fd9-photos.leclercdrive.fr/image.ashx?id=2699720&use=l&cat=p&typeid=i","cat":284737},{"id":69282,"n":"Couches bébé Mots d'enfants Ultra confort T4+  9/20kg - x41","p":6.35,"u":"0,15 €/P","img":"https://fd9-photos.leclercdrive.fr/image.ashx?id=2699723&use=l&cat=p&typeid=i","cat":284737},{"id":69283,"n":"Couches bébé Mots d'enfants Ultra confort T5 11/25kg - x39","p":6.35,"u":"0,16 €/P","img":"https://fd9-photos.leclercdrive.fr/image.ashx?id=2699726&use=l&cat=p&typeid=i","cat":284737},{"id":69284,"n":"Couches bébé Mots d'enfants Ultra confort T6  16/23kg - x33","p":6.35,"u":"0,19 €/P","img":"https://fd9-photos.leclercdrive.fr/image.ashx?id=2699729&use=l&cat=p&typeid=i","cat":284737},{"id":69285,"n":"Couches bébé Mots d'enfants T4 Ultra confort 7/18kg - x144","p":19.85,"u":"0,14 €/P","img":"https://fd9-photos.leclercdrive.fr/image.ashx?id=1986653&use=l&cat=p&typeid=i","cat":284737},{"id":69286,"n":"Couches bébé Mots d'enfants T5 Ultra confort 11/25kg - x136","p":19.85,"u":"0,15 €/P","img":"https://fd9-photos.leclercdrive.fr/image.ashx?id=2463816&use=l&cat=p&typeid=i","cat":284737},{"id":69316,"n":"Pur jus Jafaden Orange mangue citron - 1L","p":2.39,"u":"2,39 €/L","img":"https://fd9-photos.leclercdrive.fr/image.ashx?id=2956759&use=l&cat=p&typeid=i","cat":284917},{"id":69317,"n":"Eau minérale naturelle Vittel 6x1.5L","p":2.86,"u":"0,32 €/L","img":"https://fd9-photos.leclercdrive.fr/image.ashx?id=3000441&use=l&cat=p&typeid=i","cat":284535},{"id":69327,"n":"Piles Duracell MN21 x2","p":5.82,"u":"2,91 €/P","img":"https://fd9-photos.leclercdrive.fr/image.ashx?id=2328739&use=l&cat=p&typeid=i","cat":300572},{"id":69396,"n":"Fromage à Raclette RichesMonts  Sans croûte 18 Tranches - 420g","p":5.79,"u":"13,79 €/KG","img":"https://fd9-photos.leclercdrive.fr/image.ashx?id=2960765&use=l&cat=p&typeid=i","cat":314037},{"id":69418,"n":"Serviette papier Homeside Triple épaisseur 40x40cm - x20","p":1.39,"u":"0,07 €/P","img":"https://fd9-photos.leclercdrive.fr/image.ashx?id=1659732&use=l&cat=p&typeid=i","cat":334134},{"id":69494,"n":"Terrine de campagne forestière L'Atelier Charcuterie - 170g","p":2.95,"u":"17,35 €/KG","img":"https://fd9-photos.leclercdrive.fr/image.ashx?id=2882292&use=l&cat=p&typeid=i","cat":316008},{"id":69496,"n":"Rillettes de porc Label Rouge L'Atelier Charcuterie - 170g","p":3.49,"u":"20,53 €/KG","img":"https://fd9-photos.leclercdrive.fr/image.ashx?id=2955261&use=l&cat=p&typeid=i","cat":316008},{"id":69679,"n":"Yaourt à la grecque YAOS Nature lit de myrtilles 4x125g","p":2.56,"u":"5,12 €/KG","img":"https://fd9-photos.leclercdrive.fr/image.ashx?id=2614933&use=l&cat=p&typeid=i","cat":314999},{"id":69680,"n":"Yaourt à la grecque YAOS Nature lit de pêches 4x125g","p":2.63,"u":"5,26 €/KG","img":"https://fd9-photos.leclercdrive.fr/image.ashx?id=2539533&use=l&cat=p&typeid=i","cat":314999},{"id":69690,"n":"Mascarpone 41.5% mg Galbani 500g","p":5.27,"u":"10,54 €/KG","img":"https://fd9-photos.leclercdrive.fr/image.ashx?id=2832470&use=l&cat=p&typeid=i","cat":314026},{"id":69705,"n":"Coleslaw moutarde Bonduelle 320g","p":1.77,"u":"5,53 €/KG","img":"https://fd9-photos.leclercdrive.fr/image.ashx?id=2894185&use=l&cat=p&typeid=i","cat":333657},{"id":69720,"n":"Gougères au fromage Côté Table x20 - 140g","p":3.76,"u":"26,86 €/KG","img":"https://fd9-photos.leclercdrive.fr/image.ashx?id=2726709&use=l&cat=p&typeid=i","cat":319774},{"id":69739,"n":"Mini feuilletés Côté Table Apéritifs - x30 - 360g","p":3.72,"u":"10,33 €/KG","img":"https://fd9-photos.leclercdrive.fr/image.ashx?id=2212509&use=l&cat=p&typeid=i","cat":319774},{"id":69741,"n":"Mini-feuilletés Côté Table Apéritifs - x40 - 350g","p":3.37,"u":"9,63 €/KG","img":"https://fd9-photos.leclercdrive.fr/image.ashx?id=2632873&use=l&cat=p&typeid=i","cat":319774},{"id":69803,"n":"Riz provençale Bonduelle Thon - 320g","p":1.93,"u":"6,03 €/KG","img":"https://fd9-photos.leclercdrive.fr/image.ashx?id=2907905&use=l&cat=p&typeid=i","cat":333657},{"id":69910,"n":"Origan Rustica 11g","p":0.45,"u":"40,91 €/KG","img":"https://fd9-photos.leclercdrive.fr/image.ashx?id=1232057&use=l&cat=p&typeid=i","cat":298297},{"id":70114,"n":"Biscuits p'tit dèj BN Extra céréales complètes - 200g","p":1.68,"u":"8,40 €/KG","img":"https://fd9-photos.leclercdrive.fr/image.ashx?id=2603471&use=l&cat=p&typeid=i","cat":284491},{"id":70117,"n":"Biscuits Mc Vitie's Original - 400g","p":1.69,"u":"4,23 €/KG","img":"https://fd9-photos.leclercdrive.fr/image.ashx?id=2310182&use=l&cat=p&typeid=i","cat":284487},{"id":70118,"n":"Biscuits Mc Vitie's Chocolat au lait - 300g","p":1.59,"u":"5,30 €/KG","img":"https://fd9-photos.leclercdrive.fr/image.ashx?id=2589491&use=l&cat=p&typeid=i","cat":284488},{"id":70126,"n":"Fromage blanc Danone Nature 3%MG - 4x100g","p":1.77,"u":"4,43 €/KG","img":"https://fd9-photos.leclercdrive.fr/image.ashx?id=2833225&use=l&cat=p&typeid=i","cat":284409},{"id":70389,"n":"Café dosettes Tassimo L'Or Cappuccino x8","p":4.8,"u":"17,98 €/KG","img":"https://fd9-photos.leclercdrive.fr/image.ashx?id=2100305&use=l&cat=p&typeid=i","cat":293240},{"id":70447,"n":"Sachet Célébrations 196g","p":3.8,"u":"19,39 €/KG","img":"https://fd9-photos.leclercdrive.fr/image.ashx?id=2980058&use=l&cat=p&typeid=i","cat":284499},{"id":70480,"n":"Chocolats Ferrero Collection Assortiments x24 - 269g","p":9.97,"u":"37,06 €/KG","img":"https://fd9-photos.leclercdrive.fr/image.ashx?id=2871181&use=l&cat=p&typeid=i","cat":327595},{"id":70558,"n":"Basilic bio Bio Village 11g","p":0.69,"u":"62,73 €/KG","img":"https://fd9-photos.leclercdrive.fr/image.ashx?id=2454632&use=l&cat=p&typeid=i","cat":298297},{"id":70559,"n":"Ciboulette bio Bio Village 4g","p":0.68,"u":"170,00 €/KG","img":"https://fd9-photos.leclercdrive.fr/image.ashx?id=2426106&use=l&cat=p&typeid=i","cat":298297},{"id":70579,"n":"Fromage Caprice des Dieux  200g","p":2.89,"u":"14,45 €/KG","img":"https://fd9-photos.leclercdrive.fr/image.ashx?id=2762438&use=l&cat=p&typeid=i","cat":314033},{"id":70634,"n":"Lentilles Notre Jardin Graisse d'oie - 400g","p":1.05,"u":"2,63 €/KG","img":"https://fd9-photos.leclercdrive.fr/image.ashx?id=3002620&use=l&cat=p&typeid=i","cat":312609},{"id":70914,"n":"Poivre noir grains Rustica 90g","p":2.32,"u":"25,78 €/KG","img":"https://fd9-photos.leclercdrive.fr/image.ashx?id=2870047&use=l&cat=p&typeid=i","cat":284457},{"id":70993,"n":"Coulommiers Président  350g","p":2.75,"u":"7,86 €/KG","img":"https://fd9-photos.leclercdrive.fr/image.ashx?id=2029862&use=l&cat=p&typeid=i","cat":314033},{"id":71060,"n":"Basilic Rustica 11g","p":0.39,"u":"35,45 €/KG","img":"https://fd9-photos.leclercdrive.fr/image.ashx?id=1238478&use=l&cat=p&typeid=i","cat":298297},{"id":71075,"n":"Vinaigrette biphase Rustica Tomate/ Balsamique - 50cl","p":2.72,"u":"5,44 €/L","img":"https://fd9-photos.leclercdrive.fr/image.ashx?id=1972937&use=l&cat=p&typeid=i","cat":284456},{"id":71077,"n":"Vinaigrette biphase Rustica Ciboulette/Echalote - 50cl","p":2.79,"u":"5,58 €/L","img":"https://fd9-photos.leclercdrive.fr/image.ashx?id=1943241&use=l&cat=p&typeid=i","cat":284456},{"id":71090,"n":"Boisson énergisante Red bull 6x250ml","p":6.42,"u":"4,28 €/L","img":"https://fd9-photos.leclercdrive.fr/image.ashx?id=3011989&use=l&cat=p&typeid=i","cat":284533},{"id":71102,"n":"Bière Desperados 65cl","p":2.54,"u":"3,91 €/L","img":"https://fd9-photos.leclercdrive.fr/image.ashx?id=2977960&use=l&cat=p&typeid=i","cat":334878},{"id":71106,"n":"Ail semoule Rustica 110g","p":1.39,"u":"12,64 €/KG","img":"https://fd9-photos.leclercdrive.fr/image.ashx?id=2870038&use=l&cat=p&typeid=i","cat":298297},{"id":71154,"n":"Arôme vanille Tablier Blanc 200ml","p":2.31,"u":"11,55 €/L","img":"https://fd9-photos.leclercdrive.fr/image.ashx?id=2487476&use=l&cat=p&typeid=i","cat":284504},{"id":71155,"n":"Ail semoule Rustica Flacon - 60g","p":0.99,"u":"16,50 €/KG","img":"https://fd9-photos.leclercdrive.fr/image.ashx?id=1239500&use=l&cat=p&typeid=i","cat":298297},{"id":71156,"n":"Moulin 5 baies Rustica Flacon - 24g","p":1.19,"u":"49,58 €/KG","img":"https://fd9-photos.leclercdrive.fr/image.ashx?id=2907231&use=l&cat=p&typeid=i","cat":284457},{"id":71157,"n":"Herbe de provence haché Rustica 40g","p":0.88,"u":"22,00 €/KG","img":"https://fd9-photos.leclercdrive.fr/image.ashx?id=2935226&use=l&cat=p&typeid=i","cat":298297},{"id":71158,"n":"Poivre gris moulu Rustica Boite - 90g","p":2.29,"u":"25,44 €/KG","img":"https://fd9-photos.leclercdrive.fr/image.ashx?id=2907204&use=l&cat=p&typeid=i","cat":284457},{"id":71162,"n":"Assortiment crackers Tokapi 85g","p":0.69,"u":"8,12 €/KG","img":"https://fd9-photos.leclercdrive.fr/image.ashx?id=1926981&use=l&cat=p&typeid=i","cat":297000},{"id":71164,"n":"Gel lavant Bionaïa Abricot bio - 300ml","p":1.79,"u":"5,97 €/L","img":"https://fd9-photos.leclercdrive.fr/image.ashx?id=2935525&use=l&cat=p&typeid=i","cat":284597},{"id":71351,"n":"Cocktail Pêche Océan Fruits de mer - 500g","p":4.94,"u":"9,88 €/KG","img":"https://fd9-photos.leclercdrive.fr/image.ashx?id=2686347&use=l&cat=p&typeid=i","cat":319787},{"id":71417,"n":"Petits pois très fins Eco  560g","p":1.15,"u":"2,05 €/KG","img":"https://fd9-photos.leclercdrive.fr/image.ashx?id=3003711&use=l&cat=p&typeid=i","cat":312607},{"id":71419,"n":"Petits pois carottes Eco  530g","p":1.12,"u":"2,11 €/KG","img":"https://fd9-photos.leclercdrive.fr/image.ashx?id=3003714&use=l&cat=p&typeid=i","cat":312607},{"id":71422,"n":"Macedoine de legumes Eco  530g","p":1.11,"u":"2,09 €/KG","img":"https://fd9-photos.leclercdrive.fr/image.ashx?id=2729245&use=l&cat=p&typeid=i","cat":312612},{"id":71423,"n":"Flageolets verts fins Eco  530g","p":1.19,"u":"2,25 €/KG","img":"https://fd9-photos.leclercdrive.fr/image.ashx?id=2720012&use=l&cat=p&typeid=i","cat":312606},{"id":71426,"n":"Lentilles Eco+ 530g","p":1.02,"u":"1,92 €/KG","img":"https://fd9-photos.leclercdrive.fr/image.ashx?id=3003720&use=l&cat=p&typeid=i","cat":312609},{"id":71429,"n":"Haricots verts extra fins Eco  440g","p":1.04,"u":"2,36 €/KG","img":"https://fd9-photos.leclercdrive.fr/image.ashx?id=3003726&use=l&cat=p&typeid=i","cat":312606},{"id":71431,"n":"Tomates entières pelées Eco+ - 480g","p":1.1,"u":"2,29 €/KG","img":"https://fd9-photos.leclercdrive.fr/image.ashx?id=3003729&use=l&cat=p&typeid=i","cat":312608},{"id":71439,"n":"Filets de colin d'Alaska Eco+ 10x100g","p":5.3,"u":"5,30 €/KG","img":"https://fd9-photos.leclercdrive.fr/image.ashx?id=1668300&use=l&cat=p&typeid=i","cat":319786},{"id":71442,"n":"Cassoulet Eco+ 840g","p":1.97,"u":"2,35 €/KG","img":"https://fd9-photos.leclercdrive.fr/image.ashx?id=2847937&use=l&cat=p&typeid=i","cat":284440},{"id":71444,"n":"Galettes au beurre Eco+ x16 - 125g","p":0.64,"u":"5,12 €/KG","img":"https://fd9-photos.leclercdrive.fr/image.ashx?id=2746781&use=l&cat=p&typeid=i","cat":284487},{"id":71448,"n":"Raviolis à la sauce tomate Eco+ 800g","p":1.69,"u":"2,11 €/KG","img":"https://fd9-photos.leclercdrive.fr/image.ashx?id=2688288&use=l&cat=p&typeid=i","cat":284442},{"id":71451,"n":"Serviettes maxi nuit Eco+ x10","p":0.64,"u":"0,06 €/P","img":"https://fd9-photos.leclercdrive.fr/image.ashx?id=2177511&use=l&cat=p&typeid=i","cat":284624},{"id":71469,"n":"DOC Prosecco extra-dry blanc 7% vol - 75cl","p":4.99,"u":"6,65 €/L","img":"https://fd9-photos.leclercdrive.fr/image.ashx?id=2977171&use=l&cat=p&typeid=i","cat":289461},{"id":71491,"n":"Croissants Epi d'Or x14 - 560g","p":2.79,"u":"4,98 €/KG","img":"https://fd9-photos.leclercdrive.fr/image.ashx?id=2062428&use=l&cat=p&typeid=i","cat":296366},{"id":71499,"n":"Gaufrette roulée P'tit Déli Chocolat noir - 125g","p":1.29,"u":"10,32 €/KG","img":"https://fd9-photos.leclercdrive.fr/image.ashx?id=2858848&use=l&cat=p&typeid=i","cat":284490},{"id":71531,"n":"Crème fraiche bio Bio village Epaisse - 30% MG  - 50cl","p":2.66,"u":"5,32 €/L","img":"https://fd9-photos.leclercdrive.fr/image.ashx?id=1975050&use=l&cat=p&typeid=i","cat":284381},{"id":71535,"n":"Pommes de terre NRT à l'échirlète - 600g","p":3.55,"u":"5,92 €/KG","img":"https://fd9-photos.leclercdrive.fr/image.ashx?id=1948598&use=l&cat=p&typeid=i","cat":319792},{"id":71546,"n":"Gaufrettes P'tit Déli Vanille - 110g","p":1.01,"u":"9,18 €/KG","img":"https://fd9-photos.leclercdrive.fr/image.ashx?id=2436023&use=l&cat=p&typeid=i","cat":284487},{"id":71553,"n":"Déodorant Manava Freesia Orchidée - 200ml","p":1.34,"u":"6,70 €/L","img":"https://fd9-photos.leclercdrive.fr/image.ashx?id=1952919&use=l&cat=p&typeid=i","cat":284595},{"id":71557,"n":"Mini sables P'tit Déli Chocolat au lait - 160g","p":1.89,"u":"11,81 €/KG","img":"https://fd9-photos.leclercdrive.fr/image.ashx?id=2323295&use=l&cat=p&typeid=i","cat":284488},{"id":71561,"n":"Palets P'tit Déli A la madeleine - 125g","p":1.15,"u":"9,20 €/KG","img":"https://fd9-photos.leclercdrive.fr/image.ashx?id=1938927&use=l&cat=p&typeid=i","cat":284487},{"id":71565,"n":"Pêches Douceur du Verger Sirop léger - 465g","p":1.62,"u":"3,48 €/KG","img":"https://fd9-photos.leclercdrive.fr/image.ashx?id=1240839&use=l&cat=p&typeid=i","cat":284507},{"id":71566,"n":"Sauce Soja Tables Du Monde 125ml","p":0.83,"u":"6,64 €/L","img":"https://fd9-photos.leclercdrive.fr/image.ashx?id=2679765&use=l&cat=p&typeid=i","cat":288992},{"id":71568,"n":"Sauce soja sucrée Table du monde - 125ml","p":0.83,"u":"6,64 €/L","img":"https://fd9-photos.leclercdrive.fr/image.ashx?id=2679762&use=l&cat=p&typeid=i","cat":288992},{"id":71574,"n":"Gaufrettes P'tit Déli Chocolat noisette - 160g","p":1.54,"u":"9,63 €/KG","img":"https://fd9-photos.leclercdrive.fr/image.ashx?id=2915302&use=l&cat=p&typeid=i","cat":284488},{"id":71575,"n":"Test de grossesse Primoplast x1","p":0.74,"img":"https://fd9-photos.leclercdrive.fr/image.ashx?id=1949260&use=l&cat=p&typeid=i","cat":324482},{"id":71578,"n":"Crème lavante Manava Surgras - 300ml","p":1.12,"u":"3,73 €/L","img":"https://fd9-photos.leclercdrive.fr/image.ashx?id=2935513&use=l&cat=p&typeid=i","cat":284597},{"id":71579,"n":"Recharge crème lavante Manava Surgras - 250ml","p":0.66,"u":"2,64 €/L","img":"https://fd9-photos.leclercdrive.fr/image.ashx?id=2935516&use=l&cat=p&typeid=i","cat":284597},{"id":71600,"n":"Champignons Notre Jardin Emincés, épais - 230g","p":1.43,"u":"6,22 €/KG","img":"https://fd9-photos.leclercdrive.fr/image.ashx?id=2049076&use=l&cat=p&typeid=i","cat":312610},{"id":71602,"n":"Change bébé Mots d'Enfants Nouveau né - T1 - 2/5kg - x23","p":2.36,"u":"0,10 €/P","img":"https://fd9-photos.leclercdrive.fr/image.ashx?id=2487165&use=l&cat=p&typeid=i","cat":284737},{"id":71627,"n":"Boisson végétale Bio Village Soja chocolat bio - 1l","p":1.5,"u":"1,50 €/L","img":"https://fd9-photos.leclercdrive.fr/image.ashx?id=2352240&use=l&cat=p&typeid=i","cat":316067},{"id":71629,"n":"Boisson végétale Bio Village Lait amande intense bio - 1l","p":2.39,"u":"2,39 €/L","img":"https://fd9-photos.leclercdrive.fr/image.ashx?id=2386185&use=l&cat=p&typeid=i","cat":316067},{"id":71640,"n":"Coeur de filet de saumon fumé  D'Écosse L'origine du goût 140g","p":8.48,"u":"60,57 €/KG","img":"https://fd9-photos.leclercdrive.fr/image.ashx?id=3015290&use=l&cat=p&typeid=i","cat":285188},{"id":71650,"n":"Saumon fumé L'Origine du Goût Ecosse x4 - 140g","p":8.04,"u":"57,43 €/KG","img":"https://fd9-photos.leclercdrive.fr/image.ashx?id=2820448&use=l&cat=p&typeid=i","cat":285188},{"id":71653,"n":"Thym bio Bio Village 16g","p":0.88,"u":"55,00 €/KG","img":"https://fd9-photos.leclercdrive.fr/image.ashx?id=2050690&use=l&cat=p&typeid=i","cat":298297},{"id":71655,"n":"Curry moulu Bio Village Bio - 37g","p":1.25,"u":"33,78 €/KG","img":"https://fd9-photos.leclercdrive.fr/image.ashx?id=2426103&use=l&cat=p&typeid=i","cat":298297},{"id":71679,"n":"Truffe noire du Périgord L'Origine du goût - 12,5g","p":15.99,"img":"https://fd9-photos.leclercdrive.fr/image.ashx?id=1646697&use=l&cat=p&typeid=i","cat":312610},{"id":71687,"n":"Pelure truffes noires Périgord L'origine du Goût - 12,5g","p":9.95,"u":"829,17 €/KG","img":"https://fd9-photos.leclercdrive.fr/image.ashx?id=1646643&use=l&cat=p&typeid=i","cat":312610},{"id":71805,"n":"Gros cubes allume-feu Calumet En bois -  x64","p":4.01,"u":"0,06 €/P","img":"https://fd9-photos.leclercdrive.fr/image.ashx?id=2832101&use=l&cat=p&typeid=i","cat":300578},{"id":72032,"n":"Bière blonde Affligem 6.7% vol -  Fût 5L","p":19.8,"u":"3,96 €/L","img":"https://fd9-photos.leclercdrive.fr/image.ashx?id=2672722&use=l&cat=p&typeid=i","cat":334879},{"id":72448,"n":"Gateaux Ourson Lu Fraise - 3x150g","p":3.84,"u":"8,53 €/KG","img":"https://fd9-photos.leclercdrive.fr/image.ashx?id=3004777&use=l&cat=p&typeid=i","cat":284495},{"id":72450,"n":"Couronne des rois nature sucre La Fournée Dorée - 350g","p":3.15,"u":"9,00 €/KG","img":"https://fd9-photos.leclercdrive.fr/image.ashx?id=2735302&use=l&cat=p&typeid=i","cat":284478},{"id":72731,"n":"Chocolat Pâtissier Nestlé Dessert : Noir 70% - 170g","p":3.31,"u":"19,47 €/KG","img":"https://fd9-photos.leclercdrive.fr/image.ashx?id=2902358&use=l&cat=p&typeid=i","cat":285562},{"id":72734,"n":"Pain de mie Schär - Céréales Sans gluten - 300g","p":3.31,"u":"11,03 €/KG","img":"https://fd9-photos.leclercdrive.fr/image.ashx?id=2659421&use=l&cat=p&typeid=i","cat":318654},{"id":72786,"n":"Bière blonde Pelforth Fût pression - 5L","p":15.78,"u":"3,16 €/L","img":"https://fd9-photos.leclercdrive.fr/image.ashx?id=2767249&use=l&cat=p&typeid=i","cat":334879},{"id":72789,"n":"Bière blonde Desperados Fût 5L","p":19.88,"u":"3,98 €/L","img":"https://fd9-photos.leclercdrive.fr/image.ashx?id=2983513&use=l&cat=p&typeid=i","cat":334879},{"id":72790,"n":"Caviar Baerii origine France  L'origine du goût - 20g","p":19.95,"u":"997,50 €/KG","img":"https://fd9-photos.leclercdrive.fr/image.ashx?id=3012442&use=l&cat=p&typeid=i","cat":285191},{"id":72791,"n":"Bière Desperados 3x33cl","p":4.53,"u":"4,58 €/L","img":"https://fd9-photos.leclercdrive.fr/image.ashx?id=2983120&use=l&cat=p&typeid=i","cat":334878},{"id":72894,"n":"Huile d'olive Rustica Vierge extra fruité - 75cl","p":7.99,"u":"10,65 €/L","img":"https://fd9-photos.leclercdrive.fr/image.ashx?id=1256807&use=l&cat=p&typeid=i","cat":284453},{"id":72934,"n":"Sauce nuoc mam Tables du monde 125ml","p":0.91,"u":"7,28 €/L","img":"https://fd9-photos.leclercdrive.fr/image.ashx?id=2679771&use=l&cat=p&typeid=i","cat":288992},{"id":72988,"n":"Eau Micellaire Biphase Garnier Maquillage Waterproof - 400ml","p":3.99,"u":"9,98 €/L","img":"https://fd9-photos.leclercdrive.fr/image.ashx?id=2286299&use=l&cat=p&typeid=i","cat":284603},{"id":73001,"n":"Blinis Ronde des mers x4 - 200g","p":1.25,"u":"6,25 €/KG","img":"https://fd9-photos.leclercdrive.fr/image.ashx?id=1919585&use=l&cat=p&typeid=i","cat":285191},{"id":73006,"n":"Sauce pour nems Tables du monde 125ml","p":0.99,"u":"7,92 €/L","img":"https://fd9-photos.leclercdrive.fr/image.ashx?id=2526306&use=l&cat=p&typeid=i","cat":288992},{"id":73064,"n":"Masque tissu hydratant Garnier Repulpant Grenade Hydrabomb","p":2.01,"img":"https://fd9-photos.leclercdrive.fr/image.ashx?id=2401583&use=l&cat=p&typeid=i","cat":325346},{"id":73084,"n":"Crème Hydratante Visage Mixa Peaux Sensibles - 100ml","p":2.73,"u":"27,30 €/L","img":"https://fd9-photos.leclercdrive.fr/image.ashx?id=2300749&use=l&cat=p&typeid=i","cat":325345},{"id":73313,"n":"Caviar Oscietre origine France  L'origine du goût - 20g","p":24.9,"img":"https://fd9-photos.leclercdrive.fr/image.ashx?id=3012445&use=l&cat=p&typeid=i","cat":285191},{"id":73689,"n":"Pomme jaune bio Bio Village x4","p":1.99,"u":"0,50 €/P","img":"https://fd9-photos.leclercdrive.fr/image.ashx?id=2556544&use=l&cat=p&typeid=i","cat":284356},{"id":73697,"n":"Compote Allégée en sucres Eco+ Bocal pomme - 720g","p":0.85,"u":"1,18 €/KG","img":"https://fd9-photos.leclercdrive.fr/image.ashx?id=2038395&use=l&cat=p&typeid=i","cat":284508},{"id":73706,"n":"Riz basmati Eco+ 1kg","p":2.01,"u":"2,01 €/KG","img":"https://fd9-photos.leclercdrive.fr/image.ashx?id=2141651&use=l&cat=p&typeid=i","cat":284428},{"id":73708,"n":"Purée de tomate Eco+ Brique - 500g","p":0.51,"u":"1,02 €/KG","img":"https://fd9-photos.leclercdrive.fr/image.ashx?id=1454520&use=l&cat=p&typeid=i","cat":288384},{"id":73729,"n":"Tartelettes à la fraise Eco+ x12 - 200g","p":0.8,"u":"4,00 €/KG","img":"https://fd9-photos.leclercdrive.fr/image.ashx?id=2981448&use=l&cat=p&typeid=i","cat":284489},{"id":73732,"n":"Gel WC javel Eco+ 750ml","p":0.57,"u":"0,76 €/L","img":"https://fd9-photos.leclercdrive.fr/image.ashx?id=2768074&use=l&cat=p&typeid=i","cat":284662},{"id":73735,"n":"Café moulu Eco+ Pur arabica - 500g","p":6.44,"u":"12,88 €/KG","img":"https://fd9-photos.leclercdrive.fr/image.ashx?id=2843578&use=l&cat=p&typeid=i","cat":284750},{"id":73781,"n":"Maïs doux Eco+ 285g","p":0.78,"u":"2,74 €/KG","img":"https://fd9-photos.leclercdrive.fr/image.ashx?id=1993137&use=l&cat=p&typeid=i","cat":312611},{"id":73783,"n":"Cocktail 4 fruits Eco+ Sirop léger - 500 g","p":1.66,"u":"3,32 €/KG","img":"https://fd9-photos.leclercdrive.fr/image.ashx?id=2783011&use=l&cat=p&typeid=i","cat":284507},{"id":73787,"n":"Sardines Eco+ Huile de tournesol - 3x125g","p":2.39,"u":"6,37 €/KG","img":"https://fd9-photos.leclercdrive.fr/image.ashx?id=2694070&use=l&cat=p&typeid=i","cat":305146},{"id":73791,"n":"Chips nature Eco+ 200g","p":1.0,"u":"5,00 €/KG","img":"https://fd9-photos.leclercdrive.fr/image.ashx?id=2943596&use=l&cat=p&typeid=i","cat":284447},{"id":73793,"n":"Goûters ronds Eco+ Fourrés chocolat - 500g","p":1.35,"u":"2,70 €/KG","img":"https://fd9-photos.leclercdrive.fr/image.ashx?id=2222751&use=l&cat=p&typeid=i","cat":284488},{"id":73797,"n":"Pâtes Eco+ Macaroni - 1kg","p":0.99,"u":"0,99 €/KG","img":"https://fd9-photos.leclercdrive.fr/image.ashx?id=2887395&use=l&cat=p&typeid=i","cat":284427},{"id":73798,"n":"Pâtes Eco+ Coquillettes - 1kg","p":1.01,"u":"1,01 €/KG","img":"https://fd9-photos.leclercdrive.fr/image.ashx?id=2885723&use=l&cat=p&typeid=i","cat":284427},{"id":73799,"n":"Pâtes Eco+ Torsades - 1kg","p":1.0,"u":"1,00 €/KG","img":"https://fd9-photos.leclercdrive.fr/image.ashx?id=2885726&use=l&cat=p&typeid=i","cat":284427},{"id":73802,"n":"Riz soufflé Eco+ Au chocolat au lait - 750g","p":2.71,"u":"3,61 €/KG","img":"https://fd9-photos.leclercdrive.fr/image.ashx?id=2943082&use=l&cat=p&typeid=i","cat":309513},{"id":73804,"n":"Lingettes démaquillantes Eco+ x25","p":0.67,"u":"0,03 €/P","img":"https://fd9-photos.leclercdrive.fr/image.ashx?id=1770354&use=l&cat=p&typeid=i","cat":284603},{"id":73805,"n":"Biscuit fourré cacao Eco+ x12 - 225g","p":0.93,"u":"4,13 €/KG","img":"https://fd9-photos.leclercdrive.fr/image.ashx?id=2834223&use=l&cat=p&typeid=i","cat":284488},{"id":73806,"n":"Eau de javel Eco+ 3x250ml","p":0.48,"u":"0,64 €/L","img":"https://fd9-photos.leclercdrive.fr/image.ashx?id=2949164&use=l&cat=p&typeid=i","cat":284661},{"id":73807,"n":"Carré coton bébé Eco+ x60","p":0.99,"u":"0,02 €/P","img":"https://fd9-photos.leclercdrive.fr/image.ashx?id=2987634&use=l&cat=p&typeid=i","cat":284739},{"id":73957,"n":"Essuie tout Original N°1 Okay Blanc - x6 rouleaux","p":4.41,"u":"0,74 €/P","img":"https://fd9-photos.leclercdrive.fr/image.ashx?id=2981346&use=l&cat=p&typeid=i","cat":284635},{"id":74048,"n":"Lasagnes à la bolognaise Eco + 1kg","p":2.54,"u":"2,54 €/KG","img":"https://fd9-photos.leclercdrive.fr/image.ashx?id=2779166&use=l&cat=p&typeid=i","cat":284254},{"id":74089,"n":"Batonnets Poissons panés Eco+ x15 - 450g","p":1.6,"u":"3,56 €/KG","img":"https://fd9-photos.leclercdrive.fr/image.ashx?id=2843565&use=l&cat=p&typeid=i","cat":319788},{"id":74090,"n":"Nectar Multifruits Eco+ Brique - 2L","p":1.38,"u":"0,69 €/L","img":"https://fd9-photos.leclercdrive.fr/image.ashx?id=2751853&use=l&cat=p&typeid=i","cat":284917},{"id":74101,"n":"Saucisson sec Eco+ 200g","p":1.73,"u":"8,65 €/KG","img":"https://fd9-photos.leclercdrive.fr/image.ashx?id=2859146&use=l&cat=p&typeid=i","cat":316006},{"id":74103,"n":"Saucisse sèche Eco+ Courbé - 300g","p":3.07,"u":"10,23 €/KG","img":"https://fd9-photos.leclercdrive.fr/image.ashx?id=2114406&use=l&cat=p&typeid=i","cat":316006},{"id":74105,"n":"Pur jus d'orange Eco  1.5L","p":2.46,"u":"1,64 €/L","img":"https://fd9-photos.leclercdrive.fr/image.ashx?id=2720136&use=l&cat=p&typeid=i","cat":284521},{"id":74110,"n":"Chorizo doux Eco+ 250g","p":1.66,"u":"6,64 €/KG","img":"https://fd9-photos.leclercdrive.fr/image.ashx?id=2849566&use=l&cat=p&typeid=i","cat":316006},{"id":74115,"n":"Petit Brie Eco+ 32%mg - 500g","p":3.39,"u":"6,78 €/KG","img":"https://fd9-photos.leclercdrive.fr/image.ashx?id=2938403&use=l&cat=p&typeid=i","cat":314033},{"id":74116,"n":"Bière blonde de luxe 4% - 50cl","p":0.57,"u":"1,14 €/L","img":"https://fd9-photos.leclercdrive.fr/image.ashx?id=2955629&use=l&cat=p&typeid=i","cat":334853},{"id":74133,"n":"Bâtonnets de Surimi Pêche Océan MSC - x18 bâtonnets - 300g","p":2.05,"u":"6,83 €/KG","img":"https://fd9-photos.leclercdrive.fr/image.ashx?id=3004636&use=l&cat=p&typeid=i","cat":285189},{"id":74255,"n":"Sauce foie gras Charal 120g","p":2.41,"u":"20,08 €/KG","img":"https://fd9-photos.leclercdrive.fr/image.ashx?id=2144281&use=l&cat=p&typeid=i","cat":327293},{"id":74381,"n":"Mousse de canard Madrange Au porto - 180g","p":1.67,"u":"9,28 €/KG","img":"https://fd9-photos.leclercdrive.fr/image.ashx?id=2865704&use=l&cat=p&typeid=i","cat":316008},{"id":74610,"n":"La Fermière Yaourt au lait entier Vanille - 2x140g","p":2.3,"u":"8,21 €/KG","img":"https://fd9-photos.leclercdrive.fr/image.ashx?id=3004924&use=l&cat=p&typeid=i","cat":286006},{"id":74860,"n":"Champignons Notre Jardin A la grecque - 400g","p":1.56,"u":"3,90 €/KG","img":"https://fd9-photos.leclercdrive.fr/image.ashx?id=2072734&use=l&cat=p&typeid=i","cat":312610},{"id":74999,"n":"Filet mignon de porc Ecrasé de pommes de terre 300g","p":2.9,"u":"9,67 €/KG","img":"https://fd9-photos.leclercdrive.fr/image.ashx?id=2962335&use=l&cat=p&typeid=i","cat":284953},{"id":75017,"n":"Maquereaux Pêche Océan Grillé nature - 97g","p":1.81,"u":"18,66 €/KG","img":"https://fd9-photos.leclercdrive.fr/image.ashx?id=2394681&use=l&cat=p&typeid=i","cat":303868},{"id":75337,"n":"Café en grains Méo L'original Bio - 500g","p":8.82,"u":"17,64 €/KG","img":"https://fd9-photos.leclercdrive.fr/image.ashx?id=2798533&use=l&cat=p&typeid=i","cat":293237},{"id":75357,"n":"Jus multifruits Jafaden Matin Fruité - 1L","p":2.09,"u":"2,09 €/L","img":"https://fd9-photos.leclercdrive.fr/image.ashx?id=2394881&use=l&cat=p&typeid=i","cat":285435},{"id":75359,"n":"Soupe mouliné bio Knorr Tomates oignons et herbes - 1L","p":2.86,"u":"2,86 €/L","img":"https://fd9-photos.leclercdrive.fr/image.ashx?id=2312949&use=l&cat=p&typeid=i","cat":284462},{"id":75491,"n":"Tablette chocolat au lait Lindt Praliné noisettes - 225g","p":3.96,"u":"17,60 €/KG","img":"https://fd9-photos.leclercdrive.fr/image.ashx?id=2423756&use=l&cat=p&typeid=i","cat":284497},{"id":75557,"n":"Tablette de chocolat noir Lindt Praliné Noisettes - 225g","p":4.24,"u":"18,84 €/KG","img":"https://fd9-photos.leclercdrive.fr/image.ashx?id=2606912&use=l&cat=p&typeid=i","cat":284956},{"id":75573,"n":"Mousse aux cèpes Madrange 180g","p":1.59,"u":"8,83 €/KG","img":"https://fd9-photos.leclercdrive.fr/image.ashx?id=3008209&use=l&cat=p&typeid=i","cat":316008},{"id":75575,"n":"Mousse canard Madrange Porto - 2x50g","p":1.28,"u":"12,80 €/KG","img":"https://fd9-photos.leclercdrive.fr/image.ashx?id=2885989&use=l&cat=p&typeid=i","cat":316008},{"id":75595,"n":"Courge butternut bio Bio Village - x1","p":2.59,"img":"https://fd9-photos.leclercdrive.fr/image.ashx?id=2645759&use=l&cat=p&typeid=i","cat":284352},{"id":75629,"n":"Liégeois chocolat Bio Bio village - 4x100g","p":1.89,"u":"4,73 €/KG","img":"https://fd9-photos.leclercdrive.fr/image.ashx?id=2992639&use=l&cat=p&typeid=i","cat":285042},{"id":75630,"n":"Liégéois Bio Bio Village Café - 4x100g","p":1.89,"u":"4,73 €/KG","img":"https://fd9-photos.leclercdrive.fr/image.ashx?id=2337476&use=l&cat=p&typeid=i","cat":285042},{"id":75976,"n":"Potimarron bio Bio Village 1p","p":2.69,"img":"https://fd9-photos.leclercdrive.fr/image.ashx?id=2645765&use=l&cat=p&typeid=i","cat":284352},{"id":75986,"n":"Pizza Feu de bois Bio Village Bio Margharita - 350g","p":3.29,"u":"9,40 €/KG","img":"https://fd9-photos.leclercdrive.fr/image.ashx?id=2943668&use=l&cat=p&typeid=i","cat":284256},{"id":75988,"n":"Fromage blanc lait Bio Village Bio Brebis - 400g","p":2.5,"u":"6,25 €/KG","img":"https://fd9-photos.leclercdrive.fr/image.ashx?id=1434244&use=l&cat=p&typeid=i","cat":314998},{"id":76008,"n":"Chocolat au lait Lindt Création La Crème brûlée - 150g","p":3.05,"u":"20,33 €/KG","img":"https://fd9-photos.leclercdrive.fr/image.ashx?id=2685802&use=l&cat=p&typeid=i","cat":284497},{"id":76011,"n":"Chocolat noir Lindt Création Le Rocher noir - 150g","p":3.05,"u":"20,33 €/KG","img":"https://fd9-photos.leclercdrive.fr/image.ashx?id=2685808&use=l&cat=p&typeid=i","cat":284956},{"id":76015,"n":"Biscuit Speculoos Lotus Biscoff Original - 250g (2x125g)","p":1.45,"u":"5,80 €/KG","img":"https://fd9-photos.leclercdrive.fr/image.ashx?id=2854735&use=l&cat=p&typeid=i","cat":284487},{"id":76018,"n":"Biscuit spéculoos Lotus  Biscoff Original 140g","p":1.1,"u":"7,86 €/KG","img":"https://fd9-photos.leclercdrive.fr/image.ashx?id=2696079&use=l&cat=p&typeid=i","cat":284487},{"id":76025,"n":"Cookies chocolat Eco+ Pépites de chocolat - 200g","p":0.97,"u":"4,85 €/KG","img":"https://fd9-photos.leclercdrive.fr/image.ashx?id=2965392&use=l&cat=p&typeid=i","cat":325066},{"id":76026,"n":"Biscuit tablette Eco+ Chocolat noir - 150g","p":1.07,"u":"7,13 €/KG","img":"https://fd9-photos.leclercdrive.fr/image.ashx?id=2698135&use=l&cat=p&typeid=i","cat":284488},{"id":76113,"n":"Fromage de Chèvre rapé  Les Croisés -  150g","p":2.69,"u":"17,93 €/KG","img":"https://fd9-photos.leclercdrive.fr/image.ashx?id=2897799&use=l&cat=p&typeid=i","cat":314035},{"id":76119,"n":"Secret de mousse La Laitière Chocolat au lait - 4x59g","p":1.43,"u":"6,06 €/KG","img":"https://fd9-photos.leclercdrive.fr/image.ashx?id=2729740&use=l&cat=p&typeid=i","cat":284417},{"id":76120,"n":"Secret de mousse la Laitière Chocolat noir - 4x59g","p":1.43,"u":"6,06 €/KG","img":"https://fd9-photos.leclercdrive.fr/image.ashx?id=2616835&use=l&cat=p&typeid=i","cat":284417},{"id":76147,"n":"Yaourt Nature Panier de Yoplait Lit de Fruits Rouges - 6x140g","p":3.06,"u":"3,64 €/KG","img":"https://fd9-photos.leclercdrive.fr/image.ashx?id=2884423&use=l&cat=p&typeid=i","cat":284410},{"id":76211,"n":"L'ours d'or Haribo Sachet bonbons - 300g","p":1.7,"u":"5,67 €/KG","img":"https://fd9-photos.leclercdrive.fr/image.ashx?id=2805201&use=l&cat=p&typeid=i","cat":304250},{"id":76212,"n":"Tutti Candi Haribo Sachet bonbons - 250g","p":1.63,"u":"6,52 €/KG","img":"https://fd9-photos.leclercdrive.fr/image.ashx?id=2984910&use=l&cat=p&typeid=i","cat":304250},{"id":76214,"n":"Chamallows Choco Haribo Sachet bonbons guimauve - 160g","p":1.91,"u":"11,94 €/KG","img":"https://fd9-photos.leclercdrive.fr/image.ashx?id=2984919&use=l&cat=p&typeid=i","cat":304250},{"id":76219,"n":"Cannelloni Côté Table 800g","p":2.99,"u":"3,74 €/KG","img":"https://fd9-photos.leclercdrive.fr/image.ashx?id=3014284&use=l&cat=p&typeid=i","cat":284442},{"id":76220,"n":"Raviolis Côté Table Aux 6 légumes - 800g","p":2.29,"u":"2,86 €/KG","img":"https://fd9-photos.leclercdrive.fr/image.ashx?id=1847439&use=l&cat=p&typeid=i","cat":284442},{"id":76221,"n":"Pur jus Bio Village Bio Citron Sicile - 25cl","p":1.29,"u":"5,16 €/L","img":"https://fd9-photos.leclercdrive.fr/image.ashx?id=1689321&use=l&cat=p&typeid=i","cat":288383},{"id":76224,"n":"Maoam Stripes Haribo Sachet bonbons - 250g","p":1.99,"u":"7,96 €/KG","img":"https://fd9-photos.leclercdrive.fr/image.ashx?id=2953561&use=l&cat=p&typeid=i","cat":304250},{"id":76250,"n":"Tablette chocolat au lait Milka Cacahuètes caramel - 276g","p":3.95,"u":"14,31 €/KG","img":"https://fd9-photos.leclercdrive.fr/image.ashx?id=2382288&use=l&cat=p&typeid=i","cat":284497},{"id":76272,"n":"Lasagnes bolognaises Côté Table Viande de boeuf français - 600g","p":2.99,"u":"4,98 €/KG","img":"https://fd9-photos.leclercdrive.fr/image.ashx?id=2597324&use=l&cat=p&typeid=i","cat":284254},{"id":76363,"n":"Aérosol Nettoyant Pliz Fée du Logis 300ml","p":2.18,"u":"7,27 €/L","img":"https://fd9-photos.leclercdrive.fr/image.ashx?id=2506546&use=l&cat=p&typeid=i","cat":325364},{"id":76397,"n":"Tablette chocolat au lait Lindt Noisettes 34% - 150g","p":3.53,"u":"23,53 €/KG","img":"https://fd9-photos.leclercdrive.fr/image.ashx?id=1877960&use=l&cat=p&typeid=i","cat":284497},{"id":76454,"n":"Dos de Colin d'Alaska Findus MSC - x6 - 660g","p":8.57,"u":"12,98 €/KG","img":"https://fd9-photos.leclercdrive.fr/image.ashx?id=2735341&use=l&cat=p&typeid=i","cat":319786},{"id":76501,"n":"Chips Tortilla Old El Paso Nachips - 185g","p":2.17,"u":"11,73 €/KG","img":"https://fd9-photos.leclercdrive.fr/image.ashx?id=2444519&use=l&cat=p&typeid=i","cat":288993},{"id":76515,"n":"AOP Petit-Chablis blanc Union Vignerons - 75 cl","p":9.99,"u":"13,32 €/L","img":"https://fd9-photos.leclercdrive.fr/image.ashx?id=2417884&use=l&cat=p&typeid=i","cat":289557},{"id":76604,"n":"Nem au Poulet 4x65g","p":3.55,"u":"13,65 €/KG","img":"https://fd9-photos.leclercdrive.fr/image.ashx?id=2870548&use=l&cat=p&typeid=i","cat":333673},{"id":76687,"n":"Citronnade pétillante Pulco Citron - 1L","p":1.99,"u":"1,99 €/L","img":"https://fd9-photos.leclercdrive.fr/image.ashx?id=2850482&use=l&cat=p&typeid=i","cat":284532},{"id":76721,"n":"Serviette papier Olive Homeside Triple épaisseur 40x40cm - x20","p":1.39,"u":"0,07 €/P","img":"https://fd9-photos.leclercdrive.fr/image.ashx?id=2712337&use=l&cat=p&typeid=i","cat":334134},{"id":76725,"n":"Serviette papier Rouge Homeside Triple épaisseur 40x40cm - x20","p":1.39,"u":"0,07 €/P","img":"https://fd9-photos.leclercdrive.fr/image.ashx?id=1659735&use=l&cat=p&typeid=i","cat":334134},{"id":76728,"n":"Serviette papier Homeside Bleu ciel 40x40cm - x20","p":1.39,"u":"0,07 €/P","img":"https://fd9-photos.leclercdrive.fr/image.ashx?id=2738985&use=l&cat=p&typeid=i","cat":334134},{"id":76732,"n":"Yaourt allégé Sveltesse  Chocolat - 4x125g","p":1.46,"u":"2,92 €/KG","img":"https://fd9-photos.leclercdrive.fr/image.ashx?id=2571020&use=l&cat=p&typeid=i","cat":315000},{"id":76750,"n":"Masque 3en1 Nourrissant Garnier Fructis Hair Food - 390ml","p":6.25,"u":"16,03 €/L","img":"https://fd9-photos.leclercdrive.fr/image.ashx?id=2505663&use=l&cat=p&typeid=i","cat":284608},{"id":76774,"n":"Soin barbe courte Barber Club men expert - 50ml","p":10.76,"u":"215,20 €/L","img":"https://fd9-photos.leclercdrive.fr/image.ashx?id=2353770&use=l&cat=p&typeid=i","cat":284622},{"id":76776,"n":"Eau de toilette Daniel Hechter  Homme Caractère - 50ml","p":14.98,"u":"299,60 €/L","img":"https://fd9-photos.leclercdrive.fr/image.ashx?id=2526953&use=l&cat=p&typeid=i","cat":287740},{"id":76780,"n":"Eau micellaire Mixa  Bio peaux sensibles - 200ml","p":3.28,"u":"16,40 €/L","img":"https://fd9-photos.leclercdrive.fr/image.ashx?id=2421853&use=l&cat=p&typeid=i","cat":284603},{"id":76783,"n":"Eau de Toilette Femme Eau Jeune Echappée Belle - 75ml","p":6.86,"u":"91,47 €/L","img":"https://fd9-photos.leclercdrive.fr/image.ashx?id=2458745&use=l&cat=p&typeid=i","cat":291525},{"id":76802,"n":"Biscuits cacao Kinder Cards Au lait et au cacao x5 - 128g","p":1.87,"u":"14,61 €/KG","img":"https://fd9-photos.leclercdrive.fr/image.ashx?id=2673328&use=l&cat=p&typeid=i","cat":284488},{"id":76811,"n":"Camembert Coeur de Lion Grand cœur - 275g","p":2.58,"u":"9,38 €/KG","img":"https://fd9-photos.leclercdrive.fr/image.ashx?id=2923678&use=l&cat=p&typeid=i","cat":314033},{"id":76859,"n":"Pâté de boeuf pour chat Eco+ Barquette - 100g","p":0.24,"u":"2,40 €/KG","img":"https://fd9-photos.leclercdrive.fr/image.ashx?id=2968613&use=l&cat=p&typeid=i","cat":285286},{"id":76864,"n":"Gelée Bonne Maman Mûres - 370g","p":2.69,"u":"7,27 €/KG","img":"https://fd9-photos.leclercdrive.fr/image.ashx?id=2476305&use=l&cat=p&typeid=i","cat":284480},{"id":76869,"n":"Compote bio Bio Village Gourdes multivariétés - 12x90g","p":6.29,"u":"5,82 €/KG","img":"https://fd9-photos.leclercdrive.fr/image.ashx?id=1974308&use=l&cat=p&typeid=i","cat":284508},{"id":76875,"n":"Confiture Bonne Maman Fraise intense - 335g","p":1.88,"u":"5,61 €/KG","img":"https://fd9-photos.leclercdrive.fr/image.ashx?id=2341008&use=l&cat=p&typeid=i","cat":284480},{"id":76876,"n":"Confiture Bonne Maman Abricot intense - 335g","p":1.98,"u":"5,91 €/KG","img":"https://fd9-photos.leclercdrive.fr/image.ashx?id=2341011&use=l&cat=p&typeid=i","cat":284480},{"id":76877,"n":"Confiture Bonne Maman Framboise intense - 335g","p":2.36,"u":"7,04 €/KG","img":"https://fd9-photos.leclercdrive.fr/image.ashx?id=2341017&use=l&cat=p&typeid=i","cat":284480},{"id":76878,"n":"Confiture Bonne Maman Fruits rouges intense - 335g","p":2.06,"u":"6,15 €/KG","img":"https://fd9-photos.leclercdrive.fr/image.ashx?id=2900977&use=l&cat=p&typeid=i","cat":284480},{"id":76880,"n":"Confiture Bonne Maman Myrtille intense - 335g","p":2.16,"u":"6,45 €/KG","img":"https://fd9-photos.leclercdrive.fr/image.ashx?id=2341020&use=l&cat=p&typeid=i","cat":284480},{"id":76883,"n":"Sachet chat stérilisé Perfect Fit poissons sauce - 4x85g","p":2.64,"u":"7,76 €/KG","img":"https://fd9-photos.leclercdrive.fr/image.ashx?id=2759724&use=l&cat=p&typeid=i","cat":285286},{"id":76886,"n":"Sachet chat stérilisé Perfect  Fit poulet saumon sauce - 4x85g","p":2.7,"u":"7,94 €/KG","img":"https://fd9-photos.leclercdrive.fr/image.ashx?id=2759727&use=l&cat=p&typeid=i","cat":285286},{"id":76887,"n":"Friandises chien Pedigree  Récompense poulet canard - 130g","p":1.73,"u":"13,31 €/KG","img":"https://fd9-photos.leclercdrive.fr/image.ashx?id=2985555&use=l&cat=p&typeid=i","cat":294527},{"id":76888,"n":"Compotes Pom'Potes Gourdes  Multivariétés - 12x90g","p":4.88,"u":"4,52 €/KG","img":"https://fd9-photos.leclercdrive.fr/image.ashx?id=2986143&use=l&cat=p&typeid=i","cat":284508},{"id":76889,"n":"Compotes Pom'Potes Gourdes  Pomme Nature - 20x90g","p":7.0,"u":"3,89 €/KG","img":"https://fd9-photos.leclercdrive.fr/image.ashx?id=2889220&use=l&cat=p&typeid=i","cat":284508},{"id":76895,"n":"Lait croissance Bio Guigoz En poudre - dès 12 mois - 800g","p":15.13,"u":"18,91 €/KG","img":"https://fd9-photos.leclercdrive.fr/image.ashx?id=2740289&use=l&cat=p&typeid=i","cat":290219},{"id":76999,"n":"Vinaigre de vin rouge Maille 50cl","p":2.29,"u":"4,58 €/L","img":"https://fd9-photos.leclercdrive.fr/image.ashx?id=2812747&use=l&cat=p&typeid=i","cat":298543},{"id":77008,"n":"Petits pains grillés Epi d'Or Briochés - 225g","p":1.45,"u":"6,44 €/KG","img":"https://fd9-photos.leclercdrive.fr/image.ashx?id=2038711&use=l&cat=p&typeid=i","cat":284479},{"id":77010,"n":"Lait concentré sucré Nestlé 8% MG - 397g","p":1.7,"u":"4,28 €/KG","img":"https://fd9-photos.leclercdrive.fr/image.ashx?id=2906832&use=l&cat=p&typeid=i","cat":299162},{"id":77017,"n":"Vinaigrette Maille Huile sésame/soja - 36cl","p":2.93,"u":"8,14 €/L","img":"https://fd9-photos.leclercdrive.fr/image.ashx?id=2985657&use=l&cat=p&typeid=i","cat":284456},{"id":77213,"n":"Eau minérale Mont Blanc 6x1L","p":2.5,"u":"0,42 €/L","img":"https://fd9-photos.leclercdrive.fr/image.ashx?id=2650327&use=l&cat=p&typeid=i","cat":284535},{"id":77289,"n":"Friandises chats  Félix Poulet, foie, dinde  - 200g","p":2.59,"u":"12,95 €/KG","img":"https://fd9-photos.leclercdrive.fr/image.ashx?id=2740859&use=l&cat=p&typeid=i","cat":285285},{"id":77336,"n":"St nectaire laitier NRT AOP  300g","p":4.28,"u":"14,27 €/KG","img":"https://fd9-photos.leclercdrive.fr/image.ashx?id=2143359&use=l&cat=p&typeid=i","cat":329184},{"id":77359,"n":"Ravioli pur boeuf Côté Table Sauce italienne - 800g","p":2.19,"u":"2,74 €/KG","img":"https://fd9-photos.leclercdrive.fr/image.ashx?id=3015102&use=l&cat=p&typeid=i","cat":284442},{"id":77382,"n":"Filets maqueraux Pêche Océan Vin blanc citron romarin - 176g","p":1.85,"u":"10,51 €/KG","img":"https://fd9-photos.leclercdrive.fr/image.ashx?id=2436681&use=l&cat=p&typeid=i","cat":303868},{"id":77694,"n":"Yaourt 0% nature Soignon Au lait de chèvre - 4x125g","p":2.28,"u":"4,56 €/KG","img":"https://fd9-photos.leclercdrive.fr/image.ashx?id=2547203&use=l&cat=p&typeid=i","cat":314998},{"id":77696,"n":"Yaourt brassé myrtille Soignon Au lait de chèvre - 4x125g","p":2.75,"u":"5,50 €/KG","img":"https://fd9-photos.leclercdrive.fr/image.ashx?id=2518259&use=l&cat=p&typeid=i","cat":314998},{"id":77706,"n":"Yaourt nature Soignon Au lait de chèvre - 8x125g","p":4.37,"u":"4,37 €/KG","img":"https://fd9-photos.leclercdrive.fr/image.ashx?id=2518289&use=l&cat=p&typeid=i","cat":314998},{"id":77727,"n":"Pain Bagel La Boulangère x2 - 180g","p":1.34,"u":"7,44 €/KG","img":"https://fd9-photos.leclercdrive.fr/image.ashx?id=2333959&use=l&cat=p&typeid=i","cat":284985},{"id":77734,"n":"Pains au chocolat Fournée Dorée Beurre frais x8 - 360g","p":2.9,"u":"8,06 €/KG","img":"https://fd9-photos.leclercdrive.fr/image.ashx?id=2950354&use=l&cat=p&typeid=i","cat":296366},{"id":77735,"n":"IGP Vinaigrette à l'orange Maille 36cl","p":2.45,"u":"6,81 €/L","img":"https://fd9-photos.leclercdrive.fr/image.ashx?id=2082855&use=l&cat=p&typeid=i","cat":284456},{"id":77745,"n":"Sauce Gourmet Amora Béarnaise - 184g","p":1.78,"u":"9,67 €/KG","img":"https://fd9-photos.leclercdrive.fr/image.ashx?id=2387876&use=l&cat=p&typeid=i","cat":318430},{"id":77755,"n":"Vinaigrette Légère MAILLE Vin Rouge & Echalotes - 36cl","p":2.45,"u":"6,81 €/L","img":"https://fd9-photos.leclercdrive.fr/image.ashx?id=2788154&use=l&cat=p&typeid=i","cat":284456},{"id":77877,"n":"Fromage Holland Master  Gouda Vieux AOP - 200g","p":3.68,"u":"18,40 €/KG","img":"https://fd9-photos.leclercdrive.fr/image.ashx?id=1975748&use=l&cat=p&typeid=i","cat":314034},{"id":77882,"n":"Houmous L'Atelier Blini Extra au citron - 175g","p":2.77,"u":"15,83 €/KG","img":"https://fd9-photos.leclercdrive.fr/image.ashx?id=2868984&use=l&cat=p&typeid=i","cat":315999},{"id":77901,"n":"Tzatziki Bio l'Atelier Blini Extra - 160g","p":3.08,"u":"19,25 €/KG","img":"https://fd9-photos.leclercdrive.fr/image.ashx?id=2297081&use=l&cat=p&typeid=i","cat":315999},{"id":77946,"n":"Soin visage L'Oréal Paris Revitalift anti-âge - 50ml","p":13.96,"u":"279,20 €/L","img":"https://fd9-photos.leclercdrive.fr/image.ashx?id=2867527&use=l&cat=p&typeid=i","cat":325345},{"id":77976,"n":"Beurre Grand Fermage Doux - 82% MG - 250g","p":2.66,"u":"10,64 €/KG","img":"https://fd9-photos.leclercdrive.fr/image.ashx?id=2985207&use=l&cat=p&typeid=i","cat":284379},{"id":77986,"n":"Houmous Blini 200g","p":1.93,"u":"9,65 €/KG","img":"https://fd9-photos.leclercdrive.fr/image.ashx?id=2487716&use=l&cat=p&typeid=i","cat":315999},{"id":78002,"n":"Steak Haché Charal Grand cru 12% - 260g","p":5.81,"u":"22,35 €/KG","img":"https://fd9-photos.leclercdrive.fr/image.ashx?id=2014406&use=l&cat=p&typeid=i","cat":284332},{"id":78005,"n":"Feta AOP Casa Azzurra Portion - 150g","p":3.2,"u":"21,33 €/KG","img":"https://fd9-photos.leclercdrive.fr/image.ashx?id=1620610&use=l&cat=p&typeid=i","cat":314026},{"id":78060,"n":"Spaghetti Chaque Jour  Sans gluten - 400g","p":1.6,"u":"4,00 €/KG","img":"https://fd9-photos.leclercdrive.fr/image.ashx?id=1998010&use=l&cat=p&typeid=i","cat":284427},{"id":78071,"n":"Café moulu L'Or Doux 100% Arabica - 2x250g","p":8.97,"u":"17,94 €/KG","img":"https://fd9-photos.leclercdrive.fr/image.ashx?id=1876661&use=l&cat=p&typeid=i","cat":284750},{"id":78075,"n":"Café moulu L'Or Intense 100% Arabica - 250g","p":4.58,"u":"18,32 €/KG","img":"https://fd9-photos.leclercdrive.fr/image.ashx?id=2289927&use=l&cat=p&typeid=i","cat":284750},{"id":78078,"n":"Café moulu San Marco n°7 - 250g","p":5.37,"u":"21,48 €/KG","img":"https://fd9-photos.leclercdrive.fr/image.ashx?id=2322169&use=l&cat=p&typeid=i","cat":284750},{"id":78092,"n":"Purée de brocolis Florette 2x200g","p":2.47,"u":"6,18 €/KG","img":"https://fd9-photos.leclercdrive.fr/image.ashx?id=2790009&use=l&cat=p&typeid=i","cat":333665},{"id":78098,"n":"Sauce Épicée TABASCO Piment Rouge - 60ml","p":2.36,"u":"39,33 €/L","img":"https://fd9-photos.leclercdrive.fr/image.ashx?id=2961317&use=l&cat=p&typeid=i","cat":298298},{"id":78105,"n":"Capsules café L'Or Espresso Splendente N°7 x10","p":2.99,"u":"57,50 €/KG","img":"https://fd9-photos.leclercdrive.fr/image.ashx?id=3000465&use=l&cat=p&typeid=i","cat":284749},{"id":78107,"n":"Capsules café L'Or Espresso Decaffeinato N°6 x10","p":3.08,"u":"59,23 €/KG","img":"https://fd9-photos.leclercdrive.fr/image.ashx?id=2100275&use=l&cat=p&typeid=i","cat":284749},{"id":78108,"n":"Capsules café L'Or Espresso Or Absolu N°9 x10","p":3.63,"u":"69,81 €/KG","img":"https://fd9-photos.leclercdrive.fr/image.ashx?id=2100287&use=l&cat=p&typeid=i","cat":284749},{"id":78131,"n":"Penne Chaque Jour  Sans gluten - 400g","p":1.62,"u":"4,05 €/KG","img":"https://fd9-photos.leclercdrive.fr/image.ashx?id=1997962&use=l&cat=p&typeid=i","cat":284427},{"id":78133,"n":"Sablés framboise Bonne Maman 150g","p":1.77,"u":"11,80 €/KG","img":"https://fd9-photos.leclercdrive.fr/image.ashx?id=2936215&use=l&cat=p&typeid=i","cat":284487},{"id":78137,"n":"Coquillettes Chaque Jour  Sans gluten - 400g","p":1.57,"u":"3,93 €/KG","img":"https://fd9-photos.leclercdrive.fr/image.ashx?id=1997965&use=l&cat=p&typeid=i","cat":284427},{"id":78138,"n":"Sablé de Retz Saint Michel Oter Bahlsen - 2x120g","p":1.48,"u":"6,17 €/KG","img":"https://fd9-photos.leclercdrive.fr/image.ashx?id=2935684&use=l&cat=p&typeid=i","cat":284487},{"id":78140,"n":"Tagliatelles Chaque Jour  Sans gluten - 250g","p":1.69,"u":"6,76 €/KG","img":"https://fd9-photos.leclercdrive.fr/image.ashx?id=1997968&use=l&cat=p&typeid=i","cat":284427},{"id":78145,"n":"Purée de pois cassés Florette 2 x 200g","p":2.47,"u":"6,18 €/KG","img":"https://fd9-photos.leclercdrive.fr/image.ashx?id=2767687&use=l&cat=p&typeid=i","cat":333665},{"id":78154,"n":"Fusilli Chaque Jour  Sans gluten - 400g","p":1.75,"u":"4,38 €/KG","img":"https://fd9-photos.leclercdrive.fr/image.ashx?id=1997971&use=l&cat=p&typeid=i","cat":284427},{"id":78160,"n":"Petits cookies Bonne Maman Pépites de chocolat - 250g","p":2.49,"u":"9,96 €/KG","img":"https://fd9-photos.leclercdrive.fr/image.ashx?id=2936170&use=l&cat=p&typeid=i","cat":325066},{"id":78176,"n":"Mini cônes Extrême Vanille Chocolat x8 - 312g","p":3.69,"u":"11,83 €/KG","img":"https://fd9-photos.leclercdrive.fr/image.ashx?id=2737030&use=l&cat=p&typeid=i","cat":284264},{"id":78192,"n":"Pizza extrème Marie L'américaine - 530g","p":3.93,"u":"7,42 €/KG","img":"https://fd9-photos.leclercdrive.fr/image.ashx?id=2996767&use=l&cat=p&typeid=i","cat":284256},{"id":78204,"n":"Biscuits Palmito LU 100g","p":0.8,"u":"8,00 €/KG","img":"https://fd9-photos.leclercdrive.fr/image.ashx?id=3001949&use=l&cat=p&typeid=i","cat":284487},{"id":78210,"n":"Biscuits Nutella B-ready 6x22g","p":1.9,"u":"14,39 €/KG","img":"https://fd9-photos.leclercdrive.fr/image.ashx?id=2770602&use=l&cat=p&typeid=i","cat":284488},{"id":78214,"n":"Cookies mini Granola Pépites de chocolat - 160g","p":1.7,"u":"10,63 €/KG","img":"https://fd9-photos.leclercdrive.fr/image.ashx?id=3002252&use=l&cat=p&typeid=i","cat":325066},{"id":78271,"n":"Gourde bébé Good Goût Bio 6mois Petit déj - Pomme - 70g","p":1.18,"u":"16,86 €/KG","img":"https://fd9-photos.leclercdrive.fr/image.ashx?id=2736094&use=l&cat=p&typeid=i","cat":312393},{"id":78275,"n":"Mini galette de riz Good Goût Myrtille bio - 40g","p":1.8,"u":"45,00 €/KG","img":"https://fd9-photos.leclercdrive.fr/image.ashx?id=2532135&use=l&cat=p&typeid=i","cat":312227},{"id":78276,"n":"Biscuit tout ronds Good Goût Bio - vanille dès 10 mois - 80g","p":2.95,"u":"36,88 €/KG","img":"https://fd9-photos.leclercdrive.fr/image.ashx?id=2736097&use=l&cat=p&typeid=i","cat":312227},{"id":78496,"n":"Boudoirs Brossard x30 - 175g","p":1.54,"u":"8,80 €/KG","img":"https://fd9-photos.leclercdrive.fr/image.ashx?id=2964995&use=l&cat=p&typeid=i","cat":284487},{"id":78544,"n":"Ravioli pur boeuf Côté Table  400g","p":1.35,"u":"3,38 €/KG","img":"https://fd9-photos.leclercdrive.fr/image.ashx?id=3014281&use=l&cat=p&typeid=i","cat":284442},{"id":78546,"n":"Ravioli bolognaise Côté Table 400g","p":1.99,"u":"4,98 €/KG","img":"https://fd9-photos.leclercdrive.fr/image.ashx?id=3014275&use=l&cat=p&typeid=i","cat":284442},{"id":78577,"n":"Gaufrettes Brun  Chocolat - 146g","p":0.86,"u":"5,89 €/KG","img":"https://fd9-photos.leclercdrive.fr/image.ashx?id=2842543&use=l&cat=p&typeid=i","cat":284487},{"id":78580,"n":"Gaufrettes Brun  Vanille - 146g","p":0.88,"u":"6,03 €/KG","img":"https://fd9-photos.leclercdrive.fr/image.ashx?id=2354320&use=l&cat=p&typeid=i","cat":284487},{"id":78594,"n":"Biscuits croquants Délichoc Chocolat noir - 150g","p":1.79,"u":"11,93 €/KG","img":"https://fd9-photos.leclercdrive.fr/image.ashx?id=2956307&use=l&cat=p&typeid=i","cat":284488},{"id":78618,"n":"Assiettes en carton Eco+ x100","p":2.97,"img":"https://fd9-photos.leclercdrive.fr/image.ashx?id=1307672&use=l&cat=p&typeid=i","cat":334134},{"id":78628,"n":"Serviettes blanches Homeside x30 - 38cmx38cm - 2 plis","p":1.31,"u":"0,04 €/P","img":"https://fd9-photos.leclercdrive.fr/image.ashx?id=1659693&use=l&cat=p&typeid=i","cat":334134},{"id":78642,"n":"Nappe damassée Homeside Turquoise - 7m","p":2.96,"img":"https://fd9-photos.leclercdrive.fr/image.ashx?id=2713581&use=l&cat=p&typeid=i","cat":334134},{"id":78643,"n":"Serviettes 2 plis Ardence Aqua - 38x38cm - x30","p":1.7,"u":"0,06 €/P","img":"https://fd9-photos.leclercdrive.fr/image.ashx?id=2744125&use=l&cat=p&typeid=i","cat":334134},{"id":78678,"n":"Préparation Bio à l'abricot Lucien georgelin - 320g","p":2.87,"u":"8,97 €/KG","img":"https://fd9-photos.leclercdrive.fr/image.ashx?id=2098742&use=l&cat=p&typeid=i","cat":284480},{"id":78714,"n":"Mayonnaise Eco+ Flacon souple - 450g","p":1.27,"u":"2,82 €/KG","img":"https://fd9-photos.leclercdrive.fr/image.ashx?id=2954331&use=l&cat=p&typeid=i","cat":298295},{"id":78717,"n":"Brioche tranchée Eco+ Nature - 500g","p":1.19,"u":"2,38 €/KG","img":"https://fd9-photos.leclercdrive.fr/image.ashx?id=2605086&use=l&cat=p&typeid=i","cat":284478},{"id":78722,"n":"Tartelettes à l'abricot Eco+ x12 - 200g","p":0.8,"u":"4,00 €/KG","img":"https://fd9-photos.leclercdrive.fr/image.ashx?id=2869754&use=l&cat=p&typeid=i","cat":284489},{"id":78723,"n":"Petits beurre Eco+ x24 - 175g","p":0.58,"u":"3,31 €/KG","img":"https://fd9-photos.leclercdrive.fr/image.ashx?id=2758782&use=l&cat=p&typeid=i","cat":284487},{"id":78724,"n":"Assortiment de biscuits Eco+ 500g","p":1.39,"u":"2,78 €/KG","img":"https://fd9-photos.leclercdrive.fr/image.ashx?id=2119940&use=l&cat=p&typeid=i","cat":284490},{"id":78725,"n":"Génoises fourrées orange Eco+ 300g","p":1.5,"u":"5,00 €/KG","img":"https://fd9-photos.leclercdrive.fr/image.ashx?id=2768445&use=l&cat=p&typeid=i","cat":284489},{"id":78726,"n":"Biscuits petit déjeuner Eco+ x25 - 350g","p":0.73,"u":"2,09 €/KG","img":"https://fd9-photos.leclercdrive.fr/image.ashx?id=2550821&use=l&cat=p&typeid=i","cat":284491},{"id":78728,"n":"Goûter fourré Eco+ Chocolat - 300g","p":1.07,"u":"3,57 €/KG","img":"https://fd9-photos.leclercdrive.fr/image.ashx?id=2775884&use=l&cat=p&typeid=i","cat":284488},{"id":78732,"n":"Guacamole Old El Paso Doux - 320g","p":2.18,"u":"6,81 €/KG","img":"https://fd9-photos.leclercdrive.fr/image.ashx?id=2737612&use=l&cat=p&typeid=i","cat":288993},{"id":78742,"n":"Pain campagnard Schar Aux graines sans gluten - 250g","p":3.44,"u":"13,76 €/KG","img":"https://fd9-photos.leclercdrive.fr/image.ashx?id=2139874&use=l&cat=p&typeid=i","cat":325069},{"id":78744,"n":"Pain de mie Schär - Classic Sans gluten - 300g","p":3.34,"u":"11,13 €/KG","img":"https://fd9-photos.leclercdrive.fr/image.ashx?id=2659418&use=l&cat=p&typeid=i","cat":318654},{"id":78769,"n":"Super cookies Michel & Augustin Coeur fondant lait noisette180g","p":3.39,"u":"18,83 €/KG","img":"https://fd9-photos.leclercdrive.fr/image.ashx?id=2538902&use=l&cat=p&typeid=i","cat":325066},{"id":78771,"n":"Galette Bonne Maman x12 - 170g","p":1.67,"u":"9,82 €/KG","img":"https://fd9-photos.leclercdrive.fr/image.ashx?id=2935792&use=l&cat=p&typeid=i","cat":284487},{"id":78773,"n":"Tablette de chocolat noir Lindt Noir 78% cacao - 100g","p":2.42,"u":"24,20 €/KG","img":"https://fd9-photos.leclercdrive.fr/image.ashx?id=2689481&use=l&cat=p&typeid=i","cat":284956},{"id":78937,"n":"Knacki végétal Herta x6 - 210g","p":2.28,"u":"10,86 €/KG","img":"https://fd9-photos.leclercdrive.fr/image.ashx?id=2992323&use=l&cat=p&typeid=i","cat":316036},{"id":78948,"n":"Mouchoirs Ultra Lotus Blanc boîte - x72","p":1.75,"u":"0,02 €/P","img":"https://fd9-photos.leclercdrive.fr/image.ashx?id=2609300&use=l&cat=p&typeid=i","cat":284638},{"id":78953,"n":"Savon solide Bionaïa Abricot bio - 100g","p":1.39,"u":"13,90 €/KG","img":"https://fd9-photos.leclercdrive.fr/image.ashx?id=2331324&use=l&cat=p&typeid=i","cat":284597},{"id":78956,"n":"Mini viennois Côté Snack Jambon Emmental - 130g","p":1.42,"u":"10,92 €/KG","img":"https://fd9-photos.leclercdrive.fr/image.ashx?id=2882328&use=l&cat=p&typeid=i","cat":333658},{"id":78960,"n":"Mini viennois Côté Snack Poulet - 130g","p":1.42,"u":"10,92 €/KG","img":"https://fd9-photos.leclercdrive.fr/image.ashx?id=2898254&use=l&cat=p&typeid=i","cat":333658},{"id":78965,"n":"Xtrem Box Sodebo Radiatori à la Bolognaise -400g","p":3.14,"u":"7,85 €/KG","img":"https://fd9-photos.leclercdrive.fr/image.ashx?id=2638760&use=l&cat=p&typeid=i","cat":334983},{"id":78969,"n":"Trio de lentilles à la moutarde Pierre Martinet - 250g","p":2.67,"u":"10,68 €/KG","img":"https://fd9-photos.leclercdrive.fr/image.ashx?id=2939610&use=l&cat=p&typeid=i","cat":316036},{"id":79016,"n":"Galette boulgour Céréal Bio  Bio tomate parmesan x2 200G","p":2.42,"u":"12,10 €/KG","img":"https://fd9-photos.leclercdrive.fr/image.ashx?id=2573519&use=l&cat=p&typeid=i","cat":284953},{"id":79092,"n":"Adoucissant peaux sensibles 40 lavages - 750 ml - UNI VERT","p":1.78,"u":"2,37 €/L","img":"https://fd9-photos.leclercdrive.fr/image.ashx?id=2602901&use=l&cat=p&typeid=i","cat":284650},{"id":79220,"n":"Petit pot bébé bio Blédina 6m  Légumes veau - 2x200g","p":3.24,"u":"8,10 €/KG","img":"https://fd9-photos.leclercdrive.fr/image.ashx?id=2974291&use=l&cat=p&typeid=i","cat":312236},{"id":79233,"n":"Petit pot bébé bio Blédina 4-6m Haricots pomme de terre -2x130g","p":2.11,"u":"8,12 €/KG","img":"https://fd9-photos.leclercdrive.fr/image.ashx?id=2831699&use=l&cat=p&typeid=i","cat":312234},{"id":79311,"n":"Après-Shampooing Sobio Etic Lait d'amande Bio - 200ml","p":4.24,"u":"21,20 €/L","img":"https://fd9-photos.leclercdrive.fr/image.ashx?id=2787065&use=l&cat=p&typeid=i","cat":284607},{"id":79319,"n":"Shampooing Bio Sobio Etic Cheveux Doux - 250ml","p":3.82,"u":"15,28 €/L","img":"https://fd9-photos.leclercdrive.fr/image.ashx?id=2787068&use=l&cat=p&typeid=i","cat":284606},{"id":79323,"n":"Shampooing Bio Sobio Etic Cheveux nourris - 250ml","p":3.75,"u":"15,00 €/L","img":"https://fd9-photos.leclercdrive.fr/image.ashx?id=2792681&use=l&cat=p&typeid=i","cat":284606},{"id":79402,"n":"Chorizo espagnol fort x30 - 150g","p":2.19,"u":"14,60 €/KG","img":"https://fd9-photos.leclercdrive.fr/image.ashx?id=1873728&use=l&cat=p&typeid=i","cat":316007},{"id":79406,"n":"P'tit max Délisse Framboise - 6x180g","p":2.03,"u":"1,88 €/KG","img":"https://fd9-photos.leclercdrive.fr/image.ashx?id=1875515&use=l&cat=p&typeid=i","cat":284415},{"id":79467,"n":"Filet mignon Petitgas 30 tranches - 75g","p":3.23,"u":"43,07 €/KG","img":"https://fd9-photos.leclercdrive.fr/image.ashx?id=2175174&use=l&cat=p&typeid=i","cat":316007},{"id":79517,"n":"Soupe velouté Knorr 9 légumes - 1L","p":1.72,"u":"1,72 €/L","img":"https://fd9-photos.leclercdrive.fr/image.ashx?id=2408273&use=l&cat=p&typeid=i","cat":284462},{"id":79519,"n":"Soupe mouliné Knorr Légumes variés - 1L","p":1.73,"u":"1,73 €/L","img":"https://fd9-photos.leclercdrive.fr/image.ashx?id=2408276&use=l&cat=p&typeid=i","cat":284462},{"id":79529,"n":"Nouille Tables du Monde Asiatique Poulet cup - 61.5g","p":0.74,"u":"11,94 €/KG","img":"https://fd9-photos.leclercdrive.fr/image.ashx?id=1297261&use=l&cat=p&typeid=i","cat":288992},{"id":79543,"n":"Pâtes De Cecco Linguine n°7 - 500g","p":1.69,"u":"3,38 €/KG","img":"https://fd9-photos.leclercdrive.fr/image.ashx?id=2997280&use=l&cat=p&typeid=i","cat":284427},{"id":79545,"n":"Pâtes Collezione Barilla Tortellini jambon fromage -250g","p":2.58,"u":"10,32 €/KG","img":"https://fd9-photos.leclercdrive.fr/image.ashx?id=2588624&use=l&cat=p&typeid=i","cat":284427},{"id":79552,"n":"Pâtes Barilla Spaghettoni n°7 - 1kg","p":1.85,"u":"1,85 €/KG","img":"https://fd9-photos.leclercdrive.fr/image.ashx?id=2392233&use=l&cat=p&typeid=i","cat":284427},{"id":79556,"n":"Couscous parfumé Tipiak Epice - 510g","p":1.97,"u":"3,86 €/KG","img":"https://fd9-photos.leclercdrive.fr/image.ashx?id=2882866&use=l&cat=p&typeid=i","cat":284429},{"id":79560,"n":"Madeleines moelleuses Saint Michel x10 - 250g","p":1.67,"u":"6,68 €/KG","img":"https://fd9-photos.leclercdrive.fr/image.ashx?id=2936155&use=l&cat=p&typeid=i","cat":284492},{"id":79623,"n":"Barre de céréales Nature Valley  Crunchy avoine miel X5-210g","p":2.25,"u":"10,71 €/KG","img":"https://fd9-photos.leclercdrive.fr/image.ashx?id=2844472&use=l&cat=p&typeid=i","cat":285869},{"id":79624,"n":"Barre de céréales Nature Valley Crunchy avoine chocolat x5-210g","p":2.47,"u":"11,76 €/KG","img":"https://fd9-photos.leclercdrive.fr/image.ashx?id=2844475&use=l&cat=p&typeid=i","cat":285869},{"id":79625,"n":"Barre de céréales Nature Valley  Sweet & Salty chocolat x5-150g","p":2.68,"u":"17,87 €/KG","img":"https://fd9-photos.leclercdrive.fr/image.ashx?id=2737714&use=l&cat=p&typeid=i","cat":285869},{"id":79668,"n":"Bouillon cubes Knorr Légumes réduit en sel x12- 109g","p":1.43,"u":"13,12 €/KG","img":"https://fd9-photos.leclercdrive.fr/image.ashx?id=2793068&use=l&cat=p&typeid=i","cat":288379},{"id":79674,"n":"Mascara Maybelline  Colossal Big Shot volume Noir","p":8.49,"img":"https://fd9-photos.leclercdrive.fr/image.ashx?id=2422734&use=l&cat=p&typeid=i","cat":287029},{"id":79692,"n":"Mascara L'Oréal Paris Millions de Cils Noir","p":11.25,"img":"https://fd9-photos.leclercdrive.fr/image.ashx?id=2419167&use=l&cat=p&typeid=i","cat":287029},{"id":79694,"n":"Fond de Teint L'Oréal Paris Accord Parfait 2.R Vanille Rosé","p":12.9,"img":"https://fd9-photos.leclercdrive.fr/image.ashx?id=2937355&use=l&cat=p&typeid=i","cat":287029},{"id":79797,"n":"Fond de Teint L'Oréal Paris Accord Parfait 3.R Beige Rosé","p":12.9,"img":"https://fd9-photos.leclercdrive.fr/image.ashx?id=2900971&use=l&cat=p&typeid=i","cat":287029},{"id":79873,"n":"Fond de teint Maybelline Dream Radiant 21 Beige Doré","p":8.83,"img":"https://fd9-photos.leclercdrive.fr/image.ashx?id=2434455&use=l&cat=p&typeid=i","cat":287029},{"id":79875,"n":"Fond de teint Maybelline  Dream Radiant Eclat 30 Sable","p":8.65,"img":"https://fd9-photos.leclercdrive.fr/image.ashx?id=2248561&use=l&cat=p&typeid=i","cat":287029},{"id":79876,"n":"Eyeliner feutre Maybelline Tracé Fin Ultra-précis 700 Noir","p":8.06,"img":"https://fd9-photos.leclercdrive.fr/image.ashx?id=2601118&use=l&cat=p&typeid=i","cat":287029},{"id":79896,"n":"Vernis à ongles gel Maybelline Superstay 25 Base Transparente","p":6.9,"img":"https://fd9-photos.leclercdrive.fr/image.ashx?id=2423163&use=l&cat=p&typeid=i","cat":325347},{"id":79897,"n":"Vernis à ongles Maybelline Tenue & Strong - blanc nacré","p":6.9,"img":"https://fd9-photos.leclercdrive.fr/image.ashx?id=2344984&use=l&cat=p&typeid=i","cat":325347},{"id":79904,"n":"Mascara waterproof Maybelline  Volum'Express noir","p":4.2,"img":"https://fd9-photos.leclercdrive.fr/image.ashx?id=2470285&use=l&cat=p&typeid=i","cat":287029},{"id":79908,"n":"Eyeliner express Maybelline Liner liquide Noir","p":9.5,"img":"https://fd9-photos.leclercdrive.fr/image.ashx?id=2670854&use=l&cat=p&typeid=i","cat":287029},{"id":79936,"n":"Jambon Tranché Fin Fleury Michon -25% de sel x4 - 120g","p":2.28,"u":"19,00 €/KG","img":"https://fd9-photos.leclercdrive.fr/image.ashx?id=2889295&use=l&cat=p&typeid=i","cat":316009},{"id":79965,"n":"Mini ruban correcteur Esquisse Bleu, vert et gris - x3","p":1.99,"img":"https://fd9-photos.leclercdrive.fr/image.ashx?id=2943268&use=l&cat=p&typeid=i","cat":334133},{"id":79971,"n":"Boisson Citronnade Pulco Citron - 1L","p":2.0,"u":"2,00 €/L","img":"https://fd9-photos.leclercdrive.fr/image.ashx?id=2942263&use=l&cat=p&typeid=i","cat":295018},{"id":79972,"n":"Soda rouge Orangina Orange Sanguine - 1,5L","p":1.93,"u":"1,29 €/L","img":"https://fd9-photos.leclercdrive.fr/image.ashx?id=2539833&use=l&cat=p&typeid=i","cat":284532},{"id":80102,"n":"Lentille corail bio Happy Bio 500g","p":3.43,"u":"6,86 €/KG","img":"https://fd9-photos.leclercdrive.fr/image.ashx?id=2685012&use=l&cat=p&typeid=i","cat":284430},{"id":80116,"n":"10 crayons à papier Bic Graphite évolution","p":1.05,"img":"https://fd9-photos.leclercdrive.fr/image.ashx?id=2732782&use=l&cat=p&typeid=i","cat":284696},{"id":80128,"n":"Rosette de Lyon Saint-Azay 12 tranches - 100g","p":1.44,"u":"14,40 €/KG","img":"https://fd9-photos.leclercdrive.fr/image.ashx?id=2043032&use=l&cat=p&typeid=i","cat":316007},{"id":80231,"n":"Graines de courge bio Bio Village - 200g","p":3.09,"u":"15,45 €/KG","img":"https://fd9-photos.leclercdrive.fr/image.ashx?id=2043047&use=l&cat=p&typeid=i","cat":323809},{"id":80232,"n":"Graines Bio Village Bio - tournesol - 200g","p":1.59,"u":"7,95 €/KG","img":"https://fd9-photos.leclercdrive.fr/image.ashx?id=2043044&use=l&cat=p&typeid=i","cat":284357},{"id":80302,"n":"Eau minérale naturelle Volvic 6x1,5L","p":3.04,"u":"0,34 €/L","img":"https://fd9-photos.leclercdrive.fr/image.ashx?id=2730244&use=l&cat=p&typeid=i","cat":284535},{"id":80306,"n":"Soda Schweppes Saveur Agrumes -12x33cl","p":7.04,"u":"1,78 €/L","img":"https://fd9-photos.leclercdrive.fr/image.ashx?id=2852426&use=l&cat=p&typeid=i","cat":284532},{"id":80346,"n":"yaourt aux fruits bifidus activia cerise - 4x125g","p":1.81,"u":"3,62 €/KG","img":"https://fd9-photos.leclercdrive.fr/image.ashx?id=2885327&use=l&cat=p&typeid=i","cat":315000},{"id":80380,"n":"Tablette De Chocolat Poulain Noir Extra - 200g","p":2.01,"u":"10,05 €/KG","img":"https://fd9-photos.leclercdrive.fr/image.ashx?id=2890262&use=l&cat=p&typeid=i","cat":284956},{"id":80381,"n":"Tablette De Chocolat Poulain Fine & Gourmande: Noir - 100g","p":1.77,"u":"17,70 €/KG","img":"https://fd9-photos.leclercdrive.fr/image.ashx?id=2869618&use=l&cat=p&typeid=i","cat":284956},{"id":80382,"n":"Tablette De Chocolat Poulain Noir Extra - 2x100g","p":2.42,"u":"12,10 €/KG","img":"https://fd9-photos.leclercdrive.fr/image.ashx?id=2867566&use=l&cat=p&typeid=i","cat":284956},{"id":80383,"n":"Tablette KINDER Chocolat Chocolat au Lait x12 - 150g","p":2.84,"u":"18,93 €/KG","img":"https://fd9-photos.leclercdrive.fr/image.ashx?id=1904474&use=l&cat=p&typeid=i","cat":284498},{"id":80385,"n":"Barres Chocolatées KINDER BUENO  Chocolat au Lait x5 - 215g","p":3.89,"u":"18,09 €/KG","img":"https://fd9-photos.leclercdrive.fr/image.ashx?id=2679621&use=l&cat=p&typeid=i","cat":284498},{"id":80391,"n":"Mascara L'Oréal Paris  Lash Paradise Noir","p":10.63,"img":"https://fd9-photos.leclercdrive.fr/image.ashx?id=2580158&use=l&cat=p&typeid=i","cat":287029},{"id":80398,"n":"Eau Micellaire visage Nivea Peaux sensibles - 400ml","p":3.46,"u":"8,65 €/L","img":"https://fd9-photos.leclercdrive.fr/image.ashx?id=2800965&use=l&cat=p&typeid=i","cat":284603},{"id":80479,"n":"Bières Blondes Chouffe 6x33cl","p":11.26,"u":"5,69 €/L","img":"https://fd9-photos.leclercdrive.fr/image.ashx?id=2877079&use=l&cat=p&typeid=i","cat":334872},{"id":80630,"n":"Purée de tomates Bio Village Bio  - 72cl","p":1.54,"u":"2,14 €/L","img":"https://fd9-photos.leclercdrive.fr/image.ashx?id=2077475&use=l&cat=p&typeid=i","cat":288384},{"id":80841,"n":"Bouillon Cube Maggi Volaille - Degraissé - 120g","p":1.52,"u":"12,67 €/KG","img":"https://fd9-photos.leclercdrive.fr/image.ashx?id=2737087&use=l&cat=p&typeid=i","cat":288379},{"id":80842,"n":"Bouillon Cube Maggi Dégraissé - 120g","p":1.46,"u":"12,17 €/KG","img":"https://fd9-photos.leclercdrive.fr/image.ashx?id=2737090&use=l&cat=p&typeid=i","cat":288379},{"id":80853,"n":"Fonds d'artichauts Géant Vert - 210g","p":3.52,"u":"16,76 €/KG","img":"https://fd9-photos.leclercdrive.fr/image.ashx?id=2840563&use=l&cat=p&typeid=i","cat":312611},{"id":80927,"n":"Fromage chèvre chaud Soignon Nature - 21% MG - 4x25g","p":1.94,"u":"19,40 €/KG","img":"https://fd9-photos.leclercdrive.fr/image.ashx?id=2844951&use=l&cat=p&typeid=i","cat":314027},{"id":80939,"n":"Préparation orange  Lucien Georgelin - 320g","p":2.39,"u":"7,47 €/KG","img":"https://fd9-photos.leclercdrive.fr/image.ashx?id=2445202&use=l&cat=p&typeid=i","cat":284480},{"id":81188,"n":"Flan aromatisé vanille Flanby nappé de caramel - 12x100g","p":2.53,"u":"2,11 €/KG","img":"https://fd9-photos.leclercdrive.fr/image.ashx?id=2744584&use=l&cat=p&typeid=i","cat":284420},{"id":81196,"n":"Flan aromatisé vanille Flanby nappé de caramel - 6x100g","p":1.46,"u":"2,43 €/KG","img":"https://fd9-photos.leclercdrive.fr/image.ashx?id=2483786&use=l&cat=p&typeid=i","cat":284420},{"id":81199,"n":"Yaourt La Laitière  Vanille - 8x125g","p":3.12,"u":"3,12 €/KG","img":"https://fd9-photos.leclercdrive.fr/image.ashx?id=2613981&use=l&cat=p&typeid=i","cat":286006},{"id":81219,"n":"Mousse Bio Village Bio - Chocolat noir - 2x70g","p":2.53,"u":"18,07 €/KG","img":"https://fd9-photos.leclercdrive.fr/image.ashx?id=1961234&use=l&cat=p&typeid=i","cat":284417},{"id":81222,"n":"Pizza La pizz Sodebo Chorizo - 470g","p":3.44,"u":"7,32 €/KG","img":"https://fd9-photos.leclercdrive.fr/image.ashx?id=2868389&use=l&cat=p&typeid=i","cat":333679},{"id":81224,"n":"Pizza l'Ovale Sodebo Lardons & Chèvre affiné - 200g","p":1.77,"u":"8,85 €/KG","img":"https://fd9-photos.leclercdrive.fr/image.ashx?id=2438564&use=l&cat=p&typeid=i","cat":333679},{"id":81236,"n":"Fromage à tartiner Boursin Ail et fines herbes 10 portions","p":2.42,"u":"15,13 €/KG","img":"https://fd9-photos.leclercdrive.fr/image.ashx?id=2964682&use=l&cat=p&typeid=i","cat":314029},{"id":81246,"n":"Bière blonde Pelforth 12x25cl","p":6.93,"u":"2,31 €/L","img":"https://fd9-photos.leclercdrive.fr/image.ashx?id=2645146&use=l&cat=p&typeid=i","cat":334873},{"id":81254,"n":"Bière blonde Grimbergen 6,7° - 12x25cl","p":8.83,"u":"2,94 €/L","img":"https://fd9-photos.leclercdrive.fr/image.ashx?id=2872865&use=l&cat=p&typeid=i","cat":334852},{"id":81268,"n":"Bière blonde Grimbergen 6,7° - 6x25cl","p":4.89,"u":"3,26 €/L","img":"https://fd9-photos.leclercdrive.fr/image.ashx?id=2294381&use=l&cat=p&typeid=i","cat":334852},{"id":81272,"n":"Vin mousseux brut blanc  Produit en Allemagne - 75cl","p":1.57,"u":"2,09 €/L","img":"https://fd9-photos.leclercdrive.fr/image.ashx?id=2720133&use=l&cat=p&typeid=i","cat":284544},{"id":81277,"n":"Vin mousseux demi-sec blanc  Produit en Allemagne - 75cl","p":1.59,"u":"2,12 €/L","img":"https://fd9-photos.leclercdrive.fr/image.ashx?id=2720130&use=l&cat=p&typeid=i","cat":284544},{"id":81280,"n":"Fromage La Vache qui rit Toastinette nature 10 tranches","p":1.7,"u":"8,50 €/KG","img":"https://fd9-photos.leclercdrive.fr/image.ashx?id=2342776&use=l&cat=p&typeid=i","cat":314028},{"id":81281,"n":"Fromage La Vache qui rit Toastinette cheddar 10 tranches","p":1.7,"u":"8,50 €/KG","img":"https://fd9-photos.leclercdrive.fr/image.ashx?id=2342773&use=l&cat=p&typeid=i","cat":314028},{"id":81291,"n":"Bière sans alcool Tourtel Twist Citron Vert Menthe 0,0° -6x27cl","p":4.03,"u":"2,44 €/L","img":"https://fd9-photos.leclercdrive.fr/image.ashx?id=2896567&use=l&cat=p&typeid=i","cat":334877},{"id":81304,"n":"Marron sous vide 420g","p":6.89,"u":"16,40 €/KG","img":"https://fd9-photos.leclercdrive.fr/image.ashx?id=1575035&use=l&cat=p&typeid=i","cat":312612},{"id":81316,"n":"Tablette KINDER Chocolat Chocolat au Lait x24 - 300g","p":4.23,"u":"14,10 €/KG","img":"https://fd9-photos.leclercdrive.fr/image.ashx?id=2868167&use=l&cat=p&typeid=i","cat":284498},{"id":81318,"n":"Bonbons KINDER Schoko-Bons Chocolat au lait - 500G","p":7.75,"u":"15,50 €/KG","img":"https://fd9-photos.leclercdrive.fr/image.ashx?id=2402925&use=l&cat=p&typeid=i","cat":304238},{"id":81322,"n":"Huile de Tournesol Eco+ 3L","p":4.89,"u":"1,63 €/L","img":"https://fd9-photos.leclercdrive.fr/image.ashx?id=1944556&use=l&cat=p&typeid=i","cat":284453},{"id":81323,"n":"Huile d'olive Bio Carapelli Extra-vierge - 75cl","p":11.99,"u":"15,99 €/L","img":"https://fd9-photos.leclercdrive.fr/image.ashx?id=2737447&use=l&cat=p&typeid=i","cat":284453},{"id":81330,"n":"Huile d'arachide Eco+ 1L","p":3.17,"u":"3,17 €/L","img":"https://fd9-photos.leclercdrive.fr/image.ashx?id=3002497&use=l&cat=p&typeid=i","cat":284453},{"id":81352,"n":"Dosettes Bio Village Bio Amérique latine  x36 - 252g","p":4.49,"u":"17,82 €/KG","img":"https://fd9-photos.leclercdrive.fr/image.ashx?id=2181837&use=l&cat=p&typeid=i","cat":293238},{"id":81371,"n":"Tartine de pain Pasquier Au blé complet - 240g","p":1.41,"u":"5,88 €/KG","img":"https://fd9-photos.leclercdrive.fr/image.ashx?id=2927339&use=l&cat=p&typeid=i","cat":284479},{"id":81379,"n":"Jambon cru -25%  de Sel Aoste 6 tranches - 100g","p":3.77,"u":"37,70 €/KG","img":"https://fd9-photos.leclercdrive.fr/image.ashx?id=2359507&use=l&cat=p&typeid=i","cat":316007},{"id":81380,"n":"Chorizo tranché César Moroni Doux 20 tranches - 100g","p":1.97,"u":"19,70 €/KG","img":"https://fd9-photos.leclercdrive.fr/image.ashx?id=2948836&use=l&cat=p&typeid=i","cat":316007},{"id":81383,"n":"Rillettes du Mans La Véritable Bordeau Chesnel - 220g","p":2.17,"u":"9,86 €/KG","img":"https://fd9-photos.leclercdrive.fr/image.ashx?id=2763100&use=l&cat=p&typeid=i","cat":316008},{"id":81462,"n":"Fromage Apéritif Apérivrais  Ail et Fines Herbes - 100g","p":2.08,"u":"20,80 €/KG","img":"https://fd9-photos.leclercdrive.fr/image.ashx?id=2854612&use=l&cat=p&typeid=i","cat":314027},{"id":81547,"n":"Capsules Nescafé Dolce Gusto  Cappuccino - x8 - 186g","p":4.5,"u":"24,19 €/KG","img":"https://fd9-photos.leclercdrive.fr/image.ashx?id=2838809&use=l&cat=p&typeid=i","cat":293239},{"id":81548,"n":"Pain de mie Harrys 100% mie Nature Sans croûte Maxi - 650g","p":2.09,"u":"3,22 €/KG","img":"https://fd9-photos.leclercdrive.fr/image.ashx?id=2517468&use=l&cat=p&typeid=i","cat":284477},{"id":81549,"n":"Semoule au lait Bonne Maman Vanille Naturelle - 4x100g","p":2.23,"u":"22,30 €/KG","img":"https://fd9-photos.leclercdrive.fr/image.ashx?id=2924281&use=l&cat=p&typeid=i","cat":284418},{"id":81554,"n":"Riz au lait Bonne Maman Vanille Naturelle - 4x100g","p":2.23,"u":"5,58 €/KG","img":"https://fd9-photos.leclercdrive.fr/image.ashx?id=2619130&use=l&cat=p&typeid=i","cat":284418},{"id":81558,"n":"Pain de mie 100% Mie Harrys Nature petites tranches - 500g","p":1.71,"u":"3,42 €/KG","img":"https://fd9-photos.leclercdrive.fr/image.ashx?id=2517453&use=l&cat=p&typeid=i","cat":284477},{"id":81559,"n":"Yaourt Enfant Petits Filous Fruits Mixés Panaché - 12x50g","p":2.0,"u":"3,33 €/KG","img":"https://fd9-photos.leclercdrive.fr/image.ashx?id=2767359&use=l&cat=p&typeid=i","cat":284414},{"id":81564,"n":"AOP Champagne Canard-Duchêne Brut - 75cl","p":23.95,"u":"31,93 €/L","img":"https://fd9-photos.leclercdrive.fr/image.ashx?id=2756909&use=l&cat=p&typeid=i","cat":284542},{"id":81567,"n":"Biscuits Good Goût - 8 mois Bio - Mangue - 50g","p":2.78,"u":"55,60 €/KG","img":"https://fd9-photos.leclercdrive.fr/image.ashx?id=2762256&use=l&cat=p&typeid=i","cat":312227},{"id":81673,"n":"Filet de poulet blanc 600g","p":6.68,"u":"11,13 €/KG","img":"https://fd9-photos.leclercdrive.fr/image.ashx?id=2849800&use=l&cat=p&typeid=i","cat":284336},{"id":81700,"n":"Compote bébé bio BabyBio Pomme châtaigne - 6 mois - 260g","p":2.12,"u":"8,15 €/KG","img":"https://fd9-photos.leclercdrive.fr/image.ashx?id=2838338&use=l&cat=p&typeid=i","cat":312388},{"id":81702,"n":"Gourde bébé Babybio - 6 mois Bio Pomme / Framboise - 360g","p":3.2,"u":"8,89 €/KG","img":"https://fd9-photos.leclercdrive.fr/image.ashx?id=2827542&use=l&cat=p&typeid=i","cat":312393},{"id":81703,"n":"Gourde bébé Babybio - 6 mois Bio Orange / Banane - 360g","p":3.59,"u":"9,97 €/KG","img":"https://fd9-photos.leclercdrive.fr/image.ashx?id=2832017&use=l&cat=p&typeid=i","cat":312393},{"id":81768,"n":"Brioche tranchée La Boulangère Bio - 400g","p":2.24,"u":"5,60 €/KG","img":"https://fd9-photos.leclercdrive.fr/image.ashx?id=2912194&use=l&cat=p&typeid=i","cat":284478},{"id":81861,"n":"Pain de mie 100% Mie Harrys Nature grandes tranches - 500g","p":1.78,"u":"3,56 €/KG","img":"https://fd9-photos.leclercdrive.fr/image.ashx?id=2517456&use=l&cat=p&typeid=i","cat":284477},{"id":81890,"n":"Tablette chocolat au lait Milka Cacahuètes / Croquants - 2x90g","p":3.85,"u":"21,39 €/KG","img":"https://fd9-photos.leclercdrive.fr/image.ashx?id=2496338&use=l&cat=p&typeid=i","cat":284497},{"id":81909,"n":"Café moulu Grand Mère Familial - 250g","p":3.48,"u":"13,92 €/KG","img":"https://fd9-photos.leclercdrive.fr/image.ashx?id=1755046&use=l&cat=p&typeid=i","cat":284750},{"id":81991,"n":"Courgettes rondelle Bio Village Bio - 600g","p":1.99,"u":"3,32 €/KG","img":"https://fd9-photos.leclercdrive.fr/image.ashx?id=2898089&use=l&cat=p&typeid=i","cat":319805},{"id":82004,"n":"Mozzarella mini Galbani 150g","p":2.45,"u":"16,33 €/KG","img":"https://fd9-photos.leclercdrive.fr/image.ashx?id=2766586&use=l&cat=p&typeid=i","cat":314026},{"id":82008,"n":"Emmental râpé fondant Président 3x70g","p":2.66,"u":"12,67 €/KG","img":"https://fd9-photos.leclercdrive.fr/image.ashx?id=2462741&use=l&cat=p&typeid=i","cat":314035},{"id":82009,"n":"Mozzarella râpée cucina Galbani 150g","p":2.68,"u":"17,87 €/KG","img":"https://fd9-photos.leclercdrive.fr/image.ashx?id=2787887&use=l&cat=p&typeid=i","cat":314035},{"id":82099,"n":"Steak haché Eco+ x10 - 1kg","p":8.74,"u":"8,74 €/KG","img":"https://fd9-photos.leclercdrive.fr/image.ashx?id=2966532&use=l&cat=p&typeid=i","cat":319778},{"id":82102,"n":"Lanières Trio de poivrons Bio Bio village - 600g","p":2.99,"u":"4,98 €/KG","img":"https://fd9-photos.leclercdrive.fr/image.ashx?id=2898092&use=l&cat=p&typeid=i","cat":319805},{"id":82145,"n":"Bière blonde La G de Goudale 7.9%vol - 75cl","p":3.78,"u":"5,04 €/L","img":"https://fd9-photos.leclercdrive.fr/image.ashx?id=2861566&use=l&cat=p&typeid=i","cat":334872},{"id":82148,"n":"Lardons fumés Supérieur Eco+ 2x100g","p":1.34,"u":"6,70 €/KG","img":"https://fd9-photos.leclercdrive.fr/image.ashx?id=2688252&use=l&cat=p&typeid=i","cat":316011},{"id":82149,"n":"lardons supérieurs ECO+ Nature - 2x100g","p":1.31,"u":"6,55 €/KG","img":"https://fd9-photos.leclercdrive.fr/image.ashx?id=2968655&use=l&cat=p&typeid=i","cat":316011},{"id":82152,"n":"Compote Andros Abricot Morceaux - 4x100g","p":2.25,"u":"5,63 €/KG","img":"https://fd9-photos.leclercdrive.fr/image.ashx?id=2853566&use=l&cat=p&typeid=i","cat":284416},{"id":82157,"n":"Dessert fruitier pêche Andros En morceaux - 4x100g","p":1.9,"u":"4,75 €/KG","img":"https://fd9-photos.leclercdrive.fr/image.ashx?id=2845470&use=l&cat=p&typeid=i","cat":284416},{"id":82159,"n":"Compotes Andros Pomme/chataigne - 4x100g","p":1.68,"u":"4,20 €/KG","img":"https://fd9-photos.leclercdrive.fr/image.ashx?id=2937361&use=l&cat=p&typeid=i","cat":284416},{"id":82167,"n":"Compotes Andros Pomme Banane - 4x100g","p":1.37,"u":"3,43 €/KG","img":"https://fd9-photos.leclercdrive.fr/image.ashx?id=2883997&use=l&cat=p&typeid=i","cat":284416},{"id":82172,"n":"Mini cônes Extrême  Vanille Caramel x8 - 312g","p":3.97,"u":"12,72 €/KG","img":"https://fd9-photos.leclercdrive.fr/image.ashx?id=2737033&use=l&cat=p&typeid=i","cat":284264},{"id":82174,"n":"Extrême  Citron Framboise - 6x71g","p":3.79,"u":"8,90 €/KG","img":"https://fd9-photos.leclercdrive.fr/image.ashx?id=2866076&use=l&cat=p&typeid=i","cat":284264},{"id":82177,"n":"Bière blonde Duvel 8.5%vol - 75cl","p":4.15,"u":"5,53 €/L","img":"https://fd9-photos.leclercdrive.fr/image.ashx?id=2111139&use=l&cat=p&typeid=i","cat":334872},{"id":82179,"n":"Bière blonde 3 Monts 75cl","p":2.47,"u":"3,29 €/L","img":"https://fd9-photos.leclercdrive.fr/image.ashx?id=2550553&use=l&cat=p&typeid=i","cat":334852},{"id":82184,"n":"Barres KINDER BUENO White  Chocolat Blanc x12 - 468g","p":8.35,"u":"17,84 €/KG","img":"https://fd9-photos.leclercdrive.fr/image.ashx?id=2679642&use=l&cat=p&typeid=i","cat":284498},{"id":82218,"n":"Emmental fromage rapé Les Croisés - 750g","p":5.98,"u":"7,97 €/KG","img":"https://fd9-photos.leclercdrive.fr/image.ashx?id=1995830&use=l&cat=p&typeid=i","cat":314035},{"id":82234,"n":"Liniment Corine de Farme Bio - 500ml","p":4.28,"u":"8,56 €/L","img":"https://fd9-photos.leclercdrive.fr/image.ashx?id=2424449&use=l&cat=p&typeid=i","cat":284741},{"id":82250,"n":"Thon au Naturel Petit Navire Démarche Responsable 140g","p":2.19,"u":"15,64 €/KG","img":"https://fd9-photos.leclercdrive.fr/image.ashx?id=2928360&use=l&cat=p&typeid=i","cat":303867},{"id":82251,"n":"Thon MSC Naturel Petit Navire Entier -  112g","p":3.21,"u":"28,66 €/KG","img":"https://fd9-photos.leclercdrive.fr/image.ashx?id=2928357&use=l&cat=p&typeid=i","cat":303867},{"id":82253,"n":"Biscuits Thé LU 350g","p":1.44,"u":"4,11 €/KG","img":"https://fd9-photos.leclercdrive.fr/image.ashx?id=2977738&use=l&cat=p&typeid=i","cat":284487},{"id":82257,"n":"Thon Albacore Connetable 100% filets - De bretagne -112g","p":2.6,"u":"23,21 €/KG","img":"https://fd9-photos.leclercdrive.fr/image.ashx?id=2654806&use=l&cat=p&typeid=i","cat":303867},{"id":82264,"n":"Doonuts St Michel Pépites de chocolat - 180g","p":2.22,"u":"12,33 €/KG","img":"https://fd9-photos.leclercdrive.fr/image.ashx?id=1917782&use=l&cat=p&typeid=i","cat":284495},{"id":82265,"n":"Céréales Quaker Cruesli Chocolat - 450g","p":2.69,"u":"5,98 €/KG","img":"https://fd9-photos.leclercdrive.fr/image.ashx?id=2382791&use=l&cat=p&typeid=i","cat":309512},{"id":82266,"n":"Filet de sardines Saupiquet A l'huile d'olive - 100g","p":1.4,"u":"14,00 €/KG","img":"https://fd9-photos.leclercdrive.fr/image.ashx?id=2845347&use=l&cat=p&typeid=i","cat":305146},{"id":82268,"n":"Filet de Sardines Saupiquet Marinade Citron Basilic - 100g","p":1.51,"u":"15,10 €/KG","img":"https://fd9-photos.leclercdrive.fr/image.ashx?id=2845326&use=l&cat=p&typeid=i","cat":305146},{"id":82272,"n":"Sardine Parmentier Tomates - 135g","p":1.44,"u":"10,67 €/KG","img":"https://fd9-photos.leclercdrive.fr/image.ashx?id=3014416&use=l&cat=p&typeid=i","cat":305146},{"id":82280,"n":"Sardines Parmentier Piment - 135g","p":1.52,"u":"11,26 €/KG","img":"https://fd9-photos.leclercdrive.fr/image.ashx?id=2988312&use=l&cat=p&typeid=i","cat":305146},{"id":82309,"n":"yaourt fruits bio les 2 vaches brassé poire - 4x115g","p":1.87,"u":"4,07 €/KG","img":"https://fd9-photos.leclercdrive.fr/image.ashx?id=2571527&use=l&cat=p&typeid=i","cat":284410},{"id":82350,"n":"Frites fines McCain Côté Comptoir - 650g","p":2.57,"u":"3,95 €/KG","img":"https://fd9-photos.leclercdrive.fr/image.ashx?id=2693887&use=l&cat=p&typeid=i","cat":319791},{"id":82351,"n":"Frites incurvées McCain Côté Brasserie - 650g","p":2.19,"u":"3,37 €/KG","img":"https://fd9-photos.leclercdrive.fr/image.ashx?id=2927044&use=l&cat=p&typeid=i","cat":319791},{"id":82353,"n":"Biscuits Oréo enrobé chocolat Au lait - 246g","p":2.46,"u":"10,00 €/KG","img":"https://fd9-photos.leclercdrive.fr/image.ashx?id=2908333&use=l&cat=p&typeid=i","cat":284488},{"id":82433,"n":"Cordons Bleus Côté Croc Poulet x4 - 400g","p":3.14,"u":"7,85 €/KG","img":"https://fd9-photos.leclercdrive.fr/image.ashx?id=2795574&use=l&cat=p&typeid=i","cat":333683},{"id":82440,"n":"Boisson lactée Candy'UP Vanille - 6x20cl","p":2.7,"u":"2,25 €/L","img":"https://fd9-photos.leclercdrive.fr/image.ashx?id=2485632&use=l&cat=p&typeid=i","cat":295246},{"id":82520,"n":"Fromage Croque emmental Président - 12 tranches - 200g","p":1.66,"u":"8,30 €/KG","img":"https://fd9-photos.leclercdrive.fr/image.ashx?id=2446356&use=l&cat=p&typeid=i","cat":314028},{"id":82575,"n":"Bière ambrée La Goudale 7.2%vol - 6x25cl","p":4.83,"u":"3,22 €/L","img":"https://fd9-photos.leclercdrive.fr/image.ashx?id=2915521&use=l&cat=p&typeid=i","cat":334852},{"id":82647,"n":"Garniture :bouchées à la reine Petit Jean 2+1 offert - 3x400g","p":4.1,"u":"3,42 €/KG","img":"https://fd9-photos.leclercdrive.fr/image.ashx?id=2185286&use=l&cat=p&typeid=i","cat":284441},{"id":82659,"n":"Chewing-gum 2Fresh Hollywood Menthe fraîche - 66g","p":1.7,"u":"25,76 €/KG","img":"https://fd9-photos.leclercdrive.fr/image.ashx?id=2676204&use=l&cat=p&typeid=i","cat":304251},{"id":82668,"n":"Yaourt aux fruits Activia bifidus - 8x125g","p":3.45,"u":"3,45 €/KG","img":"https://fd9-photos.leclercdrive.fr/image.ashx?id=3003146&use=l&cat=p&typeid=i","cat":315000},{"id":82672,"n":"Yaourt aux fruits bifidus Activia pruneau - 4x125g","p":1.81,"u":"3,62 €/KG","img":"https://fd9-photos.leclercdrive.fr/image.ashx?id=2886636&use=l&cat=p&typeid=i","cat":315000},{"id":82676,"n":"Yaourt aux fruits bifidus Activia figue - 4x125g","p":1.93,"u":"3,86 €/KG","img":"https://fd9-photos.leclercdrive.fr/image.ashx?id=2886630&use=l&cat=p&typeid=i","cat":315000},{"id":82677,"n":"yaourt aux fruits bifidus activia fraise - 4x125g","p":1.79,"u":"3,58 €/KG","img":"https://fd9-photos.leclercdrive.fr/image.ashx?id=2886627&use=l&cat=p&typeid=i","cat":315000},{"id":82678,"n":"yaourt aux fruits bifidus activia - 16x125g","p":6.19,"u":"3,10 €/KG","img":"https://fd9-photos.leclercdrive.fr/image.ashx?id=2810609&use=l&cat=p&typeid=i","cat":315000},{"id":82688,"n":"Brandade de Morue Tipiak 1.050kg","p":5.97,"u":"5,69 €/KG","img":"https://fd9-photos.leclercdrive.fr/image.ashx?id=2944023&use=l&cat=p&typeid=i","cat":284254},{"id":82722,"n":"Rhum Vieux Rivière du Mât Traditionnel - 70cl - 42%vol","p":21.51,"u":"30,73 €/L","img":"https://fd9-photos.leclercdrive.fr/image.ashx?id=2669106&use=l&cat=p&typeid=i","cat":284550},{"id":82739,"n":"Poisson pané Croustibat Findus Petit trésor MSC - x15 - 450g","p":3.13,"u":"6,96 €/KG","img":"https://fd9-photos.leclercdrive.fr/image.ashx?id=3008758&use=l&cat=p&typeid=i","cat":319788},{"id":82741,"n":"Poisson pané Findus Colin  Alaska Fish and Chips x13- 364g","p":2.88,"u":"7,91 €/KG","img":"https://fd9-photos.leclercdrive.fr/image.ashx?id=3008761&use=l&cat=p&typeid=i","cat":319788},{"id":82745,"n":"Couches Activ+ Mots d'enfants  Taille 5 : 11/25kg - x35","p":12.99,"u":"0,37 €/P","img":"https://fd9-photos.leclercdrive.fr/image.ashx?id=2922424&use=l&cat=p&typeid=i","cat":284737},{"id":82748,"n":"Couches Activ+ Mots d'enfants  Taille 4+ 9/20kg - x37 changes","p":12.99,"u":"0,35 €/P","img":"https://fd9-photos.leclercdrive.fr/image.ashx?id=2699747&use=l&cat=p&typeid=i","cat":284737},{"id":82924,"n":"Bière Heineken 6x33cl","p":4.64,"u":"2,34 €/L","img":"https://fd9-photos.leclercdrive.fr/image.ashx?id=3008113&use=l&cat=p&typeid=i","cat":334853},{"id":83120,"n":"Bière brune Pelforth 12x25cl","p":8.51,"u":"2,84 €/L","img":"https://fd9-photos.leclercdrive.fr/image.ashx?id=2646182&use=l&cat=p&typeid=i","cat":334852},{"id":83132,"n":"Boisson lactée Tous mes amis pour chats - 3x200ml","p":2.13,"u":"3,55 €/L","img":"https://fd9-photos.leclercdrive.fr/image.ashx?id=2313482&use=l&cat=p&typeid=i","cat":285285},{"id":83227,"n":"Nuggets de poulet Le Gaulois x10 - 200g","p":1.99,"u":"9,95 €/KG","img":"https://fd9-photos.leclercdrive.fr/image.ashx?id=2342818&use=l&cat=p&typeid=i","cat":333684},{"id":83303,"n":"Happy Cola Haribo Sachet bonbons - 300g","p":1.82,"u":"6,07 €/KG","img":"https://fd9-photos.leclercdrive.fr/image.ashx?id=2806087&use=l&cat=p&typeid=i","cat":304250},{"id":83429,"n":"AOP Côtes de Provence rosé H Haussmann - 75cl","p":8.62,"u":"11,49 €/L","img":"https://fd9-photos.leclercdrive.fr/image.ashx?id=2093535&use=l&cat=p&typeid=i","cat":289558},{"id":83698,"n":"IGP Pays d'Oc Grenache vin rosé Vieux Carion 12.5% vol - 75cl","p":2.25,"u":"3,00 €/L","img":"https://fd9-photos.leclercdrive.fr/image.ashx?id=2722823&use=l&cat=p&typeid=i","cat":289558},{"id":83852,"n":"Petites tranches Saint-Agaûne Nature - 70g","p":2.85,"u":"40,71 €/KG","img":"https://fd9-photos.leclercdrive.fr/image.ashx?id=2852558&use=l&cat=p&typeid=i","cat":316006},{"id":83935,"n":"Thon mariné au piment d\"espelette Petit Navire - 110g","p":2.1,"u":"19,09 €/KG","img":"https://fd9-photos.leclercdrive.fr/image.ashx?id=2682863&use=l&cat=p&typeid=i","cat":303867},{"id":83951,"n":"IGP Pays d'Oc rouge Merlot J-P Chenet 13% vol BIB 3L","p":10.2,"u":"3,40 €/L","img":"https://fd9-photos.leclercdrive.fr/image.ashx?id=2941709&use=l&cat=p&typeid=i","cat":289560},{"id":83962,"n":"Vin Portugal Vinho Verde DOC blanc Gazela - 75cl","p":4.97,"u":"6,63 €/L","img":"https://fd9-photos.leclercdrive.fr/image.ashx?id=2629620&use=l&cat=p&typeid=i","cat":289009},{"id":83985,"n":"IGP Pays d'Oc rouge Merlot Grand Sud 13% vol - 1L","p":3.92,"u":"3,92 €/L","img":"https://fd9-photos.leclercdrive.fr/image.ashx?id=2941583&use=l&cat=p&typeid=i","cat":289556},{"id":83986,"n":"IGP Pays d'Oc rosé Merlot Grand Sud 12.5% vol - 1L","p":3.92,"u":"3,92 €/L","img":"https://fd9-photos.leclercdrive.fr/image.ashx?id=2941580&use=l&cat=p&typeid=i","cat":289558},{"id":84152,"n":"Pain pour Panini La Boulangère x4 - 300g","p":1.67,"u":"5,57 €/KG","img":"https://fd9-photos.leclercdrive.fr/image.ashx?id=2937457&use=l&cat=p&typeid=i","cat":284985},{"id":84154,"n":"Bonbons VICHY Menthe 230g","p":1.05,"u":"4,57 €/KG","img":"https://fd9-photos.leclercdrive.fr/image.ashx?id=2806342&use=l&cat=p&typeid=i","cat":304252},{"id":84158,"n":"Bonbons CARAMBAR Fruits Assortiment - 320g","p":1.71,"u":"5,34 €/KG","img":"https://fd9-photos.leclercdrive.fr/image.ashx?id=2964499&use=l&cat=p&typeid=i","cat":304250},{"id":84160,"n":"Bonbons CARAMBAR Caramel 320g","p":1.72,"u":"5,38 €/KG","img":"https://fd9-photos.leclercdrive.fr/image.ashx?id=2770124&use=l&cat=p&typeid=i","cat":304250},{"id":84161,"n":"Bonbons LA PIE QUI CHANTE Michoko Noir - 280g","p":2.36,"u":"8,43 €/KG","img":"https://fd9-photos.leclercdrive.fr/image.ashx?id=2817842&use=l&cat=p&typeid=i","cat":304250},{"id":84163,"n":"Break P'tit Déli 135g","p":1.33,"u":"9,85 €/KG","img":"https://fd9-photos.leclercdrive.fr/image.ashx?id=2566200&use=l&cat=p&typeid=i","cat":284488},{"id":84186,"n":"Lait bébé en poudre Bio Guigoz 2ème âge - 6-12 mois - 800g","p":18.41,"u":"23,01 €/KG","img":"https://fd9-photos.leclercdrive.fr/image.ashx?id=2740286&use=l&cat=p&typeid=i","cat":284727},{"id":84227,"n":"Cartouche d'encre HP Noire authentique 302","p":21.97,"u":"Dont 0,02 € d'éco-part.","img":"https://fd9-photos.leclercdrive.fr/image.ashx?id=1744229&use=l&cat=p&typeid=i","cat":316445},{"id":84228,"n":"Cartouche d'encre HP Tricolore - 302","p":21.89,"u":"Dont 0,02 € d'éco-part.","img":"https://fd9-photos.leclercdrive.fr/image.ashx?id=1884130&use=l&cat=p&typeid=i","cat":316445},{"id":84230,"n":"Cartouche d'encre HP Noir - 304","p":15.49,"u":"Dont 0,02 € d'éco-part.","img":"https://fd9-photos.leclercdrive.fr/image.ashx?id=1874219&use=l&cat=p&typeid=i","cat":316445},{"id":84249,"n":"Crème Bio Hydratante Sobio Etic Aloe Vera - 100ml","p":7.53,"u":"75,30 €/L","img":"https://fd9-photos.leclercdrive.fr/image.ashx?id=2787074&use=l&cat=p&typeid=i","cat":325345},{"id":84253,"n":"Crème de Douche Bio Sobio Etic Peaux Sensibles Aloe Vera-650ml","p":6.13,"u":"9,43 €/L","img":"https://fd9-photos.leclercdrive.fr/image.ashx?id=2891577&use=l&cat=p&typeid=i","cat":284594},{"id":84266,"n":"Crème de jour bio Sobio Etic  Hydratante à l'aloé Vera - 50ml","p":8.72,"u":"174,40 €/L","img":"https://fd9-photos.leclercdrive.fr/image.ashx?id=2802485&use=l&cat=p&typeid=i","cat":325345},{"id":84441,"n":"Trio saucissons Cévennes  Nos Régions ont du Talent 345g","p":6.84,"u":"19,83 €/KG","img":"https://fd9-photos.leclercdrive.fr/image.ashx?id=2776301&use=l&cat=p&typeid=i","cat":316006},{"id":84458,"n":"Crème glacée L'Angélys Artisanale Chocolat noir - 450g","p":5.17,"u":"11,49 €/KG","img":"https://fd9-photos.leclercdrive.fr/image.ashx?id=2963571&use=l&cat=p&typeid=i","cat":284263},{"id":84486,"n":"Mousse forestière Supérieure Médaille d'or CGA 2017 - 170g","p":2.27,"u":"13,35 €/KG","img":"https://fd9-photos.leclercdrive.fr/image.ashx?id=2989261&use=l&cat=p&typeid=i","cat":316008},{"id":84763,"n":"Chipolatas supérieures La Nouvelle Agriculture x6-330g","p":4.27,"u":"12,94 €/KG","img":"https://fd9-photos.leclercdrive.fr/image.ashx?id=2831939&use=l&cat=p&typeid=i","cat":284334},{"id":84774,"n":"Préparation brownie Nestlé Au chocolat - 405g","p":3.99,"u":"9,85 €/KG","img":"https://fd9-photos.leclercdrive.fr/image.ashx?id=2849259&use=l&cat=p&typeid=i","cat":284505},{"id":84780,"n":"Cuisse de poulet Le Gaulois 1kg","p":5.19,"u":"5,19 €/KG","img":"https://fd9-photos.leclercdrive.fr/image.ashx?id=2732767&use=l&cat=p&typeid=i","cat":284336},{"id":84784,"n":"Filet de poulet Le Gaulois x2 - 300g","p":4.5,"u":"15,00 €/KG","img":"https://fd9-photos.leclercdrive.fr/image.ashx?id=2732761&use=l&cat=p&typeid=i","cat":284336},{"id":84786,"n":"Pilons de poulet jaune Le Gaulois - 360g","p":2.77,"u":"7,69 €/KG","img":"https://fd9-photos.leclercdrive.fr/image.ashx?id=2732755&use=l&cat=p&typeid=i","cat":284336},{"id":84791,"n":"Cuisse de poulet jaune Le Gaulois - x2 - 500g","p":3.37,"u":"6,74 €/KG","img":"https://fd9-photos.leclercdrive.fr/image.ashx?id=2732749&use=l&cat=p&typeid=i","cat":284336},{"id":84794,"n":"Coton Lotus Baby Peau nette - x85","p":2.55,"u":"0,03 €/P","img":"https://fd9-photos.leclercdrive.fr/image.ashx?id=2981355&use=l&cat=p&typeid=i","cat":284739},{"id":85024,"n":"Lentille verte bio Happy Bio  500g","p":2.77,"u":"5,54 €/KG","img":"https://fd9-photos.leclercdrive.fr/image.ashx?id=2685015&use=l&cat=p&typeid=i","cat":284430},{"id":85040,"n":"Shampooing sec Batiste Cherry - 200ml","p":3.38,"u":"16,90 €/L","img":"https://fd9-photos.leclercdrive.fr/image.ashx?id=2983459&use=l&cat=p&typeid=i","cat":289143},{"id":85051,"n":"Endives Panier du Primeur x5","p":2.49,"u":"0,50 €/P","img":"https://fd9-photos.leclercdrive.fr/image.ashx?id=2655607&use=l&cat=p&typeid=i","cat":284352},{"id":85052,"n":"Croquettes petit chien Ultima  Nature Poulet - 1,25kg","p":6.46,"u":"5,17 €/KG","img":"https://fd9-photos.leclercdrive.fr/image.ashx?id=2593164&use=l&cat=p&typeid=i","cat":294526},{"id":85055,"n":"Papier toilette Lotus Moltonel Sans tube - X6","p":6.54,"u":"1,09 €/P","img":"https://fd9-photos.leclercdrive.fr/image.ashx?id=2570580&use=l&cat=p&typeid=i","cat":284634},{"id":85106,"n":"Mayonnaise American Style Heinz  - 395g","p":2.47,"u":"6,25 €/KG","img":"https://fd9-photos.leclercdrive.fr/image.ashx?id=2927059&use=l&cat=p&typeid=i","cat":298295},{"id":85206,"n":"Génoises fourrées Pim's LU Fraise des bois - 150g","p":1.59,"u":"10,60 €/KG","img":"https://fd9-photos.leclercdrive.fr/image.ashx?id=3002204&use=l&cat=p&typeid=i","cat":284489},{"id":85207,"n":"Génoise fourrées Pim's LU Poire - 150g","p":1.61,"u":"10,73 €/KG","img":"https://fd9-photos.leclercdrive.fr/image.ashx?id=2145202&use=l&cat=p&typeid=i","cat":284489},{"id":85383,"n":"Sous-vêtements Tena Lady silhouette - Normal L x10","p":8.48,"u":"0,85 €/P","img":"https://fd9-photos.leclercdrive.fr/image.ashx?id=2428582&use=l&cat=p&typeid=i","cat":284628},{"id":85442,"n":"Désodorisant diffuseur Airwick FreshMatic Rafraîchissant-250ml","p":9.15,"img":"https://fd9-photos.leclercdrive.fr/image.ashx?id=2158611&use=l&cat=p&typeid=i","cat":311629},{"id":85445,"n":"Serpillères jetables St Marc  Anti-Bactériennes - x20","p":2.65,"u":"0,13 €/P","img":"https://fd9-photos.leclercdrive.fr/image.ashx?id=2228552&use=l&cat=p&typeid=i","cat":325358},{"id":85467,"n":"AOC Touraine blanc sauvignon Domaine de Pierre - 75cl","p":6.49,"u":"8,65 €/L","img":"https://fd9-photos.leclercdrive.fr/image.ashx?id=2890301&use=l&cat=p&typeid=i","cat":289557},{"id":85532,"n":"Tenders de Poulet Père Dodu  Aiguillettes - 380g","p":5.52,"u":"14,53 €/KG","img":"https://fd9-photos.leclercdrive.fr/image.ashx?id=2957200&use=l&cat=p&typeid=i","cat":333684},{"id":85735,"n":"Soda au cola Pepsi Zéro sucres La bouteille de 2L","p":1.51,"u":"0,76 €/L","img":"https://fd9-photos.leclercdrive.fr/image.ashx?id=2682297&use=l&cat=p&typeid=i","cat":284530},{"id":85743,"n":"Chipolatas Nouvelle Agriculture Herbes - x6 - 330g","p":4.58,"u":"13,88 €/KG","img":"https://fd9-photos.leclercdrive.fr/image.ashx?id=2650525&use=l&cat=p&typeid=i","cat":284334},{"id":85745,"n":"Batonnets Surimi Coraya x30 - 450g","p":4.13,"u":"9,18 €/KG","img":"https://fd9-photos.leclercdrive.fr/image.ashx?id=2962683&use=l&cat=p&typeid=i","cat":285189},{"id":85901,"n":"Poêlée fermière Paysan Breton 750g","p":2.63,"u":"3,51 €/KG","img":"https://fd9-photos.leclercdrive.fr/image.ashx?id=2882415&use=l&cat=p&typeid=i","cat":319823},{"id":85960,"n":"AOP Bordeaux rosé Mouton Cadet - 75cl","p":5.59,"u":"7,45 €/L","img":"https://fd9-photos.leclercdrive.fr/image.ashx?id=2943987&use=l&cat=p&typeid=i","cat":289558},{"id":85998,"n":"Sauce Curry Mango Heinz - 225g","p":1.97,"u":"8,76 €/KG","img":"https://fd9-photos.leclercdrive.fr/image.ashx?id=2927050&use=l&cat=p&typeid=i","cat":318431},{"id":86017,"n":"Chocolat Nougatti Côte d'Or Nougat/chocolat au lait - 180g","p":4.3,"u":"23,89 €/KG","img":"https://fd9-photos.leclercdrive.fr/image.ashx?id=3002273&use=l&cat=p&typeid=i","cat":284498},{"id":86071,"n":"AOP Prosecco Perlino Extra Dry - 75cl","p":6.42,"u":"8,56 €/L","img":"https://fd9-photos.leclercdrive.fr/image.ashx?id=2612778&use=l&cat=p&typeid=i","cat":289461},{"id":86138,"n":"Lait entier \"Marguerite\" 1L","p":1.9,"u":"1,90 €/L","img":"https://fd9-photos.leclercdrive.fr/image.ashx?id=2870458&use=l&cat=p&typeid=i","cat":285610},{"id":86208,"n":"Pâte à tartiner Nutella 1kg","p":6.62,"u":"6,62 €/KG","img":"https://fd9-photos.leclercdrive.fr/image.ashx?id=2935648&use=l&cat=p&typeid=i","cat":284481},{"id":86375,"n":"Rochers Suchard  Lait - 7x35g","p":4.4,"u":"17,96 €/KG","img":"https://fd9-photos.leclercdrive.fr/image.ashx?id=2950372&use=l&cat=p&typeid=i","cat":284499},{"id":86376,"n":"Rochers Suchard Noir - 7x35g","p":4.4,"u":"17,96 €/KG","img":"https://fd9-photos.leclercdrive.fr/image.ashx?id=2950375&use=l&cat=p&typeid=i","cat":284499},{"id":86403,"n":"Capsules café L'Or Espresso Delizioso N°5 x10","p":2.99,"u":"57,50 €/KG","img":"https://fd9-photos.leclercdrive.fr/image.ashx?id=3000462&use=l&cat=p&typeid=i","cat":284749},{"id":86416,"n":"Confiture bio Bio Village Fruits rouges - 370g","p":2.79,"u":"7,54 €/KG","img":"https://fd9-photos.leclercdrive.fr/image.ashx?id=2965638&use=l&cat=p&typeid=i","cat":284480},{"id":86417,"n":"Barquettes Bio Village Fraise bio - 120g","p":1.99,"u":"16,58 €/KG","img":"https://fd9-photos.leclercdrive.fr/image.ashx?id=2546095&use=l&cat=p&typeid=i","cat":284489},{"id":86425,"n":"Déodorant spray Narta  Fraîcheur Cologne 24h - 250ml","p":2.2,"u":"11,00 €/L","img":"https://fd9-photos.leclercdrive.fr/image.ashx?id=2735377&use=l&cat=p&typeid=i","cat":284595},{"id":86426,"n":"Déodorant spray Narta  Invisible 48h - 200ml","p":2.42,"u":"12,10 €/L","img":"https://fd9-photos.leclercdrive.fr/image.ashx?id=2551746&use=l&cat=p&typeid=i","cat":284595},{"id":86438,"n":"Dentifrice Integral 8 Signal Nature Elements Coco 75ml","p":1.72,"u":"22,93 €/L","img":"https://fd9-photos.leclercdrive.fr/image.ashx?id=2974659&use=l&cat=p&typeid=i","cat":284612},{"id":86448,"n":"Désinfectant protection Sanytol Salle de bain - 500ml","p":3.18,"u":"6,36 €/L","img":"https://fd9-photos.leclercdrive.fr/image.ashx?id=2848620&use=l&cat=p&typeid=i","cat":325357},{"id":86451,"n":"Lessive gel Génie Lavage main - 200ml","p":1.61,"u":"8,05 €/L","img":"https://fd9-photos.leclercdrive.fr/image.ashx?id=2664142&use=l&cat=p&typeid=i","cat":284643},{"id":86470,"n":"Bonbons KREMA Festival Assortiment - 360g","p":2.36,"u":"6,56 €/KG","img":"https://fd9-photos.leclercdrive.fr/image.ashx?id=2817875&use=l&cat=p&typeid=i","cat":304250},{"id":86482,"n":"Bonbons KREMA Régal'ad Assortiment Fruits - 360g","p":2.37,"u":"6,58 €/KG","img":"https://fd9-photos.leclercdrive.fr/image.ashx?id=2855295&use=l&cat=p&typeid=i","cat":304250},{"id":86489,"n":"Chocolat en poudre Poulain Grand arôme 32% cacao - 250g","p":1.97,"u":"7,88 €/KG","img":"https://fd9-photos.leclercdrive.fr/image.ashx?id=2859071&use=l&cat=p&typeid=i","cat":293235},{"id":86580,"n":"Gousse de vanille Sainte Lucie Poudre pot - 3g","p":4.11,"img":"https://fd9-photos.leclercdrive.fr/image.ashx?id=2774960&use=l&cat=p&typeid=i","cat":284504},{"id":86586,"n":"Pain de mie Harrys Nature extra moelleux - 500g","p":1.29,"u":"2,58 €/KG","img":"https://fd9-photos.leclercdrive.fr/image.ashx?id=2660730&use=l&cat=p&typeid=i","cat":284477},{"id":86653,"n":"Financiers aux amandes  Maison Colibri - 240g","p":3.69,"u":"15,38 €/KG","img":"https://fd9-photos.leclercdrive.fr/image.ashx?id=2332573&use=l&cat=p&typeid=i","cat":284487},{"id":86658,"n":"Thé vert Twinings Simplement pur - x25 - 37g","p":2.34,"u":"63,24 €/KG","img":"https://fd9-photos.leclercdrive.fr/image.ashx?id=2893015&use=l&cat=p&typeid=i","cat":293233},{"id":86663,"n":"Farine complète bio Mon Fournil Riz sans gluten - 400g","p":2.97,"u":"7,43 €/KG","img":"https://fd9-photos.leclercdrive.fr/image.ashx?id=2378045&use=l&cat=p&typeid=i","cat":318654},{"id":86665,"n":"Dosettes café Senseo Grand Mère Classique x54","p":5.28,"u":"14,83 €/KG","img":"https://fd9-photos.leclercdrive.fr/image.ashx?id=2769837&use=l&cat=p&typeid=i","cat":293238},{"id":86670,"n":"Flocons d'avoine complet Bjorg bio - 900g","p":2.85,"u":"3,17 €/KG","img":"https://fd9-photos.leclercdrive.fr/image.ashx?id=2928534&use=l&cat=p&typeid=i","cat":309512},{"id":86724,"n":"Huile d'olive Bio Village Bio Vierge extra fruité - 75 cl","p":7.99,"u":"10,65 €/L","img":"https://fd9-photos.leclercdrive.fr/image.ashx?id=3005712&use=l&cat=p&typeid=i","cat":284453},{"id":86725,"n":"Poudre de cacao bio Bio Village 500g - 32% de cacao","p":3.95,"u":"7,90 €/KG","img":"https://fd9-photos.leclercdrive.fr/image.ashx?id=2441516&use=l&cat=p&typeid=i","cat":293235},{"id":86734,"n":"Cookies P'tit Déli Triple chocolat - 200g","p":1.44,"u":"7,20 €/KG","img":"https://fd9-photos.leclercdrive.fr/image.ashx?id=2529608&use=l&cat=p&typeid=i","cat":325066},{"id":86748,"n":"Adoucissant Hyperdou Lingettes Rêve de fraîcheur - x20","p":1.71,"u":"0,09 €/P","img":"https://fd9-photos.leclercdrive.fr/image.ashx?id=2489203&use=l&cat=p&typeid=i","cat":325302},{"id":86753,"n":"Spray nettoyant Uni Vert Désinfectant écocert - 750ml","p":2.19,"u":"2,92 €/L","img":"https://fd9-photos.leclercdrive.fr/image.ashx?id=1434133&use=l&cat=p&typeid=i","cat":325357},{"id":86779,"n":"Colin d'Alaska Pêche Océan Beurre citron - MSC - 400g","p":3.39,"u":"8,48 €/KG","img":"https://fd9-photos.leclercdrive.fr/image.ashx?id=2546263&use=l&cat=p&typeid=i","cat":319786},{"id":86788,"n":"Tartinable thon Fromage frais MSC Ronde des mers - 140g","p":1.99,"u":"14,21 €/KG","img":"https://fd9-photos.leclercdrive.fr/image.ashx?id=2823084&use=l&cat=p&typeid=i","cat":285191},{"id":86834,"n":"Crème Solaire Spray Nivea Sun FPS 30 Protect&Bronze - 200ml","p":8.69,"u":"43,45 €/L","img":"https://fd9-photos.leclercdrive.fr/image.ashx?id=2986792&use=l&cat=p&typeid=i","cat":325355},{"id":86905,"n":"Bière blonde 1664 5,5° - 12x33cl canettes","p":9.88,"u":"2,49 €/L","img":"https://fd9-photos.leclercdrive.fr/image.ashx?id=2246617&use=l&cat=p&typeid=i","cat":334853},{"id":86907,"n":"Lait en poudre Modilac Bébé : 2ème âge - 820g","p":15.48,"u":"18,88 €/KG","img":"https://fd9-photos.leclercdrive.fr/image.ashx?id=2873393&use=l&cat=p&typeid=i","cat":284727},{"id":86909,"n":"Lait en poudre Modilac Doucéa Bébé 0-6mois - 820g","p":18.1,"u":"22,07 €/KG","img":"https://fd9-photos.leclercdrive.fr/image.ashx?id=2997031&use=l&cat=p&typeid=i","cat":284726},{"id":86916,"n":"Lames de rasoir Carré Homme 2 lames - x10","p":1.29,"u":"0,13 €/P","img":"https://fd9-photos.leclercdrive.fr/image.ashx?id=2591721&use=l&cat=p&typeid=i","cat":284616},{"id":86940,"n":"Emmental fromage râpé bio Bio village - 400g","p":4.45,"u":"11,13 €/KG","img":"https://fd9-photos.leclercdrive.fr/image.ashx?id=1916117&use=l&cat=p&typeid=i","cat":314035},{"id":86944,"n":"Emmental fromage râpé bio Bio Village - 3x70g","p":2.99,"u":"14,24 €/KG","img":"https://fd9-photos.leclercdrive.fr/image.ashx?id=1972561&use=l&cat=p&typeid=i","cat":314035},{"id":86957,"n":"Lentilles blondes Notre Jardin 500g","p":2.64,"u":"5,28 €/KG","img":"https://fd9-photos.leclercdrive.fr/image.ashx?id=2096455&use=l&cat=p&typeid=i","cat":284430},{"id":86969,"n":"Haricots blancs Notre Jardin 500g","p":2.09,"u":"4,18 €/KG","img":"https://fd9-photos.leclercdrive.fr/image.ashx?id=2096449&use=l&cat=p&typeid=i","cat":284430},{"id":86986,"n":"Sachet fraicheur chat Sheba Thon saumon en gelée - 6x50g","p":2.69,"u":"8,97 €/KG","img":"https://fd9-photos.leclercdrive.fr/image.ashx?id=2850162&use=l&cat=p&typeid=i","cat":285286},{"id":87024,"n":"Smoothie innocent énergie boogie ruby 750ml","p":3.48,"u":"4,64 €/L","img":"https://fd9-photos.leclercdrive.fr/image.ashx?id=2187631&use=l&cat=p&typeid=i","cat":285435},{"id":87026,"n":"Smoothie innocent antioxydant green 750ml","p":3.57,"u":"4,76 €/L","img":"https://fd9-photos.leclercdrive.fr/image.ashx?id=2860049&use=l&cat=p&typeid=i","cat":285435},{"id":87038,"n":"Yaourt nature Danone 8x125g","p":1.82,"u":"1,82 €/KG","img":"https://fd9-photos.leclercdrive.fr/image.ashx?id=3001985&use=l&cat=p&typeid=i","cat":284409},{"id":87061,"n":"Boisson gourmande PAGO ACE Orange carotte citron - 75cl","p":1.66,"u":"2,21 €/L","img":"https://fd9-photos.leclercdrive.fr/image.ashx?id=2861237&use=l&cat=p&typeid=i","cat":284916},{"id":87067,"n":"Yaourt à boire P'tit max  Délisse Fraise - 6x180g","p":2.03,"u":"1,88 €/KG","img":"https://fd9-photos.leclercdrive.fr/image.ashx?id=1875512&use=l&cat=p&typeid=i","cat":284415},{"id":87074,"n":"Nappe Damassée Homeside Grise - 7m","p":2.96,"img":"https://fd9-photos.leclercdrive.fr/image.ashx?id=1659750&use=l&cat=p&typeid=i","cat":334134},{"id":87081,"n":"Serviettes en papier Homeside Rouge - 33x33cm - x50","p":1.99,"img":"https://fd9-photos.leclercdrive.fr/image.ashx?id=1659723&use=l&cat=p&typeid=i","cat":334134},{"id":87082,"n":"Serviettes en papier Homeside x30 - 38x38cm - point à point","p":1.7,"img":"https://fd9-photos.leclercdrive.fr/image.ashx?id=1659696&use=l&cat=p&typeid=i","cat":334134},{"id":87084,"n":"Rhum ambré Bacardi Carta Oro 37,5° - 70cl","p":17.25,"u":"24,64 €/L","img":"https://fd9-photos.leclercdrive.fr/image.ashx?id=2858171&use=l&cat=p&typeid=i","cat":284550},{"id":87089,"n":"Pavé Gourmand Garden Gourmet Epinards et Fromage 180g","p":2.3,"u":"12,78 €/KG","img":"https://fd9-photos.leclercdrive.fr/image.ashx?id=2971389&use=l&cat=p&typeid=i","cat":316036},{"id":87091,"n":"St Jacques Marie Fondue de poireaux riz - 280g","p":3.78,"u":"13,50 €/KG","img":"https://fd9-photos.leclercdrive.fr/image.ashx?id=2317531&use=l&cat=p&typeid=i","cat":333665},{"id":87093,"n":"Eau coiffante Vitanove 150ml","p":1.99,"u":"13,27 €/L","img":"https://fd9-photos.leclercdrive.fr/image.ashx?id=2496419&use=l&cat=p&typeid=i","cat":284609},{"id":87375,"n":"Serviettes Doulys Ultra mince Nuit + large - x9","p":2.2,"u":"0,24 €/P","img":"https://fd9-photos.leclercdrive.fr/image.ashx?id=2839927&use=l&cat=p&typeid=i","cat":284624},{"id":87377,"n":"Shampooing douceur L'Arbre Vert 250ml","p":2.18,"u":"8,72 €/L","img":"https://fd9-photos.leclercdrive.fr/image.ashx?id=2886118&use=l&cat=p&typeid=i","cat":284606},{"id":87379,"n":"Shampooing L'Arbre Vert Nutrition cheveux secs - 250ml","p":2.25,"u":"9,00 €/L","img":"https://fd9-photos.leclercdrive.fr/image.ashx?id=2885390&use=l&cat=p&typeid=i","cat":284606},{"id":87701,"n":"Carrés feuilletés Croustipate x4 - 240g","p":1.43,"u":"5,96 €/KG","img":"https://fd9-photos.leclercdrive.fr/image.ashx?id=2875069&use=l&cat=p&typeid=i","cat":333681},{"id":87784,"n":"Fiches bristol Exacompta 4 coloris - 14.8x21cm - x100","p":5.97,"u":"0,06 €/P","img":"https://fd9-photos.leclercdrive.fr/image.ashx?id=2795015&use=l&cat=p&typeid=i","cat":284697},{"id":87785,"n":"Fiches bristol Exacompta 4 coloris - 12.5x20cm - x100","p":4.97,"img":"https://fd9-photos.leclercdrive.fr/image.ashx?id=2677777&use=l&cat=p&typeid=i","cat":284697},{"id":87787,"n":"Fiches bristol Exacompta Blanc - 12.5x20cm - x50","p":2.57,"u":"0,05 €/P","img":"https://fd9-photos.leclercdrive.fr/image.ashx?id=2677774&use=l&cat=p&typeid=i","cat":284697},{"id":87894,"n":"Boisson énergisante Crazy Tiger Bouteille - 1L","p":2.03,"u":"2,03 €/L","img":"https://fd9-photos.leclercdrive.fr/image.ashx?id=2927555&use=l&cat=p&typeid=i","cat":284533},{"id":87923,"n":"Compotes  gourdes Pom'Potes Multivariétés - 12x90g","p":5.06,"u":"4,69 €/KG","img":"https://fd9-photos.leclercdrive.fr/image.ashx?id=3010942&use=l&cat=p&typeid=i","cat":284508},{"id":87924,"n":"Dosettes café Senseo Classique x40","p":6.32,"u":"22,82 €/KG","img":"https://fd9-photos.leclercdrive.fr/image.ashx?id=2876326&use=l&cat=p&typeid=i","cat":293238},{"id":87925,"n":"Dosettes café Senseo Corsé x40","p":6.37,"u":"23,00 €/KG","img":"https://fd9-photos.leclercdrive.fr/image.ashx?id=2393581&use=l&cat=p&typeid=i","cat":293238},{"id":87926,"n":"Dosettes café Senseo Doux x40","p":6.22,"u":"22,45 €/KG","img":"https://fd9-photos.leclercdrive.fr/image.ashx?id=2337567&use=l&cat=p&typeid=i","cat":293238},{"id":87927,"n":"Dosettes café Senseo Décaféiné x40","p":6.22,"u":"22,45 €/KG","img":"https://fd9-photos.leclercdrive.fr/image.ashx?id=2324921&use=l&cat=p&typeid=i","cat":293238},{"id":87929,"n":"Dosettes café Senseo Classique x54","p":8.08,"u":"21,55 €/KG","img":"https://fd9-photos.leclercdrive.fr/image.ashx?id=2391798&use=l&cat=p&typeid=i","cat":293238},{"id":87931,"n":"Dosettes café Senseo Doux x54","p":8.24,"u":"21,97 €/KG","img":"https://fd9-photos.leclercdrive.fr/image.ashx?id=2289951&use=l&cat=p&typeid=i","cat":293238},{"id":87949,"n":"Sirop La Maison Guiot Menthe glaciale - 70cl","p":3.12,"u":"4,46 €/L","img":"https://fd9-photos.leclercdrive.fr/image.ashx?id=2138473&use=l&cat=p&typeid=i","cat":295020},{"id":87950,"n":"Snacks chats Tous mes amis Liquide - 90g","p":1.45,"u":"16,11 €/KG","img":"https://fd9-photos.leclercdrive.fr/image.ashx?id=2520041&use=l&cat=p&typeid=i","cat":285285},{"id":87976,"n":"Fromage apéritif Apéricube Selection du fromager 48 cubes","p":4.69,"u":"18,76 €/KG","img":"https://fd9-photos.leclercdrive.fr/image.ashx?id=2686585&use=l&cat=p&typeid=i","cat":314027},{"id":88041,"n":"Croquettes chat stérilisé  Ultima saumon - 7,5kg","p":31.56,"u":"4,21 €/KG","img":"https://fd9-photos.leclercdrive.fr/image.ashx?id=2886184&use=l&cat=p&typeid=i","cat":284680},{"id":88048,"n":"Compote Charles & Alice Pommes Bananes Vanille -4x100g","p":1.6,"u":"4,12 €/KG","img":"https://fd9-photos.leclercdrive.fr/image.ashx?id=2757698&use=l&cat=p&typeid=i","cat":284416},{"id":88053,"n":"Lasagne à la bolognaise Marie - 1 kg","p":4.81,"u":"4,81 €/KG","img":"https://fd9-photos.leclercdrive.fr/image.ashx?id=2993394&use=l&cat=p&typeid=i","cat":284254},{"id":88054,"n":"Fromage à tartiner Madame Loïk Fouetté Nat. Sel réduit - 150g","p":1.81,"u":"12,07 €/KG","img":"https://fd9-photos.leclercdrive.fr/image.ashx?id=2948018&use=l&cat=p&typeid=i","cat":314029},{"id":88056,"n":"Sachets repas Ultima Nature 2x Saumon - 2x Truite - 340g","p":3.03,"u":"8,91 €/KG","img":"https://fd9-photos.leclercdrive.fr/image.ashx?id=1592175&use=l&cat=p&typeid=i","cat":285601},{"id":88062,"n":"Matière grasse Primevere Oméga 3 - 55% - 250g","p":1.48,"u":"5,92 €/KG","img":"https://fd9-photos.leclercdrive.fr/image.ashx?id=2928468&use=l&cat=p&typeid=i","cat":315229},{"id":88064,"n":"Matière grasse Primevere 63%MG - oméga 3 - 250g","p":2.14,"u":"8,56 €/KG","img":"https://fd9-photos.leclercdrive.fr/image.ashx?id=2939325&use=l&cat=p&typeid=i","cat":315229},{"id":88115,"n":"yaourt à boire danonino fraise banane abricot - 6x100g","p":2.4,"u":"4,00 €/KG","img":"https://fd9-photos.leclercdrive.fr/image.ashx?id=3003143&use=l&cat=p&typeid=i","cat":284415},{"id":88182,"n":"Pineau des Charentes Ilrhéa Vignerons de l'ile de Ré - 1L","p":10.85,"u":"10,85 €/L","img":"https://fd9-photos.leclercdrive.fr/image.ashx?id=1619236&use=l&cat=p&typeid=i","cat":284913},{"id":88183,"n":"Pineau des Charentes Ilrhéa Vignerons de l'ile de Ré - 1L","p":10.85,"u":"10,85 €/L","img":"https://fd9-photos.leclercdrive.fr/image.ashx?id=1619242&use=l&cat=p&typeid=i","cat":284913},{"id":88187,"n":"Cognac Vs de l’île de Ré Vignerons de l'ile de Ré - 70cl","p":17.1,"u":"24,43 €/L","img":"https://fd9-photos.leclercdrive.fr/image.ashx?id=1566220&use=l&cat=p&typeid=i","cat":286032},{"id":88206,"n":"Céréales bébé Blédine 12 mois  Vanille - 400g","p":2.46,"u":"6,15 €/KG","img":"https://fd9-photos.leclercdrive.fr/image.ashx?id=2763124&use=l&cat=p&typeid=i","cat":312225},{"id":88332,"n":"Vin rouge Le gouverneur  Vignerons de l'ile de Ré - 75cl","p":7.05,"u":"9,40 €/L","img":"https://fd9-photos.leclercdrive.fr/image.ashx?id=1566214&use=l&cat=p&typeid=i","cat":289556},{"id":88333,"n":"Blanc de blanc Trousse chemise  Vignerons de l'ile de Ré - 75cl","p":7.9,"u":"10,53 €/L","img":"https://fd9-photos.leclercdrive.fr/image.ashx?id=2237040&use=l&cat=p&typeid=i","cat":284544},{"id":88334,"n":"Vin mousseux  Trousse chemise  Vignerons de l'ile de Ré - 75cl","p":7.9,"u":"10,53 €/L","img":"https://fd9-photos.leclercdrive.fr/image.ashx?id=2237043&use=l&cat=p&typeid=i","cat":284544},{"id":88335,"n":"Le royal  Vignerons de l'ile de Ré - 75cl","p":4.45,"u":"5,93 €/L","img":"https://fd9-photos.leclercdrive.fr/image.ashx?id=2235449&use=l&cat=p&typeid=i","cat":289557},{"id":88336,"n":"Vin rouge Le petit sergent  Vignerons de l'ile de Ré - 3 L","p":13.2,"u":"4,40 €/L","img":"https://fd9-photos.leclercdrive.fr/image.ashx?id=1653348&use=l&cat=p&typeid=i","cat":289560},{"id":88337,"n":"Vin rouge Le petit sergent  Vignerons de l'ile de Ré - 75cl","p":4.45,"u":"5,93 €/L","img":"https://fd9-photos.leclercdrive.fr/image.ashx?id=2235455&use=l&cat=p&typeid=i","cat":289556},{"id":88338,"n":"IGP Charentais rosé Ile de Ré Le Rosé des dunes - BIB 3L","p":13.2,"u":"4,40 €/L","img":"https://fd9-photos.leclercdrive.fr/image.ashx?id=1580634&use=l&cat=p&typeid=i","cat":289560},{"id":88339,"n":"Purée de sésame Jardin Bio Tahini bio - 350g","p":7.16,"u":"20,46 €/KG","img":"https://fd9-photos.leclercdrive.fr/image.ashx?id=3000183&use=l&cat=p&typeid=i","cat":284481},{"id":88340,"n":"Berries Haribo Sachet bonbons - 200g","p":1.7,"u":"8,50 €/KG","img":"https://fd9-photos.leclercdrive.fr/image.ashx?id=2982411&use=l&cat=p&typeid=i","cat":304250},{"id":88396,"n":"Matière grasse St Hubert  Omega3 - 1/2 sel - 52% MG -250g","p":2.74,"u":"10,96 €/KG","img":"https://fd9-photos.leclercdrive.fr/image.ashx?id=2886094&use=l&cat=p&typeid=i","cat":315229},{"id":88413,"n":"Beurre Allégé Elle&Vire Doux - 41% MG - 250g","p":2.1,"u":"8,40 €/KG","img":"https://fd9-photos.leclercdrive.fr/image.ashx?id=2969169&use=l&cat=p&typeid=i","cat":284379},{"id":88414,"n":"Boisson a base de thé Fresh Tea Thé vert saveur menthe 1L","p":0.96,"u":"0,96 €/L","img":"https://fd9-photos.leclercdrive.fr/image.ashx?id=2622272&use=l&cat=p&typeid=i","cat":295019},{"id":88417,"n":"Matière grasse St Hubert 51%MG-Sans huile de palme -500g","p":4.74,"u":"9,48 €/KG","img":"https://fd9-photos.leclercdrive.fr/image.ashx?id=2734117&use=l&cat=p&typeid=i","cat":315229},{"id":88418,"n":"Boisson a base de thé Fresh Tea Pêche - 1L","p":0.89,"u":"0,89 €/L","img":"https://fd9-photos.leclercdrive.fr/image.ashx?id=2622275&use=l&cat=p&typeid=i","cat":295019},{"id":88429,"n":"Eau gazeuse San Pellegrino Minérale naturelle - 6x33cl","p":2.83,"u":"1,43 €/L","img":"https://fd9-photos.leclercdrive.fr/image.ashx?id=2459090&use=l&cat=p&typeid=i","cat":284536},{"id":88438,"n":"Coulommiers Cœur de Lion  Extra-Crèmeux - 385g","p":3.3,"u":"8,57 €/KG","img":"https://fd9-photos.leclercdrive.fr/image.ashx?id=2999958&use=l&cat=p&typeid=i","cat":314033},{"id":88446,"n":"Fromage Le Rustique Tomme  Fruitée - 280g","p":4.06,"u":"14,50 €/KG","img":"https://fd9-photos.leclercdrive.fr/image.ashx?id=2921549&use=l&cat=p&typeid=i","cat":329184},{"id":88448,"n":"Fromage à Tartiner Carré Frais  Nature 0% - 8 Portions - 200g","p":2.23,"u":"11,15 €/KG","img":"https://fd9-photos.leclercdrive.fr/image.ashx?id=2868684&use=l&cat=p&typeid=i","cat":314029},{"id":88450,"n":"Escalope Cordon Bleu Père Dodu  Dinde x2 - 200g","p":2.76,"u":"13,80 €/KG","img":"https://fd9-photos.leclercdrive.fr/image.ashx?id=2957203&use=l&cat=p&typeid=i","cat":333683},{"id":88454,"n":"Saucisson Fuet Justin Bridou  170g","p":3.27,"u":"19,24 €/KG","img":"https://fd9-photos.leclercdrive.fr/image.ashx?id=2751165&use=l&cat=p&typeid=i","cat":316006},{"id":88461,"n":"Salami Danois  Saint-Azay x16 - 160g","p":1.58,"u":"9,88 €/KG","img":"https://fd9-photos.leclercdrive.fr/image.ashx?id=2708354&use=l&cat=p&typeid=i","cat":316007},{"id":88471,"n":"Protège slip Tena Long - x20","p":2.33,"u":"0,12 €/P","img":"https://fd9-photos.leclercdrive.fr/image.ashx?id=2428588&use=l&cat=p&typeid=i","cat":284628},{"id":88542,"n":"Tomato Ketchup Allégé Heinz 50% sucre/sel en moins - 435g","p":2.36,"u":"5,43 €/KG","img":"https://fd9-photos.leclercdrive.fr/image.ashx?id=2973357&use=l&cat=p&typeid=i","cat":284455},{"id":88546,"n":"IGP Vin rosé des dunes  Vignerons de l'ile de Ré - 75cl","p":4.45,"u":"5,93 €/L","img":"https://fd9-photos.leclercdrive.fr/image.ashx?id=2235452&use=l&cat=p&typeid=i","cat":289558},{"id":88548,"n":"Tartines campagne La Boulangère 450g","p":1.72,"u":"3,82 €/KG","img":"https://fd9-photos.leclercdrive.fr/image.ashx?id=2912395&use=l&cat=p&typeid=i","cat":284477},{"id":88596,"n":"Caillé pur brebis Petit Basque Nature - 2x125g","p":1.9,"u":"7,60 €/KG","img":"https://fd9-photos.leclercdrive.fr/image.ashx?id=2214894&use=l&cat=p&typeid=i","cat":314998},{"id":88597,"n":"Caillé pur brebis Petit Basque Vanille - 2x125g","p":1.93,"u":"7,72 €/KG","img":"https://fd9-photos.leclercdrive.fr/image.ashx?id=2217524&use=l&cat=p&typeid=i","cat":314998},{"id":88662,"n":"Yaourt bifidus Activia Vanille - 4x125g","p":1.59,"u":"3,18 €/KG","img":"https://fd9-photos.leclercdrive.fr/image.ashx?id=3006184&use=l&cat=p&typeid=i","cat":315000},{"id":88738,"n":"Yaourt bifidus Activia citron vanille coco - 12x125g","p":4.43,"u":"2,95 €/KG","img":"https://fd9-photos.leclercdrive.fr/image.ashx?id=3003149&use=l&cat=p&typeid=i","cat":315000},{"id":88740,"n":"Yaourt bifidus Activia citron - 4x125g","p":1.59,"u":"3,18 €/KG","img":"https://fd9-photos.leclercdrive.fr/image.ashx?id=3006181&use=l&cat=p&typeid=i","cat":315000},{"id":88909,"n":"Rhum Blanc Agricole La Mauny AOC Martinique 40% vol - 70 cl","p":15.9,"u":"22,71 €/L","img":"https://fd9-photos.leclercdrive.fr/image.ashx?id=2480183&use=l&cat=p&typeid=i","cat":284550},{"id":88986,"n":"Barre Chocolat au Lait KitKat x6 barres - 249g","p":3.06,"u":"12,29 €/KG","img":"https://fd9-photos.leclercdrive.fr/image.ashx?id=2989426&use=l&cat=p&typeid=i","cat":284498},{"id":89068,"n":"Filet de lieu noir  200GR","p":3.1,"u":"15,50 €/KG","img":"https://fd9-photos.leclercdrive.fr/image.ashx?id=616007&use=l&cat=p&typeid=i","cat":284342},{"id":89090,"n":"Boisson végétale Alpro Soja - 1L","p":1.63,"u":"1,63 €/L","img":"https://fd9-photos.leclercdrive.fr/image.ashx?id=2977681&use=l&cat=p&typeid=i","cat":316067},{"id":89092,"n":"Boisson au soja Alpro Saveur chocolat - 1L","p":2.46,"u":"2,46 €/L","img":"https://fd9-photos.leclercdrive.fr/image.ashx?id=1889294&use=l&cat=p&typeid=i","cat":316067},{"id":89093,"n":"Boisson végétale Alpro avoine - 1l","p":2.17,"u":"2,17 €/L","img":"https://fd9-photos.leclercdrive.fr/image.ashx?id=2986852&use=l&cat=p&typeid=i","cat":316067},{"id":89094,"n":"Boisson végétale lait d'amande grillée sans sucre alpro - 1l","p":2.12,"u":"2,12 €/L","img":"https://fd9-photos.leclercdrive.fr/image.ashx?id=2985543&use=l&cat=p&typeid=i","cat":316067},{"id":89341,"n":"Gel lavant recharge Manava Antibactérien Mandarine - 250ml","p":0.54,"u":"2,16 €/L","img":"https://fd9-photos.leclercdrive.fr/image.ashx?id=2935522&use=l&cat=p&typeid=i","cat":284597},{"id":89345,"n":"Serviettes Super Doulys Ultra mince - x24","p":1.8,"u":"0,08 €/P","img":"https://fd9-photos.leclercdrive.fr/image.ashx?id=2839931&use=l&cat=p&typeid=i","cat":284624},{"id":89346,"n":"Serviettes Nuit Doulys Ultra mince - x20","p":2.55,"u":"0,13 €/P","img":"https://fd9-photos.leclercdrive.fr/image.ashx?id=2839935&use=l&cat=p&typeid=i","cat":284624},{"id":89424,"n":"Pesto vert Bio Village Bio - 185g","p":1.8,"u":"9,73 €/KG","img":"https://fd9-photos.leclercdrive.fr/image.ashx?id=1466304&use=l&cat=p&typeid=i","cat":287599},{"id":89483,"n":"Salade & Cie Sodebo Stockhlom Saumon Pâtes - 320g","p":3.87,"u":"12,09 €/KG","img":"https://fd9-photos.leclercdrive.fr/image.ashx?id=2795722&use=l&cat=p&typeid=i","cat":333657},{"id":89507,"n":"Xtrem Box Sodebo Radiatori à la Carbonara 400g","p":3.08,"u":"7,70 €/KG","img":"https://fd9-photos.leclercdrive.fr/image.ashx?id=2631588&use=l&cat=p&typeid=i","cat":334983},{"id":89523,"n":"Madeleines coquilles Eco+ Aux oeufs - 500g","p":1.55,"u":"3,10 €/KG","img":"https://fd9-photos.leclercdrive.fr/image.ashx?id=2780671&use=l&cat=p&typeid=i","cat":284492},{"id":89524,"n":"Moelleux Ker Cadélac Original - 690g","p":3.63,"u":"5,26 €/KG","img":"https://fd9-photos.leclercdrive.fr/image.ashx?id=2959937&use=l&cat=p&typeid=i","cat":294776},{"id":89660,"n":"Xtrem Box Sodebo Radiatori  4 Fromages - 400g","p":3.27,"u":"8,18 €/KG","img":"https://fd9-photos.leclercdrive.fr/image.ashx?id=2631591&use=l&cat=p&typeid=i","cat":334983},{"id":89695,"n":"Poulet Weight Watchers Curry-coco - 300g","p":3.11,"u":"10,37 €/KG","img":"https://fd9-photos.leclercdrive.fr/image.ashx?id=2827203&use=l&cat=p&typeid=i","cat":333665},{"id":89848,"n":"Boisson Végétale lait d'amande  bjorg cappuccino - bio - 1l","p":3.12,"u":"3,12 €/L","img":"https://fd9-photos.leclercdrive.fr/image.ashx?id=2962488&use=l&cat=p&typeid=i","cat":316067},{"id":89863,"n":"boisson végétale riz amande  bio bjorg 1l","p":2.73,"u":"2,73 €/L","img":"https://fd9-photos.leclercdrive.fr/image.ashx?id=2973628&use=l&cat=p&typeid=i","cat":316067},{"id":89897,"n":"Boisson Végétale lait d'amande grillée bio - 1l","p":2.95,"u":"2,95 €/L","img":"https://fd9-photos.leclercdrive.fr/image.ashx?id=2912065&use=l&cat=p&typeid=i","cat":316067},{"id":89906,"n":"Beurre de Baratte Doux Isigny  82% MG - 250g","p":3.07,"u":"12,28 €/KG","img":"https://fd9-photos.leclercdrive.fr/image.ashx?id=2578130&use=l&cat=p&typeid=i","cat":284379},{"id":89914,"n":"Bouillon Cube Maggi Légumes x18 - 180g","p":1.53,"u":"8,50 €/KG","img":"https://fd9-photos.leclercdrive.fr/image.ashx?id=2737039&use=l&cat=p&typeid=i","cat":288379},{"id":89917,"n":"Beurre Bio Plaquette Isigny Doux - 82% MG - 200g","p":2.8,"u":"14,00 €/KG","img":"https://fd9-photos.leclercdrive.fr/image.ashx?id=2592522&use=l&cat=p&typeid=i","cat":284379},{"id":89921,"n":"Orge pois cassés bio Happy Bio 500g","p":2.92,"u":"5,84 €/KG","img":"https://fd9-photos.leclercdrive.fr/image.ashx?id=2655955&use=l&cat=p&typeid=i","cat":284429},{"id":89930,"n":"Mélange bio Happy Bio Blé pois chiche lentilles -500g","p":2.77,"u":"5,54 €/KG","img":"https://fd9-photos.leclercdrive.fr/image.ashx?id=2654309&use=l&cat=p&typeid=i","cat":284429},{"id":89953,"n":"Entonnoir Curver Rouge - Grand modèle","p":1.49,"img":"https://fd9-photos.leclercdrive.fr/image.ashx?id=1870276&use=l&cat=p&typeid=i","cat":334135},{"id":89957,"n":"Essoreuse à salade Ulaop Vintage 4L","p":6.5,"img":"https://fd9-photos.leclercdrive.fr/image.ashx?id=2395766&use=l&cat=p&typeid=i","cat":334135},{"id":89959,"n":"Pelle et balayette","p":2.59,"img":"https://fd9-photos.leclercdrive.fr/image.ashx?id=1463745&use=l&cat=p&typeid=i","cat":284669},{"id":90056,"n":"Quinotto Jardin Bio Bio légumes parmesan - 220g","p":2.5,"u":"11,36 €/KG","img":"https://fd9-photos.leclercdrive.fr/image.ashx?id=2535421&use=l&cat=p&typeid=i","cat":287600},{"id":90058,"n":"Ravioli Jardin Bio Bio chèvre ciboulette - 250g","p":2.59,"u":"10,36 €/KG","img":"https://fd9-photos.leclercdrive.fr/image.ashx?id=2534842&use=l&cat=p&typeid=i","cat":287600},{"id":90078,"n":"Compotes Pom'Potes Gourdes BIO  Multivariétés - 12x90g","p":7.15,"u":"6,62 €/KG","img":"https://fd9-photos.leclercdrive.fr/image.ashx?id=2961861&use=l&cat=p&typeid=i","cat":284508},{"id":90090,"n":"Gnocchi à poêler Lustucru Extra Fromage 500g","p":2.91,"u":"5,82 €/KG","img":"https://fd9-photos.leclercdrive.fr/image.ashx?id=2786171&use=l&cat=p&typeid=i","cat":333682},{"id":90091,"n":"Gaufre vergeoise Lotus Bakeries Coeur fondant 5x2 pièce - 310g","p":2.68,"u":"8,65 €/KG","img":"https://fd9-photos.leclercdrive.fr/image.ashx?id=2695887&use=l&cat=p&typeid=i","cat":294777},{"id":90120,"n":"Crème Saint Agur  155g","p":2.63,"u":"16,97 €/KG","img":"https://fd9-photos.leclercdrive.fr/image.ashx?id=2760014&use=l&cat=p&typeid=i","cat":314029},{"id":90121,"n":"Fromage Caprice des Anges  Frais et Fondant - 200g","p":3.15,"u":"15,75 €/KG","img":"https://fd9-photos.leclercdrive.fr/image.ashx?id=2734837&use=l&cat=p&typeid=i","cat":314029},{"id":90122,"n":"Camembert Coeur de Lion 250g","p":1.96,"u":"7,84 €/KG","img":"https://fd9-photos.leclercdrive.fr/image.ashx?id=3008185&use=l&cat=p&typeid=i","cat":314033},{"id":90182,"n":"Savon Bionaïa Lait d'anesse - 100g","p":1.72,"u":"17,20 €/KG","img":"https://fd9-photos.leclercdrive.fr/image.ashx?id=2491047&use=l&cat=p&typeid=i","cat":284597},{"id":90188,"n":"Cremio Box Sodebo Poulet à l'Emmental - 280g","p":2.13,"u":"7,61 €/KG","img":"https://fd9-photos.leclercdrive.fr/image.ashx?id=2679068&use=l&cat=p&typeid=i","cat":334983},{"id":90218,"n":"Couteau d'office Ardence 1 pièce","p":5.9,"img":"https://fd9-photos.leclercdrive.fr/image.ashx?id=1474445&use=l&cat=p&typeid=i","cat":334135},{"id":90220,"n":"Couteau de cuisine Ardence 1 pièce","p":6.9,"img":"https://fd9-photos.leclercdrive.fr/image.ashx?id=1474538&use=l&cat=p&typeid=i","cat":334135},{"id":90221,"n":"Ménagère Lisa D\"Alban 24 pièces - Troquet rouge","p":11.9,"img":"https://fd9-photos.leclercdrive.fr/image.ashx?id=3000662&use=l&cat=p&typeid=i","cat":334134},{"id":90227,"n":"Couteau de Chef Ardence x1","p":11.9,"u":"0,50 €/P","img":"https://fd9-photos.leclercdrive.fr/image.ashx?id=1474460&use=l&cat=p&typeid=i","cat":334135},{"id":90238,"n":"Capsule Familia Wiss Le Parfait Diamètre 110 mm - x12","p":10.3,"u":"0,86 €/P","img":"https://fd9-photos.leclercdrive.fr/image.ashx?id=2503713&use=l&cat=p&typeid=i","cat":284710},{"id":90253,"n":"Rondelle Classic Hutchinson Diamètre de 70mm - x10","p":2.35,"u":"0,24 €/P","img":"https://fd9-photos.leclercdrive.fr/image.ashx?id=2485620&use=l&cat=p&typeid=i","cat":284710},{"id":90261,"n":"Protège Poelle Cuisy Lot de 2","p":1.9,"img":"https://fd9-photos.leclercdrive.fr/image.ashx?id=2735149&use=l&cat=p&typeid=i","cat":334135},{"id":90279,"n":"Moule à tarte  Revêtement antiadhésif - 30cm","p":6.33,"img":"https://fd9-photos.leclercdrive.fr/image.ashx?id=2805996&use=l&cat=p&typeid=i","cat":298490},{"id":90308,"n":"Moule à savarin Aluminium revêtu - 24cm","p":5.5,"img":"https://fd9-photos.leclercdrive.fr/image.ashx?id=2856727&use=l&cat=p&typeid=i","cat":298490},{"id":90481,"n":"Eau infusée Bio Volvic  Hibiscus litchti passion - 75cl","p":1.43,"u":"1,91 €/L","img":"https://fd9-photos.leclercdrive.fr/image.ashx?id=2500437&use=l&cat=p&typeid=i","cat":284537},{"id":90497,"n":"Gobelets bas Ardence x3 - 27cl","p":2.59,"u":"0,86 €/P","img":"https://fd9-photos.leclercdrive.fr/image.ashx?id=1498411&use=l&cat=p&typeid=i","cat":334134},{"id":90500,"n":"Verres à vin Gisèle Ardence 34cl - x4","p":7.4,"u":"21,76 €/L","img":"https://fd9-photos.leclercdrive.fr/image.ashx?id=1498691&use=l&cat=p&typeid=i","cat":334134},{"id":90501,"n":"Verres hauts Ardence 33.5cl - x3","p":2.89,"u":"0,96 €/P","img":"https://fd9-photos.leclercdrive.fr/image.ashx?id=1498685&use=l&cat=p&typeid=i","cat":334134},{"id":90547,"n":"Croquettes chat Purina One Chat Stérilisé Truite/Blé-1.5kg","p":6.7,"u":"4,47 €/KG","img":"https://fd9-photos.leclercdrive.fr/image.ashx?id=2488064&use=l&cat=p&typeid=i","cat":284680},{"id":90562,"n":"Yaourt bifidus Activia saveur framboise - 4x125g","p":1.74,"u":"3,48 €/KG","img":"https://fd9-photos.leclercdrive.fr/image.ashx?id=2886654&use=l&cat=p&typeid=i","cat":315000},{"id":90667,"n":"Céréales Chocapic Nestlé Bio - 375g","p":3.5,"u":"9,33 €/KG","img":"https://fd9-photos.leclercdrive.fr/image.ashx?id=2997262&use=l&cat=p&typeid=i","cat":309513},{"id":90673,"n":"Pâte à tartiner Alter Eco Bio Sans huile de palme - 270g","p":3.91,"u":"14,48 €/KG","img":"https://fd9-photos.leclercdrive.fr/image.ashx?id=2264195&use=l&cat=p&typeid=i","cat":284481},{"id":90675,"n":"Crème dessert Mont Blanc Boîte Chocolat - 570g","p":2.32,"u":"4,07 €/KG","img":"https://fd9-photos.leclercdrive.fr/image.ashx?id=3011614&use=l&cat=p&typeid=i","cat":284506},{"id":90676,"n":"Crème dessert Mont Blanc Boîte Vanille - 570g","p":2.3,"u":"4,04 €/KG","img":"https://fd9-photos.leclercdrive.fr/image.ashx?id=3008830&use=l&cat=p&typeid=i","cat":284506},{"id":90682,"n":"Génoise P'tit Déli Fraise - 150g","p":1.41,"u":"9,40 €/KG","img":"https://fd9-photos.leclercdrive.fr/image.ashx?id=2482505&use=l&cat=p&typeid=i","cat":284489},{"id":90689,"n":"Lotus Biscoff Speculoos Biscuit Pocket 248g (16x2p)","p":2.32,"u":"9,35 €/KG","img":"https://fd9-photos.leclercdrive.fr/image.ashx?id=2694986&use=l&cat=p&typeid=i","cat":284487},{"id":90736,"n":"Crème Mains Nutritive Mixa Huile d’abricot BIO - 100ml","p":3.12,"u":"31,20 €/L","img":"https://fd9-photos.leclercdrive.fr/image.ashx?id=2425838&use=l&cat=p&typeid=i","cat":325354},{"id":90747,"n":"Baume Soin des Lèvres Labello Stick Duo Hydro Care - 2x5,5 ml","p":3.94,"u":"1,97 €/P","img":"https://fd9-photos.leclercdrive.fr/image.ashx?id=2944906&use=l&cat=p&typeid=i","cat":285485},{"id":90777,"n":"Crème visage La Provençale Bio Jouvence Anti-Âge - 50ml","p":7.68,"u":"153,60 €/L","img":"https://fd9-photos.leclercdrive.fr/image.ashx?id=2950357&use=l&cat=p&typeid=i","cat":325345},{"id":90810,"n":"Soupe Liquide Bouteille Liebig  Velouté 5 Légumes - 75cl","p":2.35,"u":"3,13 €/L","img":"https://fd9-photos.leclercdrive.fr/image.ashx?id=2842552&use=l&cat=p&typeid=i","cat":284462},{"id":90819,"n":"Soupe liquide Knorr Tomate Pointe de basilic - 45cl","p":2.31,"u":"5,13 €/L","img":"https://fd9-photos.leclercdrive.fr/image.ashx?id=2525989&use=l&cat=p&typeid=i","cat":284462},{"id":90820,"n":"Soupe liquide Knorr Potiron - 45cl","p":2.26,"u":"5,02 €/L","img":"https://fd9-photos.leclercdrive.fr/image.ashx?id=2338663&use=l&cat=p&typeid=i","cat":284462},{"id":90822,"n":"Soupe liquide Knorr Légumes du potager - 45cl","p":2.26,"u":"5,02 €/L","img":"https://fd9-photos.leclercdrive.fr/image.ashx?id=2324357&use=l&cat=p&typeid=i","cat":284462},{"id":90843,"n":"Café moulu Grand Mère Familial - 4x250g","p":13.24,"u":"13,24 €/KG","img":"https://fd9-photos.leclercdrive.fr/image.ashx?id=1755049&use=l&cat=p&typeid=i","cat":284750},{"id":90847,"n":"Dosettes café Senseo Grand Mère Corsé x54","p":5.33,"u":"14,97 €/KG","img":"https://fd9-photos.leclercdrive.fr/image.ashx?id=2745817&use=l&cat=p&typeid=i","cat":293238},{"id":90905,"n":"Emmental 32% MG Bio Bio village - 250g","p":2.99,"u":"11,96 €/KG","img":"https://fd9-photos.leclercdrive.fr/image.ashx?id=1916114&use=l&cat=p&typeid=i","cat":314034},{"id":91019,"n":"Pastis de Marseille Sigale 45%vol. - 50cl","p":9.89,"u":"19,78 €/L","img":"https://fd9-photos.leclercdrive.fr/image.ashx?id=2637820&use=l&cat=p&typeid=i","cat":284548},{"id":91022,"n":"Vodka Boriskov Pure grain 37.5%vol - 70cl","p":9.95,"u":"14,21 €/L","img":"https://fd9-photos.leclercdrive.fr/image.ashx?id=2805009&use=l&cat=p&typeid=i","cat":284550},{"id":91025,"n":"Pur Jus Bio Village Bio Grenade - 1L","p":4.87,"u":"4,87 €/L","img":"https://fd9-photos.leclercdrive.fr/image.ashx?id=2901545&use=l&cat=p&typeid=i","cat":284916},{"id":91026,"n":"Pur Jus d'orange Bio Village Bio Carotte Citron - 1L","p":2.89,"u":"2,89 €/L","img":"https://fd9-photos.leclercdrive.fr/image.ashx?id=2901557&use=l&cat=p&typeid=i","cat":284521},{"id":91176,"n":"Lait Démaquillant Nivea Visage&Yeux Camomille - 200ml","p":4.02,"u":"20,10 €/L","img":"https://fd9-photos.leclercdrive.fr/image.ashx?id=2836097&use=l&cat=p&typeid=i","cat":284603},{"id":91177,"n":"Démaquillant Yeux biphase Nivea Sensibles Waterproof - 125ml","p":2.66,"u":"21,28 €/L","img":"https://fd9-photos.leclercdrive.fr/image.ashx?id=2953944&use=l&cat=p&typeid=i","cat":284603},{"id":91178,"n":"Crème visage Jour FPS 15 Nivea Nourrissante Peau Sèche - 50ml","p":4.32,"u":"86,40 €/L","img":"https://fd9-photos.leclercdrive.fr/image.ashx?id=3014605&use=l&cat=p&typeid=i","cat":325345},{"id":91221,"n":"Pâtes Fusili Panzani Créatives - 500G","p":1.13,"u":"2,26 €/KG","img":"https://fd9-photos.leclercdrive.fr/image.ashx?id=2902942&use=l&cat=p&typeid=i","cat":284427},{"id":91231,"n":"Thé vert Twinings Framboise Passion x20 - 32g","p":2.63,"u":"82,19 €/KG","img":"https://fd9-photos.leclercdrive.fr/image.ashx?id=2893030&use=l&cat=p&typeid=i","cat":293233},{"id":91482,"n":"Riz Comptoir du Grain Champignons 2 min - 250g","p":1.22,"u":"4,88 €/KG","img":"https://fd9-photos.leclercdrive.fr/image.ashx?id=2441390&use=l&cat=p&typeid=i","cat":287600},{"id":91485,"n":"Riz long Comptoir du Grain Express 2 min - 250g","p":0.99,"u":"3,96 €/KG","img":"https://fd9-photos.leclercdrive.fr/image.ashx?id=2441393&use=l&cat=p&typeid=i","cat":287600},{"id":91524,"n":"Cartouche d'encre HP Pack n°304","p":16.99,"u":"Dont 0,02 € d'éco-part.","img":"https://fd9-photos.leclercdrive.fr/image.ashx?id=1880149&use=l&cat=p&typeid=i","cat":316445},{"id":91553,"n":"Quinoa Céréal Bio  Bio repas express 220g","p":2.14,"u":"9,73 €/KG","img":"https://fd9-photos.leclercdrive.fr/image.ashx?id=2575081&use=l&cat=p&typeid=i","cat":287600},{"id":91554,"n":"Blé Riz quinoa Céréal Bio  Bio repas express 220g","p":1.99,"u":"9,05 €/KG","img":"https://fd9-photos.leclercdrive.fr/image.ashx?id=2662844&use=l&cat=p&typeid=i","cat":287600},{"id":91557,"n":"Lentilles Riz Soja Céréal Bio Bio repas express-250g","p":1.95,"u":"7,80 €/KG","img":"https://fd9-photos.leclercdrive.fr/image.ashx?id=2575084&use=l&cat=p&typeid=i","cat":287600},{"id":91585,"n":"Bicarbonate de soude Briochin Ecocert - 500g","p":3.63,"u":"7,26 €/KG","img":"https://fd9-photos.leclercdrive.fr/image.ashx?id=3000749&use=l&cat=p&typeid=i","cat":325365},{"id":91603,"n":"Gel pur So Bio Etic Aloe Vera bio - 125ml","p":7.68,"u":"61,44 €/L","img":"https://fd9-photos.leclercdrive.fr/image.ashx?id=2802497&use=l&cat=p&typeid=i","cat":325345},{"id":91605,"n":"Soin nutritif So Bio Etic Aloe Vera bio - 50ml","p":7.43,"u":"148,60 €/L","img":"https://fd9-photos.leclercdrive.fr/image.ashx?id=2992128&use=l&cat=p&typeid=i","cat":325345},{"id":91647,"n":"Caviar Baeri Prince Soukhanoff Boîte de 10g","p":7.47,"u":"747,00 €/KG","img":"https://fd9-photos.leclercdrive.fr/image.ashx?id=2095896&use=l&cat=p&typeid=i","cat":285191},{"id":91768,"n":"Roquefort AOP Société Fromage de brebis - 100g","p":2.28,"u":"22,80 €/KG","img":"https://fd9-photos.leclercdrive.fr/image.ashx?id=2729701&use=l&cat=p&typeid=i","cat":314032},{"id":91776,"n":"Crème UHT Elle&Vire Semi-Ep. Entière - 30% MG - 3x20cl","p":4.08,"u":"6,80 €/L","img":"https://fd9-photos.leclercdrive.fr/image.ashx?id=2979866&use=l&cat=p&typeid=i","cat":284381},{"id":92027,"n":"Tablette chocolat au lait Lindt Caramel Pointe de sel - 100g","p":2.35,"u":"23,50 €/KG","img":"https://fd9-photos.leclercdrive.fr/image.ashx?id=2750384&use=l&cat=p&typeid=i","cat":284497},{"id":92028,"n":"Tablette de chocolat noir Lindt Amandes effilées - 100g","p":2.55,"u":"25,50 €/KG","img":"https://fd9-photos.leclercdrive.fr/image.ashx?id=2643764&use=l&cat=p&typeid=i","cat":284956},{"id":92073,"n":"Légumes pour Wok Bio Village Bio - 600g","p":2.99,"u":"4,98 €/KG","img":"https://fd9-photos.leclercdrive.fr/image.ashx?id=2898071&use=l&cat=p&typeid=i","cat":319823},{"id":92255,"n":"Soupe liquide brique Liebig  Courgettes Vache Qui Rit 2x30cl","p":2.78,"u":"4,63 €/L","img":"https://fd9-photos.leclercdrive.fr/image.ashx?id=2175518&use=l&cat=p&typeid=i","cat":284462},{"id":92267,"n":"Soupe instantanée Royco  Indienne - 3x200ml","p":1.54,"u":"2,57 €/L","img":"https://fd9-photos.leclercdrive.fr/image.ashx?id=2650988&use=l&cat=p&typeid=i","cat":293527},{"id":92342,"n":"AOP Bordeaux vin blanc Mouton Cadet - 75cl","p":5.59,"u":"7,45 €/L","img":"https://fd9-photos.leclercdrive.fr/image.ashx?id=2845985&use=l&cat=p&typeid=i","cat":289557},{"id":92351,"n":"Crème mains Inell Réparatrice - 100ml","p":1.45,"u":"14,50 €/L","img":"https://fd9-photos.leclercdrive.fr/image.ashx?id=2822135&use=l&cat=p&typeid=i","cat":325354},{"id":92356,"n":"Serviettes Hygieniques Vania  Maxi confort super - x16","p":1.74,"u":"0,11 €/P","img":"https://fd9-photos.leclercdrive.fr/image.ashx?id=2908168&use=l&cat=p&typeid=i","cat":284624},{"id":92357,"n":"Serviettes Hygieniques Vania  Maxi confort nuit - x12","p":2.05,"u":"0,17 €/P","img":"https://fd9-photos.leclercdrive.fr/image.ashx?id=2735212&use=l&cat=p&typeid=i","cat":284624},{"id":92436,"n":"Noix de Saint-Jacques ASC Ronde des Mers - 300g","p":8.7,"u":"29,00 €/KG","img":"https://fd9-photos.leclercdrive.fr/image.ashx?id=2835032&use=l&cat=p&typeid=i","cat":319787},{"id":92452,"n":"Tomates cerises bio Bio Village 250g","p":1.59,"u":"6,36 €/KG","img":"https://fd9-photos.leclercdrive.fr/image.ashx?id=2960544&use=l&cat=p&typeid=i","cat":284352},{"id":92516,"n":"Poélée Légume Wok Notre Jardin Inde - 1kg","p":3.99,"u":"3,99 €/KG","img":"https://fd9-photos.leclercdrive.fr/image.ashx?id=2803957&use=l&cat=p&typeid=i","cat":319823},{"id":92530,"n":"Cidre fermier Doux NRT IGP  De Bretagne - 3%vol - 75cl","p":3.34,"u":"4,45 €/L","img":"https://fd9-photos.leclercdrive.fr/image.ashx?id=2791117&use=l&cat=p&typeid=i","cat":334880},{"id":92533,"n":"Céréales Quaker Cruesli Chocolat au lait - 450g","p":2.64,"u":"5,87 €/KG","img":"https://fd9-photos.leclercdrive.fr/image.ashx?id=2212156&use=l&cat=p&typeid=i","cat":309512},{"id":92595,"n":"Boisson gazeuse Fever Tree Ginger Beer - 4x20cl","p":4.83,"u":"6,04 €/L","img":"https://fd9-photos.leclercdrive.fr/image.ashx?id=2380667&use=l&cat=p&typeid=i","cat":284531},{"id":92693,"n":"Gel douche Mixa Bébé  Très Doux Corps Cheveux - 750ml","p":6.64,"u":"8,85 €/L","img":"https://fd9-photos.leclercdrive.fr/image.ashx?id=2316210&use=l&cat=p&typeid=i","cat":284740},{"id":92702,"n":"Tomate ronde grappe Bio Village Bio - 500g","p":2.49,"u":"4,98 €/KG","img":"https://fd9-photos.leclercdrive.fr/image.ashx?id=2551996&use=l&cat=p&typeid=i","cat":284352},{"id":92761,"n":"Sacs poubelle 10L Eco+ Salle de bain - x30","p":1.08,"u":"0,04 €/P","img":"https://fd9-photos.leclercdrive.fr/image.ashx?id=2755052&use=l&cat=p&typeid=i","cat":285168},{"id":92780,"n":"Bière blonde Heineken 6x25cl","p":4.33,"u":"2,89 €/L","img":"https://fd9-photos.leclercdrive.fr/image.ashx?id=3011077&use=l&cat=p&typeid=i","cat":334873},{"id":92782,"n":"Thé glacé Fuze Tea Saveur pêche - 1.25L","p":1.5,"u":"1,20 €/L","img":"https://fd9-photos.leclercdrive.fr/image.ashx?id=2940390&use=l&cat=p&typeid=i","cat":295019},{"id":92818,"n":"Tablette lave-vaisselle Rainett Tout en 1 Bicarbonate x30 -600g","p":4.96,"u":"8,27 €/KG","img":"https://fd9-photos.leclercdrive.fr/image.ashx?id=2506477&use=l&cat=p&typeid=i","cat":284656},{"id":92834,"n":"Chips extra Vico 6x30g","p":1.96,"u":"10,89 €/KG","img":"https://fd9-photos.leclercdrive.fr/image.ashx?id=2917816&use=l&cat=p&typeid=i","cat":284447},{"id":92841,"n":"Huile de tournesol Rustica 50cl","p":1.39,"u":"2,78 €/L","img":"https://fd9-photos.leclercdrive.fr/image.ashx?id=2900349&use=l&cat=p&typeid=i","cat":284453},{"id":92842,"n":"Mélange 4 huiles Rustica Végétales - 50cl","p":1.79,"u":"3,58 €/L","img":"https://fd9-photos.leclercdrive.fr/image.ashx?id=2508885&use=l&cat=p&typeid=i","cat":284453},{"id":92861,"n":"Crème Visage Jour FPS 15 Nivea Hydratante - 50ml","p":4.08,"u":"81,60 €/L","img":"https://fd9-photos.leclercdrive.fr/image.ashx?id=3015335&use=l&cat=p&typeid=i","cat":325345},{"id":93022,"n":"Bière blonde Heineken 20x25cl","p":12.2,"u":"2,44 €/L","img":"https://fd9-photos.leclercdrive.fr/image.ashx?id=3011074&use=l&cat=p&typeid=i","cat":334873},{"id":93023,"n":"Bière blonde Heineken 12x25cl","p":7.51,"u":"2,50 €/L","img":"https://fd9-photos.leclercdrive.fr/image.ashx?id=3011080&use=l&cat=p&typeid=i","cat":334873},{"id":93029,"n":"Poireau bio Bio Village 750g","p":3.79,"u":"5,05 €/KG","img":"https://fd9-photos.leclercdrive.fr/image.ashx?id=2322956&use=l&cat=p&typeid=i","cat":284352},{"id":93030,"n":"Concombre Bio Bio Village x1","p":1.99,"img":"https://fd9-photos.leclercdrive.fr/image.ashx?id=2334257&use=l&cat=p&typeid=i","cat":284352},{"id":93031,"n":"Raclette nature Les croisés Sans croute - 700g","p":6.79,"u":"9,70 €/KG","img":"https://fd9-photos.leclercdrive.fr/image.ashx?id=2856335&use=l&cat=p&typeid=i","cat":314037},{"id":93032,"n":"Saucisson Justin Bridou Bâton de Berger Nature 250g","p":3.93,"u":"15,72 €/KG","img":"https://fd9-photos.leclercdrive.fr/image.ashx?id=2921313&use=l&cat=p&typeid=i","cat":316006},{"id":93033,"n":"Saucisson Fuet César Moroni  170g","p":3.23,"u":"19,00 €/KG","img":"https://fd9-photos.leclercdrive.fr/image.ashx?id=2916138&use=l&cat=p&typeid=i","cat":316006},{"id":93036,"n":"Rosette tranchée Cochonou  10 tranches - 93g","p":1.78,"u":"19,14 €/KG","img":"https://fd9-photos.leclercdrive.fr/image.ashx?id=2924107&use=l&cat=p&typeid=i","cat":316007},{"id":93037,"n":"Saucisson sec Tranché Cochonou 30 tranches - 93g","p":1.55,"u":"16,67 €/KG","img":"https://fd9-photos.leclercdrive.fr/image.ashx?id=2924104&use=l&cat=p&typeid=i","cat":316007},{"id":93041,"n":"Fromage Caprice Des Dieux 300g","p":3.61,"u":"12,03 €/KG","img":"https://fd9-photos.leclercdrive.fr/image.ashx?id=2763178&use=l&cat=p&typeid=i","cat":314033},{"id":93070,"n":"Crème dessert Bio Bio village Chocolat - 4x95g","p":1.28,"u":"3,37 €/KG","img":"https://fd9-photos.leclercdrive.fr/image.ashx?id=2313543&use=l&cat=p&typeid=i","cat":285041},{"id":93089,"n":"Cidre fermier Brut NRT IGP  De Bretagne - 3%vol - 75cl","p":3.34,"u":"4,45 €/L","img":"https://fd9-photos.leclercdrive.fr/image.ashx?id=2791114&use=l&cat=p&typeid=i","cat":334880},{"id":93105,"n":"Skyr danone  nature 0%mg - 2x140g","p":2.04,"u":"7,29 €/KG","img":"https://fd9-photos.leclercdrive.fr/image.ashx?id=2810606&use=l&cat=p&typeid=i","cat":284409},{"id":93108,"n":"Bière Desperados Pack de 12x33cl","p":14.43,"u":"3,64 €/L","img":"https://fd9-photos.leclercdrive.fr/image.ashx?id=2983123&use=l&cat=p&typeid=i","cat":334878},{"id":93109,"n":"Bière Desperados Pack de 6x33cl","p":7.22,"u":"3,65 €/L","img":"https://fd9-photos.leclercdrive.fr/image.ashx?id=2999865&use=l&cat=p&typeid=i","cat":334878},{"id":93111,"n":"Camembert Le Rustique  250g","p":2.31,"u":"9,24 €/KG","img":"https://fd9-photos.leclercdrive.fr/image.ashx?id=2979722&use=l&cat=p&typeid=i","cat":314033},{"id":93112,"n":"Coulommiers Cœur de Lion  350g","p":2.61,"u":"7,46 €/KG","img":"https://fd9-photos.leclercdrive.fr/image.ashx?id=2766286&use=l&cat=p&typeid=i","cat":314033},{"id":93121,"n":"Escalope Cordon Bleu Père Dodu  Dinde x4 - 400g - Familial","p":5.05,"u":"12,63 €/KG","img":"https://fd9-photos.leclercdrive.fr/image.ashx?id=2957206&use=l&cat=p&typeid=i","cat":333683},{"id":93160,"n":"Emietté de  saumon la Rétaise  Gimgembre & citron - 90g","p":2.99,"u":"33,22 €/KG","img":"https://fd9-photos.leclercdrive.fr/image.ashx?id=1557514&use=l&cat=p&typeid=i","cat":305147},{"id":93162,"n":"Emietté de lieu fumé La Rétaise A la moutarde - 90g","p":3.75,"u":"41,67 €/KG","img":"https://fd9-photos.leclercdrive.fr/image.ashx?id=1640828&use=l&cat=p&typeid=i","cat":305147},{"id":93171,"n":"Rouille La Rétaise  90g","p":2.03,"u":"22,56 €/KG","img":"https://fd9-photos.leclercdrive.fr/image.ashx?id=1912616&use=l&cat=p&typeid=i","cat":305147},{"id":93172,"n":"Soupe de poisson La Rétaise  800g","p":4.03,"u":"5,04 €/KG","img":"https://fd9-photos.leclercdrive.fr/image.ashx?id=2475759&use=l&cat=p&typeid=i","cat":287366},{"id":93185,"n":"Epinards hachés Bio Bio Village - 600g","p":1.77,"u":"2,95 €/KG","img":"https://fd9-photos.leclercdrive.fr/image.ashx?id=2898080&use=l&cat=p&typeid=i","cat":319805},{"id":93193,"n":"Langue de boeuf sauce piquante Charal -  300g","p":6.1,"u":"20,33 €/KG","img":"https://fd9-photos.leclercdrive.fr/image.ashx?id=1987902&use=l&cat=p&typeid=i","cat":333665},{"id":93195,"n":"Boulette de boeuf napolitaine Charal -  300g","p":4.97,"u":"16,57 €/KG","img":"https://fd9-photos.leclercdrive.fr/image.ashx?id=1987908&use=l&cat=p&typeid=i","cat":333665},{"id":93203,"n":"Lessive concentrée Epsil Pure fraîcheur x28 - 980ml","p":3.29,"u":"3,36 €/L","img":"https://fd9-photos.leclercdrive.fr/image.ashx?id=2450047&use=l&cat=p&typeid=i","cat":284640},{"id":93210,"n":"Suprêmes soufflés Saint-Jean Nature x4 - 480g","p":3.43,"u":"7,15 €/KG","img":"https://fd9-photos.leclercdrive.fr/image.ashx?id=2446719&use=l&cat=p&typeid=i","cat":333682},{"id":93220,"n":"Boisson gazeuse Fever Tree Tonic Water - 4x20cl","p":4.67,"u":"5,84 €/L","img":"https://fd9-photos.leclercdrive.fr/image.ashx?id=1644067&use=l&cat=p&typeid=i","cat":284531},{"id":93244,"n":"Sauce bolognaise Panzani 425g","p":1.87,"u":"4,40 €/KG","img":"https://fd9-photos.leclercdrive.fr/image.ashx?id=2989096&use=l&cat=p&typeid=i","cat":287599},{"id":93310,"n":"Yaourt bifidus Activia vanille - 12x125g","p":4.17,"u":"2,78 €/KG","img":"https://fd9-photos.leclercdrive.fr/image.ashx?id=2999835&use=l&cat=p&typeid=i","cat":315000},{"id":93401,"n":"Bière blonde pression Heineken Fût de 5L","p":17.53,"u":"3,51 €/L","img":"https://fd9-photos.leclercdrive.fr/image.ashx?id=2646194&use=l&cat=p&typeid=i","cat":334879},{"id":93466,"n":"Crème UHT Elle&Vire Fluide Entière - 30% MG - 2x25cl","p":3.31,"u":"6,62 €/L","img":"https://fd9-photos.leclercdrive.fr/image.ashx?id=3008548&use=l&cat=p&typeid=i","cat":284381},{"id":93467,"n":"Crème UHT Elle&Vire Semi-Ep. Entière - 30% MG - 2x25cl","p":4.09,"u":"16,36 €/L","img":"https://fd9-photos.leclercdrive.fr/image.ashx?id=2827893&use=l&cat=p&typeid=i","cat":284381},{"id":93547,"n":"Long Nuggets Père Dodu  Poulet x8 - 200g","p":2.6,"u":"13,00 €/KG","img":"https://fd9-photos.leclercdrive.fr/image.ashx?id=2957188&use=l&cat=p&typeid=i","cat":333684},{"id":93596,"n":"Cidre bouché Envies De Doux - 75cl","p":2.63,"u":"3,51 €/L","img":"https://fd9-photos.leclercdrive.fr/image.ashx?id=2908978&use=l&cat=p&typeid=i","cat":334880},{"id":93600,"n":"Dessert végétal soja Alpro Nature à la coco - 500g","p":1.72,"u":"3,44 €/KG","img":"https://fd9-photos.leclercdrive.fr/image.ashx?id=2976080&use=l&cat=p&typeid=i","cat":316071},{"id":93624,"n":"Papier toilette Mimosa Blanc 3 plis - x12","p":4.61,"u":"0,38 €/P","img":"https://fd9-photos.leclercdrive.fr/image.ashx?id=2777863&use=l&cat=p&typeid=i","cat":284634},{"id":93636,"n":"Fromage RichesMonts Raclette  Caractère 18 Tranches - 420g","p":6.76,"u":"16,10 €/KG","img":"https://fd9-photos.leclercdrive.fr/image.ashx?id=2953812&use=l&cat=p&typeid=i","cat":314037},{"id":93690,"n":"Nems à la Crevette et Crabe Tables du Monde x4 - 280g","p":2.04,"u":"7,29 €/KG","img":"https://fd9-photos.leclercdrive.fr/image.ashx?id=2967673&use=l&cat=p&typeid=i","cat":333673},{"id":93700,"n":"Tablette chocolat Côte d'Or Chocolat lait praliné - 200g","p":3.81,"u":"19,05 €/KG","img":"https://fd9-photos.leclercdrive.fr/image.ashx?id=2850222&use=l&cat=p&typeid=i","cat":284497},{"id":93727,"n":"Liquide de rinçage Rainett Pour Lave-vaisselle - 750ml","p":3.66,"u":"4,88 €/L","img":"https://fd9-photos.leclercdrive.fr/image.ashx?id=2338510&use=l&cat=p&typeid=i","cat":284657},{"id":93728,"n":"Clémentine à déguster bio Bio Village Sachet 750g","p":2.99,"u":"3,99 €/KG","img":"https://fd9-photos.leclercdrive.fr/image.ashx?id=2801058&use=l&cat=p&typeid=i","cat":284356},{"id":93750,"n":"Ratatouille Cuisinée Cassegrain à la Provençale 380g","p":2.82,"u":"7,42 €/KG","img":"https://fd9-photos.leclercdrive.fr/image.ashx?id=2970831&use=l&cat=p&typeid=i","cat":312612},{"id":93788,"n":"Escalope Cordon Bleu Père Dodu  Poulet x2 - 200g","p":2.2,"u":"11,00 €/KG","img":"https://fd9-photos.leclercdrive.fr/image.ashx?id=2957170&use=l&cat=p&typeid=i","cat":333683},{"id":93819,"n":"Poêlée de légume Notre Jardin Wok cuisiné Asie - 1kg","p":3.59,"u":"3,59 €/KG","img":"https://fd9-photos.leclercdrive.fr/image.ashx?id=1960252&use=l&cat=p&typeid=i","cat":319823},{"id":93822,"n":"Nettoyant Plastique TECH9 Brillant Senteur Agrumes -400ml","p":3.99,"u":"9,98 €/L","img":"https://fd9-photos.leclercdrive.fr/image.ashx?id=2162438&use=l&cat=p&typeid=i","cat":298252},{"id":93842,"n":"Coton rectangle bébé Eco+ x200","p":3.99,"u":"0,02 €/P","img":"https://fd9-photos.leclercdrive.fr/image.ashx?id=2869760&use=l&cat=p&typeid=i","cat":284739},{"id":93851,"n":"Petit Pois Tendres et Fondants Cassegrain 280g","p":1.82,"u":"6,50 €/KG","img":"https://fd9-photos.leclercdrive.fr/image.ashx?id=2955318&use=l&cat=p&typeid=i","cat":312607},{"id":93854,"n":"Aubergines Cuisinées Cassegrain à la Provençale 375g","p":2.89,"u":"7,71 €/KG","img":"https://fd9-photos.leclercdrive.fr/image.ashx?id=2962086&use=l&cat=p&typeid=i","cat":312612},{"id":93857,"n":"Répare crevaison TECH9 500ml","p":6.9,"u":"13,80 €/L","img":"https://fd9-photos.leclercdrive.fr/image.ashx?id=2162489&use=l&cat=p&typeid=i","cat":298252},{"id":93936,"n":"Filets de poulet Eco+ Blanc - 1kg","p":9.49,"u":"9,49 €/KG","img":"https://fd9-photos.leclercdrive.fr/image.ashx?id=1514650&use=l&cat=p&typeid=i","cat":284336},{"id":94007,"n":"Croûtons à l'ail  La Rétaise  75g","p":1.08,"u":"3,60 €/KG","img":"https://fd9-photos.leclercdrive.fr/image.ashx?id=1557481&use=l&cat=p&typeid=i","cat":284464},{"id":94052,"n":"Haricot Vert Cassegrain Extra Fin Ceuillis main 220g","p":2.05,"u":"9,32 €/KG","img":"https://fd9-photos.leclercdrive.fr/image.ashx?id=2955321&use=l&cat=p&typeid=i","cat":312606},{"id":94053,"n":"Gaufrette P'tit Déli Fraise des bois - 160g","p":1.52,"u":"9,50 €/KG","img":"https://fd9-photos.leclercdrive.fr/image.ashx?id=2915299&use=l&cat=p&typeid=i","cat":284489},{"id":94157,"n":"Madeleine moelleuse St-Michel 800g","p":4.43,"u":"5,54 €/KG","img":"https://fd9-photos.leclercdrive.fr/image.ashx?id=2936230&use=l&cat=p&typeid=i","cat":284492},{"id":94163,"n":"Comté AOP Entremont Tranché - 120g","p":2.77,"u":"23,08 €/KG","img":"https://fd9-photos.leclercdrive.fr/image.ashx?id=2983141&use=l&cat=p&typeid=i","cat":314028},{"id":94164,"n":"Fromage Crèmeux Saint Albray  200g","p":2.88,"u":"14,40 €/KG","img":"https://fd9-photos.leclercdrive.fr/image.ashx?id=2731825&use=l&cat=p&typeid=i","cat":329558},{"id":94281,"n":"Rhum blanc Bologne 50%vol - 100cl","p":18.98,"u":"18,98 €/L","img":"https://fd9-photos.leclercdrive.fr/image.ashx?id=2876554&use=l&cat=p&typeid=i","cat":284550},{"id":94324,"n":"Rôti de porc Fleury Michon -25% de sel sans nitrite x6 - 210g","p":3.67,"u":"17,48 €/KG","img":"https://fd9-photos.leclercdrive.fr/image.ashx?id=2335505&use=l&cat=p&typeid=i","cat":316009},{"id":94383,"n":"Désodorisant Air Wick Fleur de lotus Relaxant - 250ml","p":3.25,"u":"13,00 €/L","img":"https://fd9-photos.leclercdrive.fr/image.ashx?id=2971930&use=l&cat=p&typeid=i","cat":311626},{"id":94489,"n":"Lames Wilkinson Quattro Titanium Sensitive - x4","p":8.96,"u":"2,24 €/P","img":"https://fd9-photos.leclercdrive.fr/image.ashx?id=2451405&use=l&cat=p&typeid=i","cat":284616},{"id":94635,"n":"Brasse végétal nature Andros 4x100g","p":2.61,"u":"6,53 €/KG","img":"https://fd9-photos.leclercdrive.fr/image.ashx?id=2872012&use=l&cat=p&typeid=i","cat":316071},{"id":94643,"n":"Brassé végétal Andros Framboise - 400g","p":2.58,"u":"6,45 €/KG","img":"https://fd9-photos.leclercdrive.fr/image.ashx?id=2879089&use=l&cat=p&typeid=i","cat":316071},{"id":94748,"n":"Tartines La Boulangère  Quinoa et graine Bio - 450g","p":2.84,"u":"6,31 €/KG","img":"https://fd9-photos.leclercdrive.fr/image.ashx?id=2912419&use=l&cat=p&typeid=i","cat":284477},{"id":94853,"n":"Oeufs frais plein air Bio Bio village - x4","p":1.9,"u":"0,48 €/P","img":"https://fd9-photos.leclercdrive.fr/image.ashx?id=2670992&use=l&cat=p&typeid=i","cat":284378},{"id":94859,"n":"Yaourt à la grecque YAOS  Stracciatella - 4x125g","p":2.43,"u":"4,86 €/KG","img":"https://fd9-photos.leclercdrive.fr/image.ashx?id=2679506&use=l&cat=p&typeid=i","cat":314999},{"id":94919,"n":"Matière grasse St Hubert Omega 3 - 51% MG - 250g","p":2.54,"u":"10,16 €/P","img":"https://fd9-photos.leclercdrive.fr/image.ashx?id=2734111&use=l&cat=p&typeid=i","cat":315229},{"id":95007,"n":"Chewing-gum Hollywood Cerise 5x10 - 70g","p":2.89,"u":"41,29 €/KG","img":"https://fd9-photos.leclercdrive.fr/image.ashx?id=2670074&use=l&cat=p&typeid=i","cat":304251},{"id":95077,"n":"Gel anti-calcaire Calgon  Hygiène Plus - 750ml","p":4.97,"u":"6,63 €/L","img":"https://fd9-photos.leclercdrive.fr/image.ashx?id=2953767&use=l&cat=p&typeid=i","cat":284653},{"id":95486,"n":"Boudin blanc Le Gaulois Aux morilles - x6 - 600g","p":5.95,"u":"9,92 €/KG","img":"https://fd9-photos.leclercdrive.fr/image.ashx?id=2609324&use=l&cat=p&typeid=i","cat":316012},{"id":95488,"n":"Boudin blanc Le Gaulois aux pommes x6 - 600g","p":5.77,"u":"9,62 €/KG","img":"https://fd9-photos.leclercdrive.fr/image.ashx?id=2732746&use=l&cat=p&typeid=i","cat":327289},{"id":95489,"n":"Boudin blanc Le Gaulois Nature - x6 - 600g","p":6.34,"u":"10,57 €/KG","img":"https://fd9-photos.leclercdrive.fr/image.ashx?id=2332333&use=l&cat=p&typeid=i","cat":316012},{"id":95535,"n":"Saumon fumé ASC Ronde des Mers Norvège x4T - 140g","p":4.99,"u":"35,64 €/KG","img":"https://fd9-photos.leclercdrive.fr/image.ashx?id=2833126&use=l&cat=p&typeid=i","cat":285188},{"id":95564,"n":"Crème fraîche légère Yoplait Fleurette 15% mg - 38cl","p":1.81,"u":"4,76 €/L","img":"https://fd9-photos.leclercdrive.fr/image.ashx?id=2733664&use=l&cat=p&typeid=i","cat":284381},{"id":95586,"n":"Eau micellaire bio SoBio Etic Peau sensible aloé véra - 500ml","p":5.28,"u":"10,56 €/L","img":"https://fd9-photos.leclercdrive.fr/image.ashx?id=2801905&use=l&cat=p&typeid=i","cat":284603},{"id":95620,"n":"Steack haché Charal  \"L'authentique\" 5%MG - 280g","p":6.6,"u":"23,57 €/KG","img":"https://fd9-photos.leclercdrive.fr/image.ashx?id=2014412&use=l&cat=p&typeid=i","cat":284332},{"id":95699,"n":"Cuisse de poulet blanc Eco+ 1 Kg","p":3.99,"u":"3,99 €/KG","img":"https://fd9-photos.leclercdrive.fr/image.ashx?id=2804151&use=l&cat=p&typeid=i","cat":284336},{"id":95811,"n":"Mascara Waterproof L'OréalParis Lash Paradise Noir","p":12.95,"img":"https://fd9-photos.leclercdrive.fr/image.ashx?id=2559589&use=l&cat=p&typeid=i","cat":287029},{"id":95815,"n":"Dessert végétal soja alpro Vanille - 500g","p":1.64,"u":"3,28 €/KG","img":"https://fd9-photos.leclercdrive.fr/image.ashx?id=2977672&use=l&cat=p&typeid=i","cat":316071},{"id":95946,"n":"Pommes vertes Panier du Primeur Barquette x6","p":2.49,"u":"0,42 €/P","img":"https://fd9-photos.leclercdrive.fr/image.ashx?id=2338703&use=l&cat=p&typeid=i","cat":284356},{"id":95947,"n":"Pommes jaunes Panier du Primeur x6","p":2.49,"u":"0,42 €/P","img":"https://fd9-photos.leclercdrive.fr/image.ashx?id=2338700&use=l&cat=p&typeid=i","cat":284356},{"id":95950,"n":"Soda cola Dr Pepper Réduit en calories - 1.5L","p":2.43,"u":"1,62 €/L","img":"https://fd9-photos.leclercdrive.fr/image.ashx?id=2024702&use=l&cat=p&typeid=i","cat":284533},{"id":95973,"n":"Eau minérale naturelle Evian  6x1,5l","p":3.42,"u":"0,38 €/L","img":"https://fd9-photos.leclercdrive.fr/image.ashx?id=2967717&use=l&cat=p&typeid=i","cat":284535},{"id":95974,"n":"Bière blonde Bud 5% - 12x25cl","p":8.21,"u":"2,74 €/L","img":"https://fd9-photos.leclercdrive.fr/image.ashx?id=2995406&use=l&cat=p&typeid=i","cat":334873},{"id":95975,"n":"Liquide vaisselle Visior Pomme poire - 750ml","p":1.19,"u":"1,59 €/L","img":"https://fd9-photos.leclercdrive.fr/image.ashx?id=1979269&use=l&cat=p&typeid=i","cat":284655},{"id":95976,"n":"Liquide vaisselle Visior Fruit rouge & Fleur - 750ml","p":1.19,"u":"1,59 €/L","img":"https://fd9-photos.leclercdrive.fr/image.ashx?id=1979272&use=l&cat=p&typeid=i","cat":284655},{"id":95977,"n":"Liquide vaisselle Visior Amande Calendula - 750ml","p":1.26,"u":"1,68 €/L","img":"https://fd9-photos.leclercdrive.fr/image.ashx?id=1965566&use=l&cat=p&typeid=i","cat":284655},{"id":95978,"n":"Liquide vaisselle Visior Pamplemousse vinaigre - 750ml","p":1.3,"u":"1,73 €/L","img":"https://fd9-photos.leclercdrive.fr/image.ashx?id=1995827&use=l&cat=p&typeid=i","cat":284655},{"id":95979,"n":"Gel douche Manava Orchidée Camélia - 250ml","p":1.15,"u":"4,60 €/L","img":"https://fd9-photos.leclercdrive.fr/image.ashx?id=2040311&use=l&cat=p&typeid=i","cat":284594},{"id":96057,"n":"Café grains Méo Espresso - 1kg","p":15.25,"u":"15,25 €/KG","img":"https://fd9-photos.leclercdrive.fr/image.ashx?id=2593977&use=l&cat=p&typeid=i","cat":293237},{"id":96060,"n":"Chili con carné Bio Village Bio - 300g","p":3.49,"u":"11,63 €/KG","img":"https://fd9-photos.leclercdrive.fr/image.ashx?id=2437199&use=l&cat=p&typeid=i","cat":284953},{"id":96064,"n":"Couronne marbrée des rois Chocolat La Fournée Dorée 400g","p":3.63,"u":"9,08 €/KG","img":"https://fd9-photos.leclercdrive.fr/image.ashx?id=2735263&use=l&cat=p&typeid=i","cat":284478},{"id":96065,"n":"Couronne rois poudre amande  perles de sucre - 350g","p":3.42,"u":"9,77 €/KG","img":"https://fd9-photos.leclercdrive.fr/image.ashx?id=2735266&use=l&cat=p&typeid=i","cat":284478},{"id":96089,"n":"Gel douche Manava Citron basilic - 250ml","p":1.15,"u":"4,60 €/L","img":"https://fd9-photos.leclercdrive.fr/image.ashx?id=2040314&use=l&cat=p&typeid=i","cat":284594},{"id":96091,"n":"Gel douche Manava Concombre aloe vera - 250ml","p":1.18,"u":"4,72 €/L","img":"https://fd9-photos.leclercdrive.fr/image.ashx?id=2809671&use=l&cat=p&typeid=i","cat":284594},{"id":96094,"n":"Gel douche Manava Mangue Acai - 250ml","p":1.15,"u":"4,60 €/L","img":"https://fd9-photos.leclercdrive.fr/image.ashx?id=1973892&use=l&cat=p&typeid=i","cat":284594},{"id":96095,"n":"Gel douche Manava Envolée de pétales - 250ml","p":1.15,"u":"4,60 €/L","img":"https://fd9-photos.leclercdrive.fr/image.ashx?id=1980232&use=l&cat=p&typeid=i","cat":284594},{"id":96096,"n":"Gel douche Manava Crumble fruits rouges - 250ml","p":1.29,"u":"5,16 €/L","img":"https://fd9-photos.leclercdrive.fr/image.ashx?id=2486464&use=l&cat=p&typeid=i","cat":284594},{"id":96097,"n":"Gel douche Manava Noisettes caramel - 250ml","p":1.3,"u":"5,20 €/L","img":"https://fd9-photos.leclercdrive.fr/image.ashx?id=2040317&use=l&cat=p&typeid=i","cat":284594},{"id":96284,"n":"Pois chiches - 3x130g","p":1.65,"u":"4,23 €/KG","img":"https://fd9-photos.leclercdrive.fr/image.ashx?id=3002626&use=l&cat=p&typeid=i","cat":312609},{"id":96287,"n":"Café San Marco Grains n°7 - 500g","p":11.39,"u":"22,78 €/KG","img":"https://fd9-photos.leclercdrive.fr/image.ashx?id=2322163&use=l&cat=p&typeid=i","cat":293237},{"id":96289,"n":"Biscuit apéritif ancel Sticks Bretzels Original - 300g","p":1.8,"u":"6,00 €/KG","img":"https://fd9-photos.leclercdrive.fr/image.ashx?id=2841196&use=l&cat=p&typeid=i","cat":297000},{"id":96290,"n":"Sucre en morceaux Beghin Say 1kg","p":2.07,"u":"2,07 €/KG","img":"https://fd9-photos.leclercdrive.fr/image.ashx?id=2866361&use=l&cat=p&typeid=i","cat":284502},{"id":96293,"n":"Couronne rois pépites chocolat La Fournée Dorée - 350g","p":3.29,"u":"9,40 €/KG","img":"https://fd9-photos.leclercdrive.fr/image.ashx?id=2735305&use=l&cat=p&typeid=i","cat":284478},{"id":96416,"n":"Sauce soja Kikkoman 250ml","p":4.72,"u":"18,88 €/L","img":"https://fd9-photos.leclercdrive.fr/image.ashx?id=2544952&use=l&cat=p&typeid=i","cat":288992},{"id":96430,"n":"Couronne Rois fruits confits La Fournée Dorée - 350g","p":3.3,"u":"9,43 €/KG","img":"https://fd9-photos.leclercdrive.fr/image.ashx?id=2735272&use=l&cat=p&typeid=i","cat":284487},{"id":96777,"n":"Crème mains Inell Hydratante - 100ml","p":1.35,"u":"13,50 €/L","img":"https://fd9-photos.leclercdrive.fr/image.ashx?id=2515688&use=l&cat=p&typeid=i","cat":325354},{"id":96832,"n":"Mini viennoiseries Epi d'Or x12 - 372g","p":4.23,"u":"11,37 €/KG","img":"https://fd9-photos.leclercdrive.fr/image.ashx?id=1879302&use=l&cat=p&typeid=i","cat":288858},{"id":96932,"n":"Saumon fumé Rondes des Mers ASC Norvège x2T - 75g","p":3.95,"u":"52,67 €/KG","img":"https://fd9-photos.leclercdrive.fr/image.ashx?id=3004639&use=l&cat=p&typeid=i","cat":285188},{"id":96934,"n":"Saumon fumé Bio Bio Village Atlantique x2T - 65g","p":3.6,"u":"55,38 €/KG","img":"https://fd9-photos.leclercdrive.fr/image.ashx?id=2084108&use=l&cat=p&typeid=i","cat":285188},{"id":96937,"n":"Saumon fumé Eco+ Norvège - 200g","p":4.65,"u":"23,25 €/KG","img":"https://fd9-photos.leclercdrive.fr/image.ashx?id=2794823&use=l&cat=p&typeid=i","cat":285188},{"id":96938,"n":"Saumon fumé Ronde des Mers ASC Norvège x6T - 210g","p":8.5,"u":"40,48 €/KG","img":"https://fd9-photos.leclercdrive.fr/image.ashx?id=2833132&use=l&cat=p&typeid=i","cat":285188},{"id":96959,"n":"Pains au chocolat Epi d'Or x6 - 450g","p":2.95,"u":"6,56 €/KG","img":"https://fd9-photos.leclercdrive.fr/image.ashx?id=1983598&use=l&cat=p&typeid=i","cat":284267},{"id":96970,"n":"Feuilletés Epinards Chèvre Côté Table - 2x150g","p":3.09,"u":"10,30 €/KG","img":"https://fd9-photos.leclercdrive.fr/image.ashx?id=2846523&use=l&cat=p&typeid=i","cat":333671},{"id":97031,"n":"Yaourt à la grecque Délisse Café - 4x150g","p":2.49,"u":"4,15 €/KG","img":"https://fd9-photos.leclercdrive.fr/image.ashx?id=2883017&use=l&cat=p&typeid=i","cat":314999},{"id":97033,"n":"Gel Bain douche Manava Fleur de cerisier - 500ml","p":1.88,"u":"3,76 €/L","img":"https://fd9-photos.leclercdrive.fr/image.ashx?id=2618356&use=l&cat=p&typeid=i","cat":284594},{"id":97036,"n":"Bag in Box rouge Chassetellier Vignerons de l'ile de Ré - 5L","p":10.9,"u":"2,18 €/L","img":"https://fd9-photos.leclercdrive.fr/image.ashx?id=1651355&use=l&cat=p&typeid=i","cat":289560},{"id":97037,"n":"Bag in Box de vin blanc Toiras  Vignerons de l'ile de Ré - 5L","p":10.65,"u":"2,13 €/L","img":"https://fd9-photos.leclercdrive.fr/image.ashx?id=1652670&use=l&cat=p&typeid=i","cat":289560},{"id":97040,"n":"Bag in Box de vin Large rosé  Vignerons de l'ile de Ré - 5L","p":10.9,"u":"2,18 €/L","img":"https://fd9-photos.leclercdrive.fr/image.ashx?id=1654029&use=l&cat=p&typeid=i","cat":289560},{"id":97045,"n":"Thon entier Petit Navire Au naturel - 2x93g","p":3.18,"u":"17,10 €/KG","img":"https://fd9-photos.leclercdrive.fr/image.ashx?id=2961837&use=l&cat=p&typeid=i","cat":303867},{"id":97124,"n":"Manchons de poulet Eco+ 250g","p":2.03,"u":"8,12 €/KG","img":"https://fd9-photos.leclercdrive.fr/image.ashx?id=2742676&use=l&cat=p&typeid=i","cat":333685},{"id":97130,"n":"Manchons de poulet Eco+ Mexicains - 250g","p":2.01,"u":"8,04 €/KG","img":"https://fd9-photos.leclercdrive.fr/image.ashx?id=2903929&use=l&cat=p&typeid=i","cat":333685},{"id":97168,"n":"4 mini surligneurs Esquisse Pastel","p":1.89,"u":"0,47 €/P","img":"https://fd9-photos.leclercdrive.fr/image.ashx?id=1678793&use=l&cat=p&typeid=i","cat":284696},{"id":97287,"n":"Feutres de coloriage Esquisse Lavables Pointe large - x12","p":1.79,"u":"0,15 €/P","img":"https://fd9-photos.leclercdrive.fr/image.ashx?id=1698631&use=l&cat=p&typeid=i","cat":284696},{"id":97359,"n":"Gyoza crevettes Ajinomoto Avec sauce soja  - 212g","p":3.77,"u":"17,78 €/KG","img":"https://fd9-photos.leclercdrive.fr/image.ashx?id=2590279&use=l&cat=p&typeid=i","cat":319774},{"id":97360,"n":"Gyoza Ajinomoto Poulet & légumes - 212g","p":4.36,"u":"20,57 €/KG","img":"https://fd9-photos.leclercdrive.fr/image.ashx?id=2590327&use=l&cat=p&typeid=i","cat":319774},{"id":97362,"n":"Gyoza Ajinomoto Légumes avec sauce soja - 212g","p":4.65,"u":"21,93 €/KG","img":"https://fd9-photos.leclercdrive.fr/image.ashx?id=2590330&use=l&cat=p&typeid=i","cat":319774},{"id":97475,"n":"Ruban correcteur 10m Esquisse Coloris aléatoire - 1 pièce","p":1.35,"img":"https://fd9-photos.leclercdrive.fr/image.ashx?id=1700212&use=l&cat=p&typeid=i","cat":334133},{"id":97660,"n":"Céréales Jordans Country Crisp Chocolat Noir 70% - 850g","p":5.47,"u":"6,44 €/KG","img":"https://fd9-photos.leclercdrive.fr/image.ashx?id=2940336&use=l&cat=p&typeid=i","cat":309512},{"id":97662,"n":"Thé vert Twinings Menthe x25 - 38g","p":2.39,"u":"62,89 €/KG","img":"https://fd9-photos.leclercdrive.fr/image.ashx?id=2906763&use=l&cat=p&typeid=i","cat":293233},{"id":97667,"n":"Thé russian Twinings Earl grey x20 - 30g","p":2.38,"u":"79,33 €/KG","img":"https://fd9-photos.leclercdrive.fr/image.ashx?id=2878306&use=l&cat=p&typeid=i","cat":293233},{"id":97671,"n":"Thé russian Earl Grey Twinings 150g","p":6.12,"u":"40,80 €/KG","img":"https://fd9-photos.leclercdrive.fr/image.ashx?id=2950729&use=l&cat=p&typeid=i","cat":293233},{"id":97673,"n":"Thé Darjeeling Twinings Sachet - x25 - 50g","p":2.32,"u":"46,40 €/KG","img":"https://fd9-photos.leclercdrive.fr/image.ashx?id=2922116&use=l&cat=p&typeid=i","cat":293233},{"id":97677,"n":"Thé Twinings English breakfast x25 - 40g","p":2.7,"u":"67,50 €/KG","img":"https://fd9-photos.leclercdrive.fr/image.ashx?id=2893027&use=l&cat=p&typeid=i","cat":293233},{"id":97678,"n":"Céréales Jordans Country Crisp 4 Baies - 550g","p":3.1,"u":"5,64 €/KG","img":"https://fd9-photos.leclercdrive.fr/image.ashx?id=2997205&use=l&cat=p&typeid=i","cat":309512},{"id":97713,"n":"Soda Tonic Sprink's 6x33cl","p":2.49,"u":"1,26 €/L","img":"https://fd9-photos.leclercdrive.fr/image.ashx?id=2956768&use=l&cat=p&typeid=i","cat":284531},{"id":98098,"n":"Liquide vaisselle Visior Antiodeur - 500ml","p":0.64,"u":"1,28 €/L","img":"https://fd9-photos.leclercdrive.fr/image.ashx?id=2951122&use=l&cat=p&typeid=i","cat":284655},{"id":98251,"n":"Liquide Vaisselle Brillance  VISIOR - 500ml","p":0.64,"u":"1,28 €/L","img":"https://fd9-photos.leclercdrive.fr/image.ashx?id=2951125&use=l&cat=p&typeid=i","cat":284655},{"id":98252,"n":"Liquide vaisselle Visior Antibactérien - 500ml","p":0.64,"u":"1,28 €/L","img":"https://fd9-photos.leclercdrive.fr/image.ashx?id=2951131&use=l&cat=p&typeid=i","cat":284655},{"id":98253,"n":"Liquide vaisselle Visior Désincrustant sel - 500ml","p":0.64,"u":"1,28 €/L","img":"https://fd9-photos.leclercdrive.fr/image.ashx?id=2951128&use=l&cat=p&typeid=i","cat":284655},{"id":98417,"n":"Liquide vaisselle floral Visior 500ml","p":0.64,"u":"1,28 €/L","img":"https://fd9-photos.leclercdrive.fr/image.ashx?id=2951134&use=l&cat=p&typeid=i","cat":284655},{"id":98422,"n":"Pavés de Saumon Bio Bio Village 200g","p":8.59,"u":"42,95 €/KG","img":"https://fd9-photos.leclercdrive.fr/image.ashx?id=2934802&use=l&cat=p&typeid=i","cat":319786},{"id":98431,"n":"Lamelles de kebab France Kebab Poulet dinde - 750g","p":9.66,"u":"12,88 €/KG","img":"https://fd9-photos.leclercdrive.fr/image.ashx?id=2231876&use=l&cat=p&typeid=i","cat":null},{"id":98437,"n":"Chorizo fort Eco+ 250g","p":1.63,"u":"6,52 €/KG","img":"https://fd9-photos.leclercdrive.fr/image.ashx?id=2694079&use=l&cat=p&typeid=i","cat":316006},{"id":98438,"n":"Kiwis Bio Bio Village x6","p":3.49,"u":"0,58 €/P","img":"https://fd9-photos.leclercdrive.fr/image.ashx?id=2556443&use=l&cat=p&typeid=i","cat":284356},{"id":98443,"n":"Soda Coca-Cola Original Bouteille - Pack 6x1L","p":10.2,"u":"1,70 €/L","img":"https://fd9-photos.leclercdrive.fr/image.ashx?id=2830897&use=l&cat=p&typeid=i","cat":284530},{"id":98445,"n":"Burger du chef Socopa 440g","p":6.03,"u":"13,70 €/KG","img":"https://fd9-photos.leclercdrive.fr/image.ashx?id=2625145&use=l&cat=p&typeid=i","cat":284332},{"id":98499,"n":"Saumon fumé Petit Navire Ecosse - 4 tranches - 120g","p":6.57,"u":"54,75 €/KG","img":"https://fd9-photos.leclercdrive.fr/image.ashx?id=2950474&use=l&cat=p&typeid=i","cat":285188},{"id":98564,"n":"Foie gras de canard mi-cuit en terrine - 200g","p":15.97,"u":"79,85 €/KG","img":"https://fd9-photos.leclercdrive.fr/image.ashx?id=2631159&use=l&cat=p&typeid=i","cat":316008},{"id":98630,"n":"Compotes Douceur du Verger Panachées - x16","p":4.11,"u":"0,26 €/P","img":"https://fd9-photos.leclercdrive.fr/image.ashx?id=1693241&use=l&cat=p&typeid=i","cat":284416},{"id":98693,"n":"Masque Pieds Très Hydratant Huile de noix de coco - 1 paire","p":3.03,"img":"https://fd9-photos.leclercdrive.fr/image.ashx?id=3011011&use=l&cat=p&typeid=i","cat":325354},{"id":98728,"n":"Frixion-ball Pilot Noir - + Recharge + Fineliner","p":5.99,"img":"https://fd9-photos.leclercdrive.fr/image.ashx?id=2935969&use=l&cat=p&typeid=i","cat":284696},{"id":98746,"n":"Mousse Maronsui's La Laitière Crème de marrons - 4x68,8g","p":1.75,"u":"6,36 €/KG","img":"https://fd9-photos.leclercdrive.fr/image.ashx?id=2729755&use=l&cat=p&typeid=i","cat":284417},{"id":98811,"n":"Comprimé antibactérien Polident x36","p":2.25,"u":"0,06 €/P","img":"https://fd9-photos.leclercdrive.fr/image.ashx?id=2303843&use=l&cat=p&typeid=i","cat":285158},{"id":98813,"n":"Dentifrice Parodontax Soin blancheur - 75ml","p":3.58,"u":"47,73 €/L","img":"https://fd9-photos.leclercdrive.fr/image.ashx?id=2606391&use=l&cat=p&typeid=i","cat":284612},{"id":98814,"n":"Dentifrice Parodontax Soin quotidien - 75ml","p":3.62,"u":"48,27 €/L","img":"https://fd9-photos.leclercdrive.fr/image.ashx?id=2606394&use=l&cat=p&typeid=i","cat":284612},{"id":98821,"n":"Brosse à dent Parodontax Soin nettoyage souple - X1","p":3.53,"img":"https://fd9-photos.leclercdrive.fr/image.ashx?id=2489737&use=l&cat=p&typeid=i","cat":284614},{"id":98828,"n":"Purée fruit bébé Blédina 6 mois Pomme poire mandarine - 4x100g","p":1.62,"u":"4,05 €/KG","img":"https://fd9-photos.leclercdrive.fr/image.ashx?id=2983033&use=l&cat=p&typeid=i","cat":312388},{"id":98831,"n":"Purée fruit bébé Blédina 6 mois Harmonie de fruits - 4x100g","p":1.78,"u":"4,45 €/KG","img":"https://fd9-photos.leclercdrive.fr/image.ashx?id=2983036&use=l&cat=p&typeid=i","cat":312388},{"id":98872,"n":"Boisson Thé Glacé FuzeTea Mangue Camomille - 1,25L","p":1.5,"u":"1,20 €/L","img":"https://fd9-photos.leclercdrive.fr/image.ashx?id=2997220&use=l&cat=p&typeid=i","cat":295019},{"id":98875,"n":"Thé glacé Fuze Tea  Pêche Hibiscus - 1,25L","p":1.5,"u":"1,20 €/L","img":"https://fd9-photos.leclercdrive.fr/image.ashx?id=2940393&use=l&cat=p&typeid=i","cat":295019},{"id":98935,"n":"Dentifrice Blancheur Signal  Nature Elements Coco 2x75ml","p":3.56,"pp":2.35,"u":"15,67 €/L","img":"https://fd9-photos.leclercdrive.fr/image.ashx?id=2338654&use=l&cat=p&typeid=i","cat":284612},{"id":98946,"n":"AOC Muscadet Sèvre&Maine sur Lie blanc prestige - 75cl","p":4.27,"u":"5,69 €/L","img":"https://fd9-photos.leclercdrive.fr/image.ashx?id=1648198&use=l&cat=p&typeid=i","cat":289557},{"id":99045,"n":"Ravioli bio au blé complet Rana Épinards, Ricotta - 250g","p":3.39,"u":"13,56 €/KG","img":"https://fd9-photos.leclercdrive.fr/image.ashx?id=2439878&use=l&cat=p&typeid=i","cat":333682},{"id":99197,"n":"Sauce froide Suzi Wan Aigre douce Pimentée - 350g","p":2.23,"u":"6,37 €/KG","img":"https://fd9-photos.leclercdrive.fr/image.ashx?id=2429902&use=l&cat=p&typeid=i","cat":288992},{"id":99216,"n":"Beurre Elle&Vire Condé sur Vire Doux - 82% MG - 250g","p":2.89,"u":"11,56 €/KG","img":"https://fd9-photos.leclercdrive.fr/image.ashx?id=2811131&use=l&cat=p&typeid=i","cat":284379},{"id":99248,"n":"Bouillon Kub Or Maggi 32 cubes - 128g","p":1.21,"u":"9,45 €/KG","img":"https://fd9-photos.leclercdrive.fr/image.ashx?id=2692737&use=l&cat=p&typeid=i","cat":288379},{"id":99508,"n":"Piles Duracell CR2032 Lithium 3V - x4","p":9.4,"u":"2,35 €/P","img":"https://fd9-photos.leclercdrive.fr/image.ashx?id=3003405&use=l&cat=p&typeid=i","cat":300572},{"id":99545,"n":"Mogettes bio Bio VIllage 215g","p":1.73,"u":"8,05 €/KG","img":"https://fd9-photos.leclercdrive.fr/image.ashx?id=3002680&use=l&cat=p&typeid=i","cat":312606},{"id":99547,"n":"Haricots rouge Bio Village Bio - 205g","p":2.31,"u":"11,27 €/KG","img":"https://fd9-photos.leclercdrive.fr/image.ashx?id=1947761&use=l&cat=p&typeid=i","cat":312606},{"id":99553,"n":"Pois chiche Bio VIllage Bio - 215g","p":2.1,"u":"9,77 €/KG","img":"https://fd9-photos.leclercdrive.fr/image.ashx?id=3002683&use=l&cat=p&typeid=i","cat":312609},{"id":99555,"n":"Lentilles Bio Village Bio - 215g","p":2.04,"u":"9,49 €/KG","img":"https://fd9-photos.leclercdrive.fr/image.ashx?id=1947752&use=l&cat=p&typeid=i","cat":312609},{"id":99562,"n":"Haricots verts Eco  Très fins - 440g","p":1.02,"u":"2,32 €/KG","img":"https://fd9-photos.leclercdrive.fr/image.ashx?id=2302955&use=l&cat=p&typeid=i","cat":312606},{"id":99564,"n":"Haricots Blancs à la tomate 800g","p":1.0,"u":"1,89 €/KG","img":"https://fd9-photos.leclercdrive.fr/image.ashx?id=3003735&use=l&cat=p&typeid=i","cat":312606},{"id":99570,"n":"Ratatouille Eco+ 750g","p":1.08,"u":"1,44 €/KG","img":"https://fd9-photos.leclercdrive.fr/image.ashx?id=2703446&use=l&cat=p&typeid=i","cat":312612},{"id":99574,"n":"Poêlée savoyarde  900g","p":4.06,"u":"4,51 €/KG","img":"https://fd9-photos.leclercdrive.fr/image.ashx?id=2478931&use=l&cat=p&typeid=i","cat":319823},{"id":99703,"n":"Eau micellaire Diadermine Hydratant - 400ml","p":4.28,"u":"10,70 €/L","img":"https://fd9-photos.leclercdrive.fr/image.ashx?id=2549624&use=l&cat=p&typeid=i","cat":284603},{"id":99734,"n":"Capsules café L'Or Espresso Or Absolu N°9 x20","p":7.43,"u":"71,44 €/KG","img":"https://fd9-photos.leclercdrive.fr/image.ashx?id=2859971&use=l&cat=p&typeid=i","cat":284749},{"id":99738,"n":"Masque réparateur Garnier Fructis Hair Food - 390ml","p":5.82,"u":"14,92 €/L","img":"https://fd9-photos.leclercdrive.fr/image.ashx?id=2505669&use=l&cat=p&typeid=i","cat":284608},{"id":99774,"n":"Biscuits sablés Granola Chocolat noir - 195g","p":1.58,"u":"8,10 €/KG","img":"https://fd9-photos.leclercdrive.fr/image.ashx?id=2982979&use=l&cat=p&typeid=i","cat":284488},{"id":99788,"n":"Capsules café L'Or Espresso Lungo Profondo N°8 x20","p":6.59,"u":"63,37 €/KG","img":"https://fd9-photos.leclercdrive.fr/image.ashx?id=3005796&use=l&cat=p&typeid=i","cat":284749},{"id":99922,"n":"Lait de douche Manava Framboise - 250ml","p":0.94,"u":"3,76 €/L","img":"https://fd9-photos.leclercdrive.fr/image.ashx?id=2618353&use=l&cat=p&typeid=i","cat":284594},{"id":99965,"n":"Biscuit speculoos Lotus Biscoff 750g (6x125g)","p":3.39,"u":"4,52 €/KG","img":"https://fd9-photos.leclercdrive.fr/image.ashx?id=2693818&use=l&cat=p&typeid=i","cat":284487},{"id":99967,"n":"Pois chiches bio Jardin Bio Au naturel - 420g","p":2.04,"u":"4,86 €/KG","img":"https://fd9-photos.leclercdrive.fr/image.ashx?id=2971215&use=l&cat=p&typeid=i","cat":312609},{"id":99975,"n":"Vodka Zubrowka Bison grass - 37.5%vol - 70cl","p":12.82,"u":"18,31 €/L","img":"https://fd9-photos.leclercdrive.fr/image.ashx?id=2879820&use=l&cat=p&typeid=i","cat":284550},{"id":100250,"n":"Yaourt nature sucré Kit-Kat Billes chocolat - 4x115g","p":2.93,"u":"6,37 €/KG","img":"https://fd9-photos.leclercdrive.fr/image.ashx?id=2875954&use=l&cat=p&typeid=i","cat":284414},{"id":100322,"n":"Plumeau antistatique 1 pièce","p":4.29,"img":"https://fd9-photos.leclercdrive.fr/image.ashx?id=2083972&use=l&cat=p&typeid=i","cat":325364},{"id":100334,"n":"Gel bain douche Manava Coton macadamia - 500ml","p":1.88,"u":"3,76 €/L","img":"https://fd9-photos.leclercdrive.fr/image.ashx?id=1644734&use=l&cat=p&typeid=i","cat":284594},{"id":100356,"n":"Crayon Yeux Maybelline Effet Tatouage 900 Deep Onyx","p":6.21,"img":"https://fd9-photos.leclercdrive.fr/image.ashx?id=2904865&use=l&cat=p&typeid=i","cat":287029},{"id":100485,"n":"Chocolat noir Bio Village Bio Dégustation 85% cacao 100g","p":1.87,"u":"18,70 €/KG","img":"https://fd9-photos.leclercdrive.fr/image.ashx?id=1957009&use=l&cat=p&typeid=i","cat":284956},{"id":100594,"n":"Petit pois carotte Bio Village Bio - 215g","p":1.63,"u":"7,58 €/KG","img":"https://fd9-photos.leclercdrive.fr/image.ashx?id=3002692&use=l&cat=p&typeid=i","cat":312607},{"id":100595,"n":"Papier toilette Uni Vert Blanc 3 plis recyclés - x6","p":2.34,"u":"0,39 €/P","img":"https://fd9-photos.leclercdrive.fr/image.ashx?id=1957105&use=l&cat=p&typeid=i","cat":284634},{"id":100596,"n":"Petits pois fins Bio Village Bio - 230g","p":1.81,"u":"7,87 €/KG","img":"https://fd9-photos.leclercdrive.fr/image.ashx?id=3002689&use=l&cat=p&typeid=i","cat":312607},{"id":100604,"n":"Pur jus Bio Village Pomme mangue Bio - 1L","p":3.75,"u":"3,75 €/L","img":"https://fd9-photos.leclercdrive.fr/image.ashx?id=2901551&use=l&cat=p&typeid=i","cat":284917},{"id":100673,"n":"Soda Coca-Cola sans sucres Bouteilles - 6x1L","p":7.5,"pp":4.95,"u":"0,82 €/L","img":"https://fd9-photos.leclercdrive.fr/image.ashx?id=2178352&use=l&cat=p&typeid=i","cat":284530},{"id":100705,"n":"Tartine Petit dejeuner Jacquet 410g","p":1.51,"u":"3,68 €/KG","img":"https://fd9-photos.leclercdrive.fr/image.ashx?id=2991855&use=l&cat=p&typeid=i","cat":284477},{"id":100725,"n":"Pain de mie La Boulangère Toastiligne Aux céréales - 500g","p":1.42,"u":"2,84 €/KG","img":"https://fd9-photos.leclercdrive.fr/image.ashx?id=2912401&use=l&cat=p&typeid=i","cat":284477},{"id":100728,"n":"Gache tranchée La Boulangère 400g","p":2.28,"u":"5,70 €/KG","img":"https://fd9-photos.leclercdrive.fr/image.ashx?id=2912179&use=l&cat=p&typeid=i","cat":284478},{"id":100790,"n":"Kit fajitas Old El Paso tomates poivrons - 500g","p":4.93,"u":"9,86 €/KG","img":"https://fd9-photos.leclercdrive.fr/image.ashx?id=2764628&use=l&cat=p&typeid=i","cat":288993},{"id":100792,"n":"Wraps Old El Paso de blé complet x6 - 350g","p":2.81,"u":"8,03 €/KG","img":"https://fd9-photos.leclercdrive.fr/image.ashx?id=2940573&use=l&cat=p&typeid=i","cat":288993},{"id":100979,"n":"Chocolat au lait Lindt Création Le Rocher lait - 150g","p":3.05,"u":"20,33 €/KG","img":"https://fd9-photos.leclercdrive.fr/image.ashx?id=2685805&use=l&cat=p&typeid=i","cat":284497},{"id":100981,"n":"Courgettes Cuisinées Cassegrain à la Provençale 375g","p":2.88,"u":"7,68 €/KG","img":"https://fd9-photos.leclercdrive.fr/image.ashx?id=2977951&use=l&cat=p&typeid=i","cat":312612},{"id":100991,"n":"Céréales Trésor de Kellogg's Chocolat Noisettes - 410g","p":2.87,"u":"7,00 €/KG","img":"https://fd9-photos.leclercdrive.fr/image.ashx?id=2584238&use=l&cat=p&typeid=i","cat":309513},{"id":101003,"n":"Maquereaux naturel Saupiquet 3x169g","p":5.99,"u":"11,81 €/KG","img":"https://fd9-photos.leclercdrive.fr/image.ashx?id=2845937&use=l&cat=p&typeid=i","cat":303868},{"id":101050,"n":"Croquette chat stérilisé Ultima  Nature - Saumon - 1.25kg","p":6.72,"u":"5,38 €/KG","img":"https://fd9-photos.leclercdrive.fr/image.ashx?id=2569962&use=l&cat=p&typeid=i","cat":284680},{"id":101056,"n":"Adoucissant concentré Hyperdou Rosée du matin - 750ml","p":1.99,"u":"2,65 €/L","img":"https://fd9-photos.leclercdrive.fr/image.ashx?id=2602910&use=l&cat=p&typeid=i","cat":284650},{"id":101058,"n":"Adoucissant concentré Hyperdou Passion tropicale - 750ml","p":1.99,"u":"2,65 €/L","img":"https://fd9-photos.leclercdrive.fr/image.ashx?id=2683565&use=l&cat=p&typeid=i","cat":284650},{"id":101115,"n":"Céréales Trésor de Kellogg's Chocolat au Lait - 410g","p":2.87,"u":"7,00 €/KG","img":"https://fd9-photos.leclercdrive.fr/image.ashx?id=2584241&use=l&cat=p&typeid=i","cat":309513},{"id":101126,"n":"Bière blonde Grimbergen Pale Ale 5,5° - 6x25cl","p":5.61,"u":"3,74 €/L","img":"https://fd9-photos.leclercdrive.fr/image.ashx?id=2312801&use=l&cat=p&typeid=i","cat":334852},{"id":101231,"n":"Le Gourmand Garden Gourmet Soja, Poivre et Persil 160g","p":2.43,"u":"15,19 €/KG","img":"https://fd9-photos.leclercdrive.fr/image.ashx?id=2988683&use=l&cat=p&typeid=i","cat":316036},{"id":101253,"n":"Saucisson Mini Jusin Bridou  -25% de sel - 80g","p":2.58,"u":"32,25 €/KG","img":"https://fd9-photos.leclercdrive.fr/image.ashx?id=2526986&use=l&cat=p&typeid=i","cat":316006},{"id":101264,"n":"Jus d'orange sanguine Andros 1L","p":4.11,"u":"4,11 €/L","img":"https://fd9-photos.leclercdrive.fr/image.ashx?id=2882635&use=l&cat=p&typeid=i","cat":285435},{"id":101288,"n":"Mousse végétal Andros Chocolat - 4x55g","p":2.88,"u":"13,09 €/KG","img":"https://fd9-photos.leclercdrive.fr/image.ashx?id=2963433&use=l&cat=p&typeid=i","cat":316071},{"id":101290,"n":"Compotée Bonne Maman Fraise/Famboise/Sureau - 260g","p":2.77,"u":"10,65 €/KG","img":"https://fd9-photos.leclercdrive.fr/image.ashx?id=2874033&use=l&cat=p&typeid=i","cat":284416},{"id":101294,"n":"Compotée Bonne Maman Pomme vanille - 2x130g","p":2.63,"u":"10,12 €/KG","img":"https://fd9-photos.leclercdrive.fr/image.ashx?id=2874036&use=l&cat=p&typeid=i","cat":284416},{"id":101317,"n":"Assiettes plates kraft Homeside 18cm - x50","p":3.01,"u":"0,06 €/P","img":"https://fd9-photos.leclercdrive.fr/image.ashx?id=1660522&use=l&cat=p&typeid=i","cat":334134},{"id":101333,"n":"Chiffonnade mortadelle 100% italienne Negroni - 85g","p":3.01,"u":"35,41 €/KG","img":"https://fd9-photos.leclercdrive.fr/image.ashx?id=1942178&use=l&cat=p&typeid=i","cat":316009},{"id":101347,"n":"IGP Pâte Garofalo  Fusillone - 500g","p":2.13,"u":"4,26 €/KG","img":"https://fd9-photos.leclercdrive.fr/image.ashx?id=3005353&use=l&cat=p&typeid=i","cat":284427},{"id":101348,"n":"Barres Chocolatées KINDER BUENO  Chocolat au Lait x12 - 516g","p":8.35,"u":"16,18 €/KG","img":"https://fd9-photos.leclercdrive.fr/image.ashx?id=2402946&use=l&cat=p&typeid=i","cat":284498},{"id":101349,"n":"Crème dessert Danette Vanille - 6x125g","p":1.97,"u":"2,63 €/KG","img":"https://fd9-photos.leclercdrive.fr/image.ashx?id=2923498&use=l&cat=p&typeid=i","cat":285041},{"id":101351,"n":"Liégeois chocolat Danette - 4x100g","p":1.43,"u":"3,58 €/KG","img":"https://fd9-photos.leclercdrive.fr/image.ashx?id=2907845&use=l&cat=p&typeid=i","cat":285042},{"id":101352,"n":"Crème dessert Danette  Chocolat - 6x125g","p":1.92,"u":"2,56 €/KG","img":"https://fd9-photos.leclercdrive.fr/image.ashx?id=2915395&use=l&cat=p&typeid=i","cat":285041},{"id":101415,"n":"Couteaux en bois Homeside x20","p":1.38,"u":"0,07 €/P","img":"https://fd9-photos.leclercdrive.fr/image.ashx?id=1663736&use=l&cat=p&typeid=i","cat":334134},{"id":101416,"n":"Fourchettes en bois Homeside x20","p":1.38,"u":"0,07 €/P","img":"https://fd9-photos.leclercdrive.fr/image.ashx?id=1663733&use=l&cat=p&typeid=i","cat":334134},{"id":101418,"n":"Cuillères en bois Homeside x20","p":1.38,"u":"0,07 €/P","img":"https://fd9-photos.leclercdrive.fr/image.ashx?id=1663730&use=l&cat=p&typeid=i","cat":334134},{"id":101456,"n":"Barres Chocolatées KINDER Maxi Chocolat au Lait x18 - 378g","p":5.37,"u":"14,21 €/KG","img":"https://fd9-photos.leclercdrive.fr/image.ashx?id=2673854&use=l&cat=p&typeid=i","cat":284498},{"id":101461,"n":"Pâtes Collezione Barilla Fusilli Bucati Corti - 500g","p":1.54,"u":"3,08 €/KG","img":"https://fd9-photos.leclercdrive.fr/image.ashx?id=2991003&use=l&cat=p&typeid=i","cat":284427},{"id":101473,"n":"Petit Pois, Carotte Cassegrain Tendre et Fondant 265g","p":1.84,"u":"6,94 €/KG","img":"https://fd9-photos.leclercdrive.fr/image.ashx?id=2951692&use=l&cat=p&typeid=i","cat":312607},{"id":101478,"n":"Petit Chinois La fournée Dorée Crème patissière - x6 - 300g","p":2.14,"u":"7,13 €/KG","img":"https://fd9-photos.leclercdrive.fr/image.ashx?id=2964492&use=l&cat=p&typeid=i","cat":296366},{"id":101483,"n":"Tablette chocolat Côte d'Or Chocolat noir 70% - 100g","p":1.81,"u":"18,10 €/KG","img":"https://fd9-photos.leclercdrive.fr/image.ashx?id=2985591&use=l&cat=p&typeid=i","cat":284956},{"id":101502,"n":"Crème dessert Danette Vanille - 4x125g","p":1.5,"u":"3,00 €/KG","img":"https://fd9-photos.leclercdrive.fr/image.ashx?id=2029487&use=l&cat=p&typeid=i","cat":285041},{"id":101505,"n":"Jus de pruneaux Bio Village Bio - 1L","p":3.99,"u":"3,99 €/L","img":"https://fd9-photos.leclercdrive.fr/image.ashx?id=2901560&use=l&cat=p&typeid=i","cat":284915},{"id":101618,"n":"Haricots verts Bio Bonduelle 500g","p":2.93,"u":"5,86 €/KG","img":"https://fd9-photos.leclercdrive.fr/image.ashx?id=2913088&use=l&cat=p&typeid=i","cat":319805},{"id":101629,"n":"Pur jus clémentine Bio Village Bio - 1L","p":2.99,"u":"2,99 €/L","img":"https://fd9-photos.leclercdrive.fr/image.ashx?id=2901548&use=l&cat=p&typeid=i","cat":284915},{"id":101667,"n":"Soupe liquide Bio Liebig  Mouliné de Légumes Verts - 1L","p":2.68,"u":"2,68 €/L","img":"https://fd9-photos.leclercdrive.fr/image.ashx?id=2643686&use=l&cat=p&typeid=i","cat":284462},{"id":101692,"n":"Crème dessert Danette Vanille caramel - 4x125g","p":1.66,"u":"3,32 €/KG","img":"https://fd9-photos.leclercdrive.fr/image.ashx?id=2928408&use=l&cat=p&typeid=i","cat":285041},{"id":101695,"n":"crème dessert chocolat danette - 8x125g","p":2.89,"u":"2,89 €/KG","img":"https://fd9-photos.leclercdrive.fr/image.ashx?id=2949841&use=l&cat=p&typeid=i","cat":285041},{"id":101697,"n":"crème dessert chocolat noisette danette - 4x125g","p":1.58,"u":"3,16 €/KG","img":"https://fd9-photos.leclercdrive.fr/image.ashx?id=2902630&use=l&cat=p&typeid=i","cat":285041},{"id":101699,"n":"crème dessert pistache danette - 4x125g","p":1.64,"u":"3,28 €/KG","img":"https://fd9-photos.leclercdrive.fr/image.ashx?id=1984885&use=l&cat=p&typeid=i","cat":285041},{"id":101702,"n":"Crème dessert Danette Caramel - 6x125g","p":2.02,"u":"2,69 €/KG","img":"https://fd9-photos.leclercdrive.fr/image.ashx?id=2915398&use=l&cat=p&typeid=i","cat":285041},{"id":101707,"n":"crème dessert chocolat danette - 4x125g","p":1.5,"u":"3,00 €/KG","img":"https://fd9-photos.leclercdrive.fr/image.ashx?id=2927291&use=l&cat=p&typeid=i","cat":285041},{"id":101710,"n":"crème dessert chocolat noir danette - 4x125g","p":1.58,"u":"3,16 €/KG","img":"https://fd9-photos.leclercdrive.fr/image.ashx?id=2927294&use=l&cat=p&typeid=i","cat":285041},{"id":101711,"n":"Crème dessert Danette Chocolat Vanille - 12x115g","p":3.56,"u":"2,58 €/KG","img":"https://fd9-photos.leclercdrive.fr/image.ashx?id=2228528&use=l&cat=p&typeid=i","cat":285041},{"id":101712,"n":"crème dessert 3 chocolats danette - 12x115g","p":3.64,"u":"2,64 €/KG","img":"https://fd9-photos.leclercdrive.fr/image.ashx?id=2949847&use=l&cat=p&typeid=i","cat":285041},{"id":101715,"n":"Petit beurre Michel et Augustin Comté poivre noir - 100g","p":2.57,"u":"25,70 €/KG","img":"https://fd9-photos.leclercdrive.fr/image.ashx?id=2108975&use=l&cat=p&typeid=i","cat":297000},{"id":101716,"n":"Petit beurre Michel et Augustin Roquefort graine pavot - 100g","p":2.57,"u":"25,70 €/KG","img":"https://fd9-photos.leclercdrive.fr/image.ashx?id=2108978&use=l&cat=p&typeid=i","cat":297000},{"id":101720,"n":"Sablé Michel et Augustin AOP Brebis tomate piment - 100g","p":2.41,"u":"24,10 €/KG","img":"https://fd9-photos.leclercdrive.fr/image.ashx?id=2108984&use=l&cat=p&typeid=i","cat":297000},{"id":101722,"n":"Sablé cantal Michel et Augustin Noix de muscade - 100g","p":2.63,"u":"26,30 €/KG","img":"https://fd9-photos.leclercdrive.fr/image.ashx?id=2108993&use=l&cat=p&typeid=i","cat":297000},{"id":101742,"n":"Cookies Michel et Augustin Coeur Choco Pécan caramel-180g","p":3.87,"u":"21,50 €/KG","img":"https://fd9-photos.leclercdrive.fr/image.ashx?id=2538908&use=l&cat=p&typeid=i","cat":325066},{"id":101760,"n":"Crevettes entières ASC Eco+ 400g","p":5.97,"u":"14,93 €/KG","img":"https://fd9-photos.leclercdrive.fr/image.ashx?id=2081633&use=l&cat=p&typeid=i","cat":319787},{"id":101762,"n":"Noix de St Jacques Eco+ Sans corail - MSC - 300g","p":6.85,"u":"22,83 €/KG","img":"https://fd9-photos.leclercdrive.fr/image.ashx?id=2790868&use=l&cat=p&typeid=i","cat":319787},{"id":101887,"n":"Moule à cake en silicone renforcé - 24cm -x1","p":7.5,"img":"https://fd9-photos.leclercdrive.fr/image.ashx?id=1864536&use=l&cat=p&typeid=i","cat":298490},{"id":101890,"n":"Shaker Curver x1","p":3.9,"img":"https://fd9-photos.leclercdrive.fr/image.ashx?id=2666815&use=l&cat=p&typeid=i","cat":334135},{"id":102007,"n":"Gel douche Manava Gommant - 250ml","p":1.3,"u":"5,20 €/L","img":"https://fd9-photos.leclercdrive.fr/image.ashx?id=2626835&use=l&cat=p&typeid=i","cat":284594},{"id":102026,"n":"Pommade Mains La Provençale Bio A l'Huile d'Olive - 75ml","p":3.36,"u":"44,80 €/L","img":"https://fd9-photos.leclercdrive.fr/image.ashx?id=2572275&use=l&cat=p&typeid=i","cat":325354},{"id":102027,"n":"Crème visage La Provençale Bio  Hydratante 48h - 50ml","p":6.23,"u":"124,60 €/L","img":"https://fd9-photos.leclercdrive.fr/image.ashx?id=2335922&use=l&cat=p&typeid=i","cat":325345},{"id":102211,"n":"Boule à thé acier inoxydable Feuille silicone M24","p":1.99,"img":"https://fd9-photos.leclercdrive.fr/image.ashx?id=2022897&use=l&cat=p&typeid=i","cat":334135},{"id":102268,"n":"Gomme plast-office Bic 1 pièce","p":0.99,"img":"https://fd9-photos.leclercdrive.fr/image.ashx?id=2239432&use=l&cat=p&typeid=i","cat":334133},{"id":102364,"n":"Vin blanc  Ile de Ré  Bio Chardonnay premium - 75cl","p":10.2,"u":"13,60 €/L","img":"https://fd9-photos.leclercdrive.fr/image.ashx?id=2642717&use=l&cat=p&typeid=i","cat":289557},{"id":102365,"n":"Vin rouge Ile de Ré Bio Domaine Pelletier - 75cl","p":8.5,"u":"11,33 €/L","img":"https://fd9-photos.leclercdrive.fr/image.ashx?id=2640731&use=l&cat=p&typeid=i","cat":289556},{"id":102367,"n":"Vin rosé bio Ile de Ré Pelletier - 12.5% - 75cl","p":4.4,"u":"5,87 €/L","img":"https://fd9-photos.leclercdrive.fr/image.ashx?id=2642720&use=l&cat=p&typeid=i","cat":289558},{"id":102374,"n":"Bière sans alcool Tourtel Twist Cerise 0,0° - 6x27,5cl","p":4.48,"u":"2,72 €/L","img":"https://fd9-photos.leclercdrive.fr/image.ashx?id=2688803&use=l&cat=p&typeid=i","cat":334877},{"id":102453,"n":"Chocolat au lait Bio Ethiquable  53% Guatemala - 100g","p":2.64,"u":"26,40 €/KG","img":"https://fd9-photos.leclercdrive.fr/image.ashx?id=2870908&use=l&cat=p&typeid=i","cat":284497},{"id":102669,"n":"Capsules café L'Or Espresso Or Rose N°7 x10","p":3.67,"u":"70,58 €/KG","img":"https://fd9-photos.leclercdrive.fr/image.ashx?id=2100290&use=l&cat=p&typeid=i","cat":284749},{"id":102670,"n":"Capsules café L'Or Espresso Lungo Elegante N°6 x10","p":3.77,"u":"72,50 €/KG","img":"https://fd9-photos.leclercdrive.fr/image.ashx?id=2391870&use=l&cat=p&typeid=i","cat":284749},{"id":102676,"n":"Capsules café L'Or Barista Double Espresso N°7 x10","p":4.9,"u":"47,12 €/KG","img":"https://fd9-photos.leclercdrive.fr/image.ashx?id=1742978&use=l&cat=p&typeid=i","cat":284749},{"id":102686,"n":"Capsules café L'Or Barista Double Espresso N°11 x10","p":5.08,"u":"48,85 €/KG","img":"https://fd9-photos.leclercdrive.fr/image.ashx?id=2857908&use=l&cat=p&typeid=i","cat":284749},{"id":102699,"n":"Billes chocolatées Lindt Crispy céréales soufflées - 140g","p":2.69,"u":"19,21 €/KG","img":"https://fd9-photos.leclercdrive.fr/image.ashx?id=2425083&use=l&cat=p&typeid=i","cat":304238},{"id":102829,"n":"Bandeaux Copains Copines Colorés - 200g","p":1.13,"u":"5,65 €/KG","img":"https://fd9-photos.leclercdrive.fr/image.ashx?id=2934745&use=l&cat=p&typeid=i","cat":304250},{"id":102834,"n":"Fils Copains Copines Colorés - 200g","p":1.09,"u":"5,45 €/KG","img":"https://fd9-photos.leclercdrive.fr/image.ashx?id=2409863&use=l&cat=p&typeid=i","cat":304250},{"id":103032,"n":"Baguette viennoise  La Boulangère - x6 - 510g","p":2.3,"pp":1.61,"u":"3,16 €/KG","img":"https://fd9-photos.leclercdrive.fr/image.ashx?id=2912413&use=l&cat=p&typeid=i","cat":284985},{"id":103046,"n":"Céréales Trésor Kellogg's Chocolat Noisette - 750g","p":3.58,"u":"4,77 €/KG","img":"https://fd9-photos.leclercdrive.fr/image.ashx?id=2586291&use=l&cat=p&typeid=i","cat":309513},{"id":103047,"n":"Nutella Biscuit pâte à tartiner Cacao Noisettes - 304g","p":3.0,"u":"9,87 €/KG","img":"https://fd9-photos.leclercdrive.fr/image.ashx?id=2896432&use=l&cat=p&typeid=i","cat":284488},{"id":103063,"n":"Paille Pik Haribo Sachet bonbons acidulés - 180g","p":1.55,"u":"8,61 €/KG","img":"https://fd9-photos.leclercdrive.fr/image.ashx?id=2984922&use=l&cat=p&typeid=i","cat":304250},{"id":103078,"n":"Cocobat Haribo Sachet bonbons réglisse - 300g","p":1.73,"u":"5,77 €/KG","img":"https://fd9-photos.leclercdrive.fr/image.ashx?id=2805231&use=l&cat=p&typeid=i","cat":304250},{"id":103094,"n":"Crème légère semi épaisse  Bridélice 18%mg - 2x25cl","p":2.76,"u":"5,52 €/L","img":"https://fd9-photos.leclercdrive.fr/image.ashx?id=2806156&use=l&cat=p&typeid=i","cat":284381},{"id":103104,"n":"Crème entière 30% Président 2x25cl","p":3.78,"u":"7,56 €/L","img":"https://fd9-photos.leclercdrive.fr/image.ashx?id=2973577&use=l&cat=p&typeid=i","cat":284381},{"id":103144,"n":"Bière blonde Bud 5% - 6x25cl","p":5.15,"u":"3,43 €/L","img":"https://fd9-photos.leclercdrive.fr/image.ashx?id=2481032&use=l&cat=p&typeid=i","cat":334873},{"id":103149,"n":"Bananes françaises 5 fruits","p":2.43,"img":"https://fd9-photos.leclercdrive.fr/image.ashx?id=1746143&use=l&cat=p&typeid=i","cat":284356},{"id":103157,"n":"Rissolées Pom Bistro à la Graisse de Canard - 500g","p":3.53,"u":"7,06 €/KG","img":"https://fd9-photos.leclercdrive.fr/image.ashx?id=2866430&use=l&cat=p&typeid=i","cat":319792},{"id":103158,"n":"Tartine Grilletine de Pasquier Sans sucre ajouté - x18 - 255g","p":1.95,"u":"7,65 €/KG","img":"https://fd9-photos.leclercdrive.fr/image.ashx?id=2333057&use=l&cat=p&typeid=i","cat":284479},{"id":103185,"n":"Eau minérale naturelle Volvic fontaine - 8L","p":2.77,"u":"0,35 €/L","img":"https://fd9-photos.leclercdrive.fr/image.ashx?id=2771675&use=l&cat=p&typeid=i","cat":284535},{"id":103189,"n":"IGP Cidre Brut Val de Rance De dégustation Bretagne 75cl","p":2.63,"u":"3,51 €/L","img":"https://fd9-photos.leclercdrive.fr/image.ashx?id=2020719&use=l&cat=p&typeid=i","cat":334880},{"id":103191,"n":"Bière sans alcool Tourtel Twist Pêche 0,0° - 6x27,5cl","p":4.23,"u":"2,56 €/L","img":"https://fd9-photos.leclercdrive.fr/image.ashx?id=2896564&use=l&cat=p&typeid=i","cat":334877},{"id":103269,"n":"Gaufres fourrées Lotus Coeur fondant vanille - 310g","p":2.73,"u":"8,81 €/KG","img":"https://fd9-photos.leclercdrive.fr/image.ashx?id=2695890&use=l&cat=p&typeid=i","cat":294777},{"id":103281,"n":"Bière Blonde Jade sans alcool Bio - 6x25cl","p":5.65,"u":"3,77 €/L","img":"https://fd9-photos.leclercdrive.fr/image.ashx?id=2970978&use=l&cat=p&typeid=i","cat":334877},{"id":103285,"n":"Poisson pané Findus Colin  Alaska Fish and Chips x4 - 400g","p":2.88,"u":"7,20 €/KG","img":"https://fd9-photos.leclercdrive.fr/image.ashx?id=2985348&use=l&cat=p&typeid=i","cat":319788},{"id":103304,"n":"Litière chats Tranquille L'hygiène - 2.7kg","p":5.3,"u":"1,96 €/KG","img":"https://fd9-photos.leclercdrive.fr/image.ashx?id=1849639&use=l&cat=p&typeid=i","cat":284683},{"id":103307,"n":"Emincés de filet de poulet rôti Le Gaulois - 180g","p":3.93,"u":"21,83 €/KG","img":"https://fd9-photos.leclercdrive.fr/image.ashx?id=2732728&use=l&cat=p&typeid=i","cat":284336},{"id":103377,"n":"Cornichons bio Bio Village Vinaigre - 185g","p":2.4,"u":"12,97 €/KG","img":"https://fd9-photos.leclercdrive.fr/image.ashx?id=2974849&use=l&cat=p&typeid=i","cat":284458},{"id":103384,"n":"IGP Whisky Grant's  Triple wood - 40%vol - 1L","p":15.74,"u":"15,74 €/L","img":"https://fd9-photos.leclercdrive.fr/image.ashx?id=2917531&use=l&cat=p&typeid=i","cat":284547},{"id":103436,"n":"Wrap au blé nature Mission 370g","p":3.06,"u":"8,27 €/KG","img":"https://fd9-photos.leclercdrive.fr/image.ashx?id=2890499&use=l&cat=p&typeid=i","cat":288993},{"id":103453,"n":"Panaché Falsbourg Grenadine - <0,5% vol. - 6x25cl","p":2.71,"u":"1,81 €/L","img":"https://fd9-photos.leclercdrive.fr/image.ashx?id=2637961&use=l&cat=p&typeid=i","cat":334877},{"id":103470,"n":"Croquettes chat Purina One Poulet chat adulte - 450g","p":2.58,"u":"5,73 €/KG","img":"https://fd9-photos.leclercdrive.fr/image.ashx?id=2902265&use=l&cat=p&typeid=i","cat":284680},{"id":103503,"n":"Capsules Nescafé Dolce Gusto  Espresso Intenso - x16","p":4.63,"u":"41,34 €/KG","img":"https://fd9-photos.leclercdrive.fr/image.ashx?id=3009110&use=l&cat=p&typeid=i","cat":293239},{"id":103505,"n":"Barre de céréales Nature Valley Protéine chocolat x4-160g","p":2.62,"u":"16,38 €/KG","img":"https://fd9-photos.leclercdrive.fr/image.ashx?id=2657000&use=l&cat=p&typeid=i","cat":285869},{"id":103523,"n":"Persil plat  20g","p":1.14,"u":"57,00 €/KG","img":"https://fd9-photos.leclercdrive.fr/image.ashx?id=563967&use=l&cat=p&typeid=i","cat":293607},{"id":103561,"n":"Barre de céréales Nature Valley  Protéine caramel salé x4 - 160","p":2.74,"u":"17,13 €/KG","img":"https://fd9-photos.leclercdrive.fr/image.ashx?id=2657003&use=l&cat=p&typeid=i","cat":285869},{"id":103563,"n":"Batonnets de glace Nuii Salted Caramel macadamia - 272g","p":4.37,"u":"16,07 €/KG","img":"https://fd9-photos.leclercdrive.fr/image.ashx?id=2506798&use=l&cat=p&typeid=i","cat":284265},{"id":103566,"n":"Batonnets de glaces Nuii Almond & java vanilla - x4","p":4.65,"u":"17,35 €/KG","img":"https://fd9-photos.leclercdrive.fr/image.ashx?id=2506801&use=l&cat=p&typeid=i","cat":284265},{"id":103619,"n":"Crème glacée Häagen-Dazs  Vanille - 400g","p":4.53,"u":"11,33 €/KG","img":"https://fd9-photos.leclercdrive.fr/image.ashx?id=2893429&use=l&cat=p&typeid=i","cat":284725},{"id":103621,"n":"Crème glacée Häagen-Dazs  Vanille pécan - 400g","p":4.48,"u":"11,20 €/KG","img":"https://fd9-photos.leclercdrive.fr/image.ashx?id=2893438&use=l&cat=p&typeid=i","cat":284725},{"id":103622,"n":"Crème glacée Häagen-Dazs Caramel speculoos Lotus - 400g","p":4.54,"u":"11,35 €/KG","img":"https://fd9-photos.leclercdrive.fr/image.ashx?id=2893441&use=l&cat=p&typeid=i","cat":284725},{"id":103657,"n":"Crème glacée Häagen-Dazs  Vanille noix macadamia - 400g","p":4.63,"u":"11,58 €/KG","img":"https://fd9-photos.leclercdrive.fr/image.ashx?id=2893444&use=l&cat=p&typeid=i","cat":284725},{"id":103661,"n":"Crème glacée Häagen-Dazs  Vanille caramel brownie - 386g","p":5.18,"u":"13,42 €/KG","img":"https://fd9-photos.leclercdrive.fr/image.ashx?id=2893468&use=l&cat=p&typeid=i","cat":284725},{"id":103665,"n":"Mini pots Häagen-Dazs  Caramel attraction x4 - 318g","p":4.97,"u":"15,48 €/KG","img":"https://fd9-photos.leclercdrive.fr/image.ashx?id=2992852&use=l&cat=p&typeid=i","cat":284725},{"id":103680,"n":"Mini pots Häagen-Dazs Vanille  noix de macadamia x4 - 324g","p":4.97,"u":"15,34 €/KG","img":"https://fd9-photos.leclercdrive.fr/image.ashx?id=3000162&use=l&cat=p&typeid=i","cat":284725},{"id":103684,"n":"Mini pots Häagen-Dazs  Favorite selection x4 - 318g","p":4.97,"u":"15,63 €/KG","img":"https://fd9-photos.leclercdrive.fr/image.ashx?id=3000165&use=l&cat=p&typeid=i","cat":284725},{"id":103697,"n":"Dentifrice Integral 8 Signal Nature Elements Charbon 75ml","p":1.72,"u":"22,93 €/L","img":"https://fd9-photos.leclercdrive.fr/image.ashx?id=2974662&use=l&cat=p&typeid=i","cat":284612},{"id":103711,"n":"Masque visage La Provençale Bio  Pureté nettoyant - 100ml","p":6.28,"u":"62,80 €/L","img":"https://fd9-photos.leclercdrive.fr/image.ashx?id=2474605&use=l&cat=p&typeid=i","cat":325346},{"id":103728,"n":"Shampoing Violet Elsève Color-Vive Déjaunisseur - 200ml","p":2.97,"u":"14,85 €/L","img":"https://fd9-photos.leclercdrive.fr/image.ashx?id=2278121&use=l&cat=p&typeid=i","cat":284606},{"id":103734,"n":"Gel désincrustant Men Expert Anti-pores encrassés - 100ml","p":5.96,"u":"59,60 €/L","img":"https://fd9-photos.leclercdrive.fr/image.ashx?id=2458724&use=l&cat=p&typeid=i","cat":284603},{"id":103763,"n":"Masque cheveux Fructis Hydratation Aloe vera - 390ml","p":6.25,"u":"16,03 €/L","img":"https://fd9-photos.leclercdrive.fr/image.ashx?id=2505672&use=l&cat=p&typeid=i","cat":284608},{"id":103800,"n":"Bière blonde Leffe  6,6% - 12x25cl","p":9.25,"u":"3,08 €/L","img":"https://fd9-photos.leclercdrive.fr/image.ashx?id=2995424&use=l&cat=p&typeid=i","cat":334852},{"id":103822,"n":"Pizza Crousti Moelleuse Extrême Marie Tartiflette - 550g","p":3.97,"u":"7,22 €/KG","img":"https://fd9-photos.leclercdrive.fr/image.ashx?id=2996764&use=l&cat=p&typeid=i","cat":284256},{"id":103844,"n":"IGP Ile de Beauté vin rosé Terres Ocrées 12% vol - 75cl","p":3.99,"u":"5,32 €/L","img":"https://fd9-photos.leclercdrive.fr/image.ashx?id=2846526&use=l&cat=p&typeid=i","cat":289558},{"id":103885,"n":"Fromage Cœur de Lion  Pointe de Brie - 200g","p":1.89,"u":"9,45 €/KG","img":"https://fd9-photos.leclercdrive.fr/image.ashx?id=2770416&use=l&cat=p&typeid=i","cat":314033},{"id":103891,"n":"Crème glacée Häagen-Dazs  Caramel au beurre salé - 400g","p":4.58,"u":"11,45 €/KG","img":"https://fd9-photos.leclercdrive.fr/image.ashx?id=2893435&use=l&cat=p&typeid=i","cat":284725},{"id":103922,"n":"Batonnets Nuii White chocolate&scandinavia x4","p":4.38,"u":"1,10 €/P","img":"https://fd9-photos.leclercdrive.fr/image.ashx?id=2922149&use=l&cat=p&typeid=i","cat":284265},{"id":103946,"n":"Escalope de dinde  Le Gaulois Fine -Oui C'est Bon x3 - 360g","p":6.61,"u":"18,36 €/KG","img":"https://fd9-photos.leclercdrive.fr/image.ashx?id=2605577&use=l&cat=p&typeid=i","cat":284337},{"id":103949,"n":"Nettoyant universel anti-traces 750ml","p":2.88,"u":"3,84 €/L","img":"https://fd9-photos.leclercdrive.fr/image.ashx?id=3000731&use=l&cat=p&typeid=i","cat":325357},{"id":103952,"n":"Percarbonate de soude poudre  blanchissante Ecocert - 500g","p":5.48,"u":"10,96 €/KG","img":"https://fd9-photos.leclercdrive.fr/image.ashx?id=3011392&use=l&cat=p&typeid=i","cat":325365},{"id":103957,"n":"Pierre du droguiste Briochin Ecocert - 300g","p":7.11,"u":"23,70 €/KG","img":"https://fd9-photos.leclercdrive.fr/image.ashx?id=3011395&use=l&cat=p&typeid=i","cat":325365},{"id":103973,"n":"Crème chocolat tradition Jock 400g","p":3.21,"u":"8,03 €/KG","img":"https://fd9-photos.leclercdrive.fr/image.ashx?id=2984979&use=l&cat=p&typeid=i","cat":284505},{"id":103991,"n":"Pâtes De Cecco Spaghetti n°12  - 500g","p":1.65,"u":"3,30 €/KG","img":"https://fd9-photos.leclercdrive.fr/image.ashx?id=2974033&use=l&cat=p&typeid=i","cat":284427},{"id":103993,"n":"IGP Méditerranée rosé St Sagnol - 75cl","p":3.78,"u":"5,04 €/L","img":"https://fd9-photos.leclercdrive.fr/image.ashx?id=2923768&use=l&cat=p&typeid=i","cat":289558},{"id":104008,"n":"Jus innocent tutti frutti 900ml","p":2.73,"u":"3,03 €/L","img":"https://fd9-photos.leclercdrive.fr/image.ashx?id=2861737&use=l&cat=p&typeid=i","cat":285435},{"id":104019,"n":"Rhum paille St James 40%vol - 70cl","p":11.98,"u":"17,11 €/L","img":"https://fd9-photos.leclercdrive.fr/image.ashx?id=2970867&use=l&cat=p&typeid=i","cat":284550},{"id":104034,"n":"Jus innocent plus  zest défense 750ml","p":2.98,"u":"3,97 €/L","img":"https://fd9-photos.leclercdrive.fr/image.ashx?id=2736574&use=l&cat=p&typeid=i","cat":285435},{"id":104036,"n":"Jus innocent plus  énergie chérie 750ml","p":2.98,"u":"3,97 €/L","img":"https://fd9-photos.leclercdrive.fr/image.ashx?id=2901082&use=l&cat=p&typeid=i","cat":284354},{"id":104062,"n":"Brioches Doowap Harrys X8 -320g Pépites choco sans additif","p":2.31,"u":"7,22 €/KG","img":"https://fd9-photos.leclercdrive.fr/image.ashx?id=2502998&use=l&cat=p&typeid=i","cat":293505},{"id":104073,"n":"100% Pur Jus Jafaden Pamplemousse- 1L","p":1.99,"u":"1,99 €/L","img":"https://fd9-photos.leclercdrive.fr/image.ashx?id=2956771&use=l&cat=p&typeid=i","cat":284914},{"id":104090,"n":"Bouillon Cube Bio Maggi Volaille - 80g","p":1.81,"u":"22,63 €/KG","img":"https://fd9-photos.leclercdrive.fr/image.ashx?id=2882923&use=l&cat=p&typeid=i","cat":288379},{"id":104091,"n":"Bouillon Bio Cube Maggi Légumes - 80g","p":1.81,"u":"22,63 €/KG","img":"https://fd9-photos.leclercdrive.fr/image.ashx?id=2737786&use=l&cat=p&typeid=i","cat":288379},{"id":104092,"n":"Tagada Zip Fraîcheur Haribo Sachet bonbons - 220g","p":1.31,"u":"5,95 €/KG","img":"https://fd9-photos.leclercdrive.fr/image.ashx?id=2802359&use=l&cat=p&typeid=i","cat":304250},{"id":104109,"n":"Les Timbales Gourmet Gold Boeuf plet saumon - 12x85g","p":6.71,"u":"6,58 €/KG","img":"https://fd9-photos.leclercdrive.fr/image.ashx?id=2861764&use=l&cat=p&typeid=i","cat":285286},{"id":104110,"n":"Fruits au sirop St Mamet Cocktail de fruits - 4x65g","p":3.19,"u":"12,27 €/KG","img":"https://fd9-photos.leclercdrive.fr/image.ashx?id=2429230&use=l&cat=p&typeid=i","cat":284507},{"id":104113,"n":"Brioches Doowap Harrys X12-480g Pépites choco sans additif","p":3.67,"u":"7,65 €/KG","img":"https://fd9-photos.leclercdrive.fr/image.ashx?id=2503001&use=l&cat=p&typeid=i","cat":293505},{"id":104114,"n":"Brioches Doowap Harrys X8 -320g Pépites choco lait sans additif","p":2.37,"u":"7,41 €/KG","img":"https://fd9-photos.leclercdrive.fr/image.ashx?id=2503004&use=l&cat=p&typeid=i","cat":293505},{"id":104115,"n":"Brioches Doowap Harrys X12-480g Pépites choco lait sans additif","p":3.68,"u":"7,67 €/KG","img":"https://fd9-photos.leclercdrive.fr/image.ashx?id=2503007&use=l&cat=p&typeid=i","cat":293505},{"id":104116,"n":"Galettes Sablés La Mère Poulard St-Michel - 125g","p":1.38,"u":"11,04 €/KG","img":"https://fd9-photos.leclercdrive.fr/image.ashx?id=2911384&use=l&cat=p&typeid=i","cat":284487},{"id":104117,"n":"Palets pur beurre Mère Poulard 125g","p":1.53,"u":"12,24 €/KG","img":"https://fd9-photos.leclercdrive.fr/image.ashx?id=2907018&use=l&cat=p&typeid=i","cat":284487},{"id":104121,"n":"Noix de cajou Benenuts Grillées à sec -165g","p":4.97,"u":"30,12 €/KG","img":"https://fd9-photos.leclercdrive.fr/image.ashx?id=2391786&use=l&cat=p&typeid=i","cat":284448},{"id":104188,"n":"Chips Tyrrell's Légèrement salées - 150g","p":2.19,"u":"14,60 €/KG","img":"https://fd9-photos.leclercdrive.fr/image.ashx?id=2924731&use=l&cat=p&typeid=i","cat":284447},{"id":104193,"n":"Coton-tiges Inell Recharge Tiges papier - x160","p":0.4,"img":"https://fd9-photos.leclercdrive.fr/image.ashx?id=1947743&use=l&cat=p&typeid=i","cat":284636},{"id":104194,"n":"Coton-tige Lotus Bio - x160 bâtonnets","p":0.75,"img":"https://fd9-photos.leclercdrive.fr/image.ashx?id=2506840&use=l&cat=p&typeid=i","cat":284636},{"id":104290,"n":"Pain de mie Schär - Vital Sans gluten - 350g","p":3.49,"u":"9,97 €/KG","img":"https://fd9-photos.leclercdrive.fr/image.ashx?id=2674890&use=l&cat=p&typeid=i","cat":318654},{"id":104291,"n":"Pignons de pins Sainte-Lucie Parasol - Sachet 50g","p":3.77,"u":"75,40 €/KG","img":"https://fd9-photos.leclercdrive.fr/image.ashx?id=2774334&use=l&cat=p&typeid=i","cat":284504},{"id":104296,"n":"Mon 1er biscuit bio Hipp Bio Dès 6 mois - 180g","p":2.59,"u":"14,39 €/KG","img":"https://fd9-photos.leclercdrive.fr/image.ashx?id=2788823&use=l&cat=p&typeid=i","cat":312227},{"id":104412,"n":"Le paté Henaff Bio - 76g","p":1.65,"u":"21,71 €/KG","img":"https://fd9-photos.leclercdrive.fr/image.ashx?id=2432770&use=l&cat=p&typeid=i","cat":305149},{"id":104429,"n":"Caviar de tomates à l'ail 290g","p":2.81,"u":"9,69 €/KG","img":"https://fd9-photos.leclercdrive.fr/image.ashx?id=2115565&use=l&cat=p&typeid=i","cat":287599},{"id":104468,"n":"Fromage apéritif Apéricube Long drink 48 cubes","p":4.17,"u":"16,68 €/KG","img":"https://fd9-photos.leclercdrive.fr/image.ashx?id=2882674&use=l&cat=p&typeid=i","cat":314027},{"id":104470,"n":"Fromage apéritif Apéricube Tonic 48 cubes","p":4.17,"u":"16,68 €/KG","img":"https://fd9-photos.leclercdrive.fr/image.ashx?id=2882677&use=l&cat=p&typeid=i","cat":314027},{"id":104471,"n":"Fromage apéritif Apericube  Cocktail 48 cubes","p":4.17,"u":"16,68 €/KG","img":"https://fd9-photos.leclercdrive.fr/image.ashx?id=2882680&use=l&cat=p&typeid=i","cat":314027},{"id":104551,"n":"Eau gazeuse  Badoit verte finement pétillante - 1l","p":0.59,"u":"0,59 €/L","img":"https://fd9-photos.leclercdrive.fr/image.ashx?id=2730649&use=l&cat=p&typeid=i","cat":284536},{"id":104880,"n":"Barres Céréales Extra Kellogg's Chocolat au lait - 4x32g","p":2.77,"u":"21,64 €/KG","img":"https://fd9-photos.leclercdrive.fr/image.ashx?id=2736610&use=l&cat=p&typeid=i","cat":285869},{"id":104888,"n":"Miettes de Thon Eco + Huile - 104g","p":0.82,"u":"7,88 €/KG","img":"https://fd9-photos.leclercdrive.fr/image.ashx?id=2967534&use=l&cat=p&typeid=i","cat":303867},{"id":104889,"n":"Sardines Connetable Nature - 95g","p":2.06,"u":"21,68 €/KG","img":"https://fd9-photos.leclercdrive.fr/image.ashx?id=2664115&use=l&cat=p&typeid=i","cat":305146},{"id":105093,"n":"Crème UHT Elle&Vire Fluide Entière - 30% MG - 2x25cl","p":3.04,"u":"6,08 €/L","img":"https://fd9-photos.leclercdrive.fr/image.ashx?id=2763475&use=l&cat=p&typeid=i","cat":284381},{"id":105108,"n":"Pates De Cecco Tagliatelle n°203 - 500g","p":1.6,"u":"3,20 €/KG","img":"https://fd9-photos.leclercdrive.fr/image.ashx?id=2901145&use=l&cat=p&typeid=i","cat":284427},{"id":105117,"n":"Aguacana cachaça 37.5%vol - 70cl","p":13.71,"u":"19,59 €/L","img":"https://fd9-photos.leclercdrive.fr/image.ashx?id=2961801&use=l&cat=p&typeid=i","cat":284550},{"id":105120,"n":"Saucisson Justin Bridou Mini Délice Noix jambon - 80g","p":2.38,"u":"29,75 €/KG","img":"https://fd9-photos.leclercdrive.fr/image.ashx?id=2482348&use=l&cat=p&typeid=i","cat":316006},{"id":105136,"n":"Jambon supérieur Tradilège S/nitrite Découenne - x6 - 210g","p":2.79,"u":"13,29 €/KG","img":"https://fd9-photos.leclercdrive.fr/image.ashx?id=2253081&use=l&cat=p&typeid=i","cat":316009},{"id":105137,"n":"Jambon supérieur Tradilège Sans nitrite x4 - 140g","p":1.85,"u":"13,21 €/KG","img":"https://fd9-photos.leclercdrive.fr/image.ashx?id=2253078&use=l&cat=p&typeid=i","cat":316009},{"id":105139,"n":"Collant Body Touch Dim Opaque noir - Taille 1","p":8.95,"img":"https://fd9-photos.leclercdrive.fr/image.ashx?id=2876089&use=l&cat=p&typeid=i","cat":334130},{"id":105181,"n":"Bière blonde bio Bio Village  5.5%vol -75cl","p":2.72,"u":"3,63 €/L","img":"https://fd9-photos.leclercdrive.fr/image.ashx?id=2579147&use=l&cat=p&typeid=i","cat":334873},{"id":105185,"n":"Compote Charles & Alice Pommes Myrtilles - 4x97g","p":1.8,"u":"4,64 €/KG","img":"https://fd9-photos.leclercdrive.fr/image.ashx?id=2900899&use=l&cat=p&typeid=i","cat":284416},{"id":105196,"n":"Dessert fruitier Fraise Andros En morceaux - 4x100g","p":2.43,"u":"6,08 €/KG","img":"https://fd9-photos.leclercdrive.fr/image.ashx?id=2845467&use=l&cat=p&typeid=i","cat":284416},{"id":105208,"n":"Collant Diam's opaque Dim Jambes fuselées noir - Taille 3","p":7.99,"img":"https://fd9-photos.leclercdrive.fr/image.ashx?id=2639320&use=l&cat=p&typeid=i","cat":334130},{"id":105211,"n":"Collant Beauty Resist Dim Opaque noir - Taille 1","p":5.9,"img":"https://fd9-photos.leclercdrive.fr/image.ashx?id=2534953&use=l&cat=p&typeid=i","cat":334130},{"id":105214,"n":"Boulettes Garden Gourmet légumes 200g","p":2.46,"u":"12,30 €/KG","img":"https://fd9-photos.leclercdrive.fr/image.ashx?id=2986903&use=l&cat=p&typeid=i","cat":316036},{"id":105319,"n":"Crème de Camembert Président 150g","p":3.19,"u":"21,27 €/KG","img":"https://fd9-photos.leclercdrive.fr/image.ashx?id=2962443&use=l&cat=p&typeid=i","cat":314029},{"id":105399,"n":"Lait demi-écrémé GrandLait Ferme sélectionnée - 1L","p":1.29,"u":"1,29 €/L","img":"https://fd9-photos.leclercdrive.fr/image.ashx?id=2916177&use=l&cat=p&typeid=i","cat":285609},{"id":105782,"n":"Chaussée aux Moines 230g","p":2.96,"u":"12,87 €/KG","img":"https://fd9-photos.leclercdrive.fr/image.ashx?id=2771756&use=l&cat=p&typeid=i","cat":329184},{"id":105847,"n":"Gâteaux  Choco Moelleux Milka  Pépites de chocolat - 140g","p":1.87,"u":"13,36 €/KG","img":"https://fd9-photos.leclercdrive.fr/image.ashx?id=2832431&use=l&cat=p&typeid=i","cat":284495},{"id":106006,"n":"Pur jus de pomme Jafaden 2L","p":2.29,"u":"1,15 €/L","img":"https://fd9-photos.leclercdrive.fr/image.ashx?id=2956774&use=l&cat=p&typeid=i","cat":284522},{"id":106070,"n":"Proscuitto di Parma Chiffonnade Negroni - 70g","p":4.6,"u":"65,71 €/KG","img":"https://fd9-photos.leclercdrive.fr/image.ashx?id=1942181&use=l&cat=p&typeid=i","cat":316007},{"id":106265,"n":"Edulcorant Pure Via Stick x40 - 60g","p":2.9,"u":"48,33 €/KG","img":"https://fd9-photos.leclercdrive.fr/image.ashx?id=2590598&use=l&cat=p&typeid=i","cat":324846},{"id":106269,"n":"Edulcorant Pure Via Boite de 65 morceaux - 130g","p":5.13,"u":"39,46 €/KG","img":"https://fd9-photos.leclercdrive.fr/image.ashx?id=2417291&use=l&cat=p&typeid=i","cat":324846},{"id":106271,"n":"Sucre Doypack Pure Via Poudre cristalisée - 250g","p":5.47,"u":"21,88 €/KG","img":"https://fd9-photos.leclercdrive.fr/image.ashx?id=2805381&use=l&cat=p&typeid=i","cat":324846},{"id":106471,"n":"Plat bébé soir Blédichef 15mois Poireau pomme de terre - 250g","p":1.77,"u":"7,08 €/KG","img":"https://fd9-photos.leclercdrive.fr/image.ashx?id=2143681&use=l&cat=p&typeid=i","cat":312239},{"id":106473,"n":"Repas bébé Blédichef 15 mois Patate légumes poulet - 250g","p":1.75,"u":"7,00 €/KG","img":"https://fd9-photos.leclercdrive.fr/image.ashx?id=2877703&use=l&cat=p&typeid=i","cat":312238},{"id":106474,"n":"Repas bébé Blédichef 15 mois Pdt champignon poulet - 250g","p":1.76,"u":"7,04 €/KG","img":"https://fd9-photos.leclercdrive.fr/image.ashx?id=2479685&use=l&cat=p&typeid=i","cat":312238},{"id":106614,"n":"Rosette Justin Bridou  19 Tranches - 170g","p":2.6,"u":"15,29 €/KG","img":"https://fd9-photos.leclercdrive.fr/image.ashx?id=2948932&use=l&cat=p&typeid=i","cat":316007},{"id":106732,"n":"Sirop La Maison Guiot Citron jaune de Sicile - 70cl","p":3.03,"u":"4,33 €/L","img":"https://fd9-photos.leclercdrive.fr/image.ashx?id=2857138&use=l&cat=p&typeid=i","cat":295020},{"id":106750,"n":"Eau micellaire So Bio Etic Aloe purifiante bio - 500ml","p":5.61,"u":"11,22 €/L","img":"https://fd9-photos.leclercdrive.fr/image.ashx?id=2577009&use=l&cat=p&typeid=i","cat":284603},{"id":106751,"n":"Après-shampooing So Bio Etic Karité Argan bio - 200ml","p":4.15,"u":"20,75 €/L","img":"https://fd9-photos.leclercdrive.fr/image.ashx?id=2787059&use=l&cat=p&typeid=i","cat":284607},{"id":106768,"n":"Shampooing bio So Bio Etic Coco & Acide Hyaluronique-250ml","p":4.05,"u":"16,20 €/L","img":"https://fd9-photos.leclercdrive.fr/image.ashx?id=2788727&use=l&cat=p&typeid=i","cat":284606},{"id":106770,"n":"Dentifrice protection Dentavie Propolis/menthe bio - 75ml","p":3.38,"u":"45,07 €/L","img":"https://fd9-photos.leclercdrive.fr/image.ashx?id=2494779&use=l&cat=p&typeid=i","cat":284612},{"id":106801,"n":"Colle Ni Clou Ni Vis Pattex Extra fort & rapide - 52g","p":5.17,"u":"99,42 €/KG","img":"https://fd9-photos.leclercdrive.fr/image.ashx?id=2664707&use=l&cat=p&typeid=i","cat":300576},{"id":106841,"n":"Cartouche d'encre HP pack noir / couleurs 304","p":27.44,"u":"Dont 0,05 € d'éco-part.","img":"https://fd9-photos.leclercdrive.fr/image.ashx?id=1884115&use=l&cat=p&typeid=i","cat":316445},{"id":106985,"n":"Mini pots Häagen-Dazs  Vanille Collection x4 - 321g","p":4.47,"u":"13,93 €/KG","img":"https://fd9-photos.leclercdrive.fr/image.ashx?id=2992858&use=l&cat=p&typeid=i","cat":284725},{"id":107140,"n":"Sablés Michel et Augustin Beaufort poivre blanc - 100g","p":2.57,"u":"25,70 €/KG","img":"https://fd9-photos.leclercdrive.fr/image.ashx?id=2108981&use=l&cat=p&typeid=i","cat":297000},{"id":107145,"n":"Pur jus de raisin Bio Village Bio - 6x20cl","p":4.09,"u":"3,41 €/L","img":"https://fd9-photos.leclercdrive.fr/image.ashx?id=2047082&use=l&cat=p&typeid=i","cat":284524},{"id":107166,"n":"Faisselle Rians 6%mg - 6x100g","p":2.83,"u":"4,72 €/KG","img":"https://fd9-photos.leclercdrive.fr/image.ashx?id=2396701&use=l&cat=p&typeid=i","cat":284409},{"id":107203,"n":"Rapporteur 180°  Maped Vert - 12 cm","p":0.86,"img":"https://fd9-photos.leclercdrive.fr/image.ashx?id=1690604&use=l&cat=p&typeid=i","cat":334133},{"id":107211,"n":"Jus innocent myrtille cassis 900ml","p":2.89,"u":"3,21 €/L","img":"https://fd9-photos.leclercdrive.fr/image.ashx?id=2891235&use=l&cat=p&typeid=i","cat":285435},{"id":107212,"n":"Jus innocent pomme fruits rouges 900ml","p":2.95,"u":"3,28 €/L","img":"https://fd9-photos.leclercdrive.fr/image.ashx?id=2184735&use=l&cat=p&typeid=i","cat":285435},{"id":107343,"n":"Cahier KoverBook Clairefontaine Bleu - 96 pages - 17x22cm","p":1.97,"img":"https://fd9-photos.leclercdrive.fr/image.ashx?id=1687487&use=l&cat=p&typeid=i","cat":284697},{"id":107351,"n":"Cahier KoverBook Clairefontaine Bleu Marine 96 pages - 17x22cm","p":1.97,"img":"https://fd9-photos.leclercdrive.fr/image.ashx?id=1687490&use=l&cat=p&typeid=i","cat":284697},{"id":107353,"n":"Cahier KoverBook Clairefontaine Incolore - 96 pages - 17x22cm","p":1.97,"img":"https://fd9-photos.leclercdrive.fr/image.ashx?id=1687493&use=l&cat=p&typeid=i","cat":284697},{"id":107354,"n":"Cahier KoverBook Clairefontaine Jaune - 96 pages - 17x22cm","p":1.97,"img":"https://fd9-photos.leclercdrive.fr/image.ashx?id=1687496&use=l&cat=p&typeid=i","cat":284697},{"id":107355,"n":"Cahier KoverBook Clairefontaine Noir - 96 pages - 17x22cm","p":1.97,"img":"https://fd9-photos.leclercdrive.fr/image.ashx?id=1687499&use=l&cat=p&typeid=i","cat":284697},{"id":107357,"n":"Bahier KoverBook Clairefontaine Orange - 96 pages - 17x22cm","p":1.97,"img":"https://fd9-photos.leclercdrive.fr/image.ashx?id=1694829&use=l&cat=p&typeid=i","cat":284697},{"id":107358,"n":"Cahier KoverBook Clairefontaine Rose - 96 pages - 17x22cm","p":1.97,"img":"https://fd9-photos.leclercdrive.fr/image.ashx?id=1687502&use=l&cat=p&typeid=i","cat":284697},{"id":107359,"n":"Cahier KoverBook Clairefontaine Rouge - 96 pages - 17x22cm","p":1.97,"img":"https://fd9-photos.leclercdrive.fr/image.ashx?id=1687505&use=l&cat=p&typeid=i","cat":284697},{"id":107360,"n":"Cahier KoverBook Clairefontaine Vert - 96 pages - 17x22cm","p":1.97,"img":"https://fd9-photos.leclercdrive.fr/image.ashx?id=1687508&use=l&cat=p&typeid=i","cat":284697},{"id":107361,"n":"Cahier KoverBook Clairefontaine Violet - 96 pages - 17x22cm","p":1.97,"img":"https://fd9-photos.leclercdrive.fr/image.ashx?id=1687511&use=l&cat=p&typeid=i","cat":284697},{"id":107384,"n":"Bacon Justin Bridou  16 Tranches - 160g","p":2.62,"u":"16,38 €/KG","img":"https://fd9-photos.leclercdrive.fr/image.ashx?id=2924110&use=l&cat=p&typeid=i","cat":316007},{"id":107528,"n":"Protège-document Esquisse Anis - A4 - 80 vues","p":2.49,"img":"https://fd9-photos.leclercdrive.fr/image.ashx?id=1698727&use=l&cat=p&typeid=i","cat":284745},{"id":107529,"n":"Protège-document Esquisse Noir - A4 - 80 vues","p":2.49,"img":"https://fd9-photos.leclercdrive.fr/image.ashx?id=1698730&use=l&cat=p&typeid=i","cat":284745},{"id":107530,"n":"Protège-document Esquisse Turquoise - A4 - 80 vues","p":2.49,"img":"https://fd9-photos.leclercdrive.fr/image.ashx?id=1698733&use=l&cat=p&typeid=i","cat":284745},{"id":107538,"n":"Taille-crayon Croc Croc Maped Innovation - avec réserve - 1T","p":2.0,"img":"https://fd9-photos.leclercdrive.fr/image.ashx?id=2760838&use=l&cat=p&typeid=i","cat":334133},{"id":107570,"n":"Cahier KoverBook Clairefontaine Bleu - 96 pages - 21x29.7cm","p":2.97,"img":"https://fd9-photos.leclercdrive.fr/image.ashx?id=1687703&use=l&cat=p&typeid=i","cat":284697},{"id":107574,"n":"Cahier KoverBook Clairefontaine Incolore - 96 pages - 21x29.7cm","p":2.97,"img":"https://fd9-photos.leclercdrive.fr/image.ashx?id=1687715&use=l&cat=p&typeid=i","cat":284697},{"id":107575,"n":"Cahier KoverBook Clairefontaine Jaune - 96 pages - 21x29.7cm","p":2.97,"img":"https://fd9-photos.leclercdrive.fr/image.ashx?id=1687718&use=l&cat=p&typeid=i","cat":284697},{"id":107576,"n":"Cahier KoverBook Clairefontaine Noir - 96 pages - 21x29.7cm","p":2.97,"img":"https://fd9-photos.leclercdrive.fr/image.ashx?id=1687721&use=l&cat=p&typeid=i","cat":284697},{"id":107578,"n":"Cahier KoverBook Clairefontaine Rose - 96 pages - 21x29.7cm","p":2.97,"img":"https://fd9-photos.leclercdrive.fr/image.ashx?id=1687727&use=l&cat=p&typeid=i","cat":284697},{"id":107579,"n":"Cahier KoverBook Clairefontaine Rouge - 96 pages - 21x29.7cm","p":2.97,"img":"https://fd9-photos.leclercdrive.fr/image.ashx?id=1687730&use=l&cat=p&typeid=i","cat":284697},{"id":107580,"n":"Cahier KoverBook Clairefontaine Vert - 96 pages - 21x29.7cm","p":2.97,"img":"https://fd9-photos.leclercdrive.fr/image.ashx?id=1687733&use=l&cat=p&typeid=i","cat":284697},{"id":107581,"n":"Cahier KoverBook Clairefontaine Violet - 96 pages - 21x29.7cm","p":2.97,"img":"https://fd9-photos.leclercdrive.fr/image.ashx?id=1687736&use=l&cat=p&typeid=i","cat":284697},{"id":107625,"n":"Chemise à élastiques Exacompta Gris - 3 rabats 24x32cm","p":1.19,"img":"https://fd9-photos.leclercdrive.fr/image.ashx?id=1700482&use=l&cat=p&typeid=i","cat":284745},{"id":107645,"n":"Aluminium Albal 20m","p":3.38,"img":"https://fd9-photos.leclercdrive.fr/image.ashx?id=2551444&use=l&cat=p&typeid=i","cat":334134},{"id":107646,"n":"Film 2 en 1 Albal  20m","p":2.72,"img":"https://fd9-photos.leclercdrive.fr/image.ashx?id=2551453&use=l&cat=p&typeid=i","cat":334134},{"id":107651,"n":"Filtres café Melitta 1x4 Original brun - x40","p":1.23,"u":"0,03 €/P","img":"https://fd9-photos.leclercdrive.fr/image.ashx?id=1691958&use=l&cat=p&typeid=i","cat":284751},{"id":107653,"n":"Lait de coco bio Jardin Bio Bio - 225ml","p":1.9,"u":"8,44 €/L","img":"https://fd9-photos.leclercdrive.fr/image.ashx?id=2875471&use=l&cat=p&typeid=i","cat":288992},{"id":107764,"n":"Panés Le Gaulois Façon Milanaise citronné - 200g","p":2.21,"u":"11,05 €/KG","img":"https://fd9-photos.leclercdrive.fr/image.ashx?id=2644770&use=l&cat=p&typeid=i","cat":333683},{"id":107783,"n":"Huile d'Olive Vierge Extra BIO  Delicato 75cl","p":12.27,"u":"16,36 €/L","img":"https://fd9-photos.leclercdrive.fr/image.ashx?id=2737444&use=l&cat=p&typeid=i","cat":284453},{"id":107789,"n":"Vinaigre balsamique de modène  IGP Bio 50cl","p":5.86,"u":"11,72 €/L","img":"https://fd9-photos.leclercdrive.fr/image.ashx?id=2737468&use=l&cat=p&typeid=i","cat":298543},{"id":107833,"n":"Vin Union Européenne rosé BIB 5L","p":9.25,"u":"1,85 €/L","img":"https://fd9-photos.leclercdrive.fr/image.ashx?id=2116813&use=l&cat=p&typeid=i","cat":289560},{"id":107847,"n":"Bac gourmand Eskiss Vanille speculoos - 500g","p":3.19,"u":"6,38 €/KG","img":"https://fd9-photos.leclercdrive.fr/image.ashx?id=2982652&use=l&cat=p&typeid=i","cat":284263},{"id":107863,"n":"Dentifrice soin bio Dentavie Blancheur bicarbonate - 75ml","p":3.38,"u":"45,07 €/L","img":"https://fd9-photos.leclercdrive.fr/image.ashx?id=2494776&use=l&cat=p&typeid=i","cat":284612},{"id":107906,"n":"Protège-documents Esquisse Turquoise - A4 - 40 vues","p":1.79,"img":"https://fd9-photos.leclercdrive.fr/image.ashx?id=1690029&use=l&cat=p&typeid=i","cat":284745},{"id":107910,"n":"Protège-documents Esquisse  Noir - A4 - 40 vues","p":1.79,"img":"https://fd9-photos.leclercdrive.fr/image.ashx?id=1690032&use=l&cat=p&typeid=i","cat":284745},{"id":107914,"n":"Calculatrice poche Esquisse Rouge","p":2.99,"u":"Dont 0,13 € d'éco-part.","img":"https://fd9-photos.leclercdrive.fr/image.ashx?id=2943289&use=l&cat=p&typeid=i","cat":334133},{"id":107915,"n":"Calculatrice poche Esquisse Turquoise","p":2.99,"u":"Dont 0,13 € d'éco-part.","img":"https://fd9-photos.leclercdrive.fr/image.ashx?id=2943292&use=l&cat=p&typeid=i","cat":334133},{"id":108000,"n":"Mini ruban correcteur Esquisse Bleu, rose et blanc - x3","p":1.99,"img":"https://fd9-photos.leclercdrive.fr/image.ashx?id=1691060&use=l&cat=p&typeid=i","cat":334133},{"id":108008,"n":"Classeur à levier Esquisse Bleu - 5 cm","p":2.6,"img":"https://fd9-photos.leclercdrive.fr/image.ashx?id=1691066&use=l&cat=p&typeid=i","cat":284745},{"id":108013,"n":"Classeur à levier Esquisse Rouge - 5 cm","p":2.6,"img":"https://fd9-photos.leclercdrive.fr/image.ashx?id=1691069&use=l&cat=p&typeid=i","cat":284745},{"id":108076,"n":"Stylo-bille 4 couleurs Bic   Argent  - shine -x1","p":2.42,"img":"https://fd9-photos.leclercdrive.fr/image.ashx?id=1555207&use=l&cat=p&typeid=i","cat":284696},{"id":108097,"n":"Taille-crayon Croc Croc Maped Bleu - avec réserve - 1T","p":2.0,"img":"https://fd9-photos.leclercdrive.fr/image.ashx?id=1690655&use=l&cat=p&typeid=i","cat":334133},{"id":108099,"n":"Taille-crayon Croc Croc Maped Rose - avec réserve - 1T","p":2.0,"img":"https://fd9-photos.leclercdrive.fr/image.ashx?id=1690658&use=l&cat=p&typeid=i","cat":334133},{"id":108100,"n":"Taille-crayon Croc Croc Maped Vert - avec réserve - 1T","p":2.0,"img":"https://fd9-photos.leclercdrive.fr/image.ashx?id=1690661&use=l&cat=p&typeid=i","cat":334133},{"id":108109,"n":"Agrafeuse Universal Maped Multicoloris 26/6 + 400 agrafes","p":8.55,"img":"https://fd9-photos.leclercdrive.fr/image.ashx?id=2510070&use=l&cat=p&typeid=i","cat":334133},{"id":108126,"n":"Agrafeuse Universal Maped Argent - 26/6 + 400 agrafes","p":8.55,"img":"https://fd9-photos.leclercdrive.fr/image.ashx?id=1686949&use=l&cat=p&typeid=i","cat":334133},{"id":108137,"n":"Agrafeuse Universal Maped Anthracite - 26/6 + 400 agrafes","p":8.55,"img":"https://fd9-photos.leclercdrive.fr/image.ashx?id=1686952&use=l&cat=p&typeid=i","cat":334133},{"id":108146,"n":"Boisson aux fruits Oasis Tropical - 2L","p":2.42,"u":"1,21 €/L","img":"https://fd9-photos.leclercdrive.fr/image.ashx?id=2996569&use=l&cat=p&typeid=i","cat":295018},{"id":108180,"n":"Compotes Pom'Potes Gourdes BIO  Multivariétés - 12x90g","p":6.66,"u":"6,17 €/KG","img":"https://fd9-photos.leclercdrive.fr/image.ashx?id=2926212&use=l&cat=p&typeid=i","cat":284508},{"id":108421,"n":"Matière grasse Primevere 63%MG - oméga 3 - 480g","p":5.33,"u":"11,10 €/KG","img":"https://fd9-photos.leclercdrive.fr/image.ashx?id=2936041&use=l&cat=p&typeid=i","cat":315229},{"id":108422,"n":"Matière grasse Primevere 63%MG - oméga 3 - 240g","p":2.75,"u":"11,46 €/KG","img":"https://fd9-photos.leclercdrive.fr/image.ashx?id=2979060&use=l&cat=p&typeid=i","cat":315229},{"id":108449,"n":"Déodorant spray Monsavon Fleur Lotus-200ml","p":1.9,"u":"9,50 €/L","img":"https://fd9-photos.leclercdrive.fr/image.ashx?id=2643914&use=l&cat=p&typeid=i","cat":284595},{"id":108589,"n":"Protège-document Esquisse x1 Vert - A4 - 80 vues","p":2.49,"img":"https://fd9-photos.leclercdrive.fr/image.ashx?id=932860&use=l&cat=p&typeid=i","cat":284745},{"id":108668,"n":"Bière blonde La Goudale 7.2% vol. - 50cl","p":1.55,"u":"3,10 €/L","img":"https://fd9-photos.leclercdrive.fr/image.ashx?id=2513658&use=l&cat=p&typeid=i","cat":334852},{"id":108695,"n":"Beurre de cacahuètes Menguy's Creamy - 454g","p":4.13,"u":"9,10 €/KG","img":"https://fd9-photos.leclercdrive.fr/image.ashx?id=2844082&use=l&cat=p&typeid=i","cat":284481},{"id":108707,"n":"Filtres à café Uni vert Bruns n°4 - x80","p":1.33,"u":"0,02 €/P","img":"https://fd9-photos.leclercdrive.fr/image.ashx?id=2634878&use=l&cat=p&typeid=i","cat":284751},{"id":108711,"n":"Gel Douche Fa Crème Cacao coco flacon - 250ml","p":1.49,"u":"5,96 €/L","img":"https://fd9-photos.leclercdrive.fr/image.ashx?id=2995097&use=l&cat=p&typeid=i","cat":284594},{"id":108712,"n":"Gel douche Fa Caribbean Wave flacon - 250ml","p":1.54,"u":"6,16 €/L","img":"https://fd9-photos.leclercdrive.fr/image.ashx?id=2110236&use=l&cat=p&typeid=i","cat":284594},{"id":108717,"n":"Vinaigrette légère Amora Moutarde - 380ml","p":2.01,"u":"5,29 €/L","img":"https://fd9-photos.leclercdrive.fr/image.ashx?id=2654170&use=l&cat=p&typeid=i","cat":284456},{"id":108804,"n":"Compotes Pom'Potes Gourdes  Pomme Nature - 4x90g","p":1.65,"u":"4,58 €/KG","img":"https://fd9-photos.leclercdrive.fr/image.ashx?id=2968079&use=l&cat=p&typeid=i","cat":284508},{"id":108834,"n":"Lait Bio demi-écrémé Lactel UHT Bouteille - 6x25cl","p":4.6,"u":"3,07 €/L","img":"https://fd9-photos.leclercdrive.fr/image.ashx?id=2892790&use=l&cat=p&typeid=i","cat":284377},{"id":108891,"n":"Croccante alla Mozzarella  Galbani - 150g","p":3.07,"u":"20,47 €/KG","img":"https://fd9-photos.leclercdrive.fr/image.ashx?id=2786000&use=l&cat=p&typeid=i","cat":314027},{"id":108936,"n":"AOP Comté Entremont Rapé - 130g","p":2.61,"u":"20,08 €/KG","img":"https://fd9-photos.leclercdrive.fr/image.ashx?id=2983165&use=l&cat=p&typeid=i","cat":314035},{"id":109128,"n":"Burger du Chef Socopa x2 - 200g","p":3.86,"u":"19,30 €/KG","img":"https://fd9-photos.leclercdrive.fr/image.ashx?id=2860121&use=l&cat=p&typeid=i","cat":284332},{"id":109310,"n":"Bol Bio Village 6 mois bio Petits pois Riz Maïs - 2x200g","p":2.21,"u":"5,53 €/KG","img":"https://fd9-photos.leclercdrive.fr/image.ashx?id=2704819&use=l&cat=p&typeid=i","cat":312239},{"id":109322,"n":"Bol legume vert riz Bio Village Saumon bio - 6 mois - 2x200g","p":2.55,"u":"6,38 €/KG","img":"https://fd9-photos.leclercdrive.fr/image.ashx?id=2704792&use=l&cat=p&typeid=i","cat":312235},{"id":109323,"n":"Rillettes thon blanc tomséchées Les Mouettes d'Arvor - 125g","p":3.09,"u":"24,72 €/KG","img":"https://fd9-photos.leclercdrive.fr/image.ashx?id=1901269&use=l&cat=p&typeid=i","cat":303867},{"id":109328,"n":"Rillettes Les Mouettes d'Arvor Thon poivre vert- 125g","p":3.09,"u":"24,72 €/KG","img":"https://fd9-photos.leclercdrive.fr/image.ashx?id=1901272&use=l&cat=p&typeid=i","cat":303867},{"id":109330,"n":"Saucisson Noix de jambon  AOSTE VPF - 190g","p":4.17,"u":"21,95 €/P","img":"https://fd9-photos.leclercdrive.fr/image.ashx?id=2985276&use=l&cat=p&typeid=i","cat":316006},{"id":109369,"n":"Panaché Falsbourg  <0.5% vol. - 10X25cl","p":2.99,"u":"1,20 €/L","img":"https://fd9-photos.leclercdrive.fr/image.ashx?id=2637967&use=l&cat=p&typeid=i","cat":334877},{"id":109398,"n":"Filet de poulet  La Nouvelle Agriculture x2 260g","p":5.15,"u":"19,81 €/KG","img":"https://fd9-photos.leclercdrive.fr/image.ashx?id=2629079&use=l&cat=p&typeid=i","cat":284336},{"id":109418,"n":"Rillettes de Thon MSC Ronde des Mers - 125g","p":1.69,"u":"13,52 €/KG","img":"https://fd9-photos.leclercdrive.fr/image.ashx?id=2691453&use=l&cat=p&typeid=i","cat":303867},{"id":109437,"n":"Repas bébé Blédichef 12 mois  Couscous - 2x230g","p":3.62,"u":"7,87 €/KG","img":"https://fd9-photos.leclercdrive.fr/image.ashx?id=2479706&use=l&cat=p&typeid=i","cat":312237},{"id":109441,"n":"Thon entier MSC Pêche Océan Naturel - 140g","p":2.17,"u":"15,50 €/KG","img":"https://fd9-photos.leclercdrive.fr/image.ashx?id=1725344&use=l&cat=p&typeid=i","cat":303867},{"id":109444,"n":"Bol brocolis Bio Village Pomme de terre bio 4mois 2x120g","p":1.45,"u":"6,04 €/KG","img":"https://fd9-photos.leclercdrive.fr/image.ashx?id=2704756&use=l&cat=p&typeid=i","cat":312234},{"id":109447,"n":"Bol carottes Bio Village Bio - 4 mois - 2x120g","p":1.25,"u":"5,21 €/KG","img":"https://fd9-photos.leclercdrive.fr/image.ashx?id=1694707&use=l&cat=p&typeid=i","cat":312239},{"id":109449,"n":"Jus innocent ananas 900ml","p":3.08,"u":"3,42 €/L","img":"https://fd9-photos.leclercdrive.fr/image.ashx?id=2184732&use=l&cat=p&typeid=i","cat":285435},{"id":109452,"n":"Bol potiron courge bio Bio Village - 4 mois - 2x120g","p":1.45,"u":"6,04 €/KG","img":"https://fd9-photos.leclercdrive.fr/image.ashx?id=2704816&use=l&cat=p&typeid=i","cat":312234},{"id":109455,"n":"Boisson lactée Danao Orange Banane Fraise - 900ml","p":2.62,"u":"2,91 €/L","img":"https://fd9-photos.leclercdrive.fr/image.ashx?id=2609908&use=l&cat=p&typeid=i","cat":285435},{"id":109457,"n":"Boisson lactée Danao Pêche Abricot - 900ml","p":2.62,"u":"2,91 €/L","img":"https://fd9-photos.leclercdrive.fr/image.ashx?id=2606367&use=l&cat=p&typeid=i","cat":285435},{"id":109468,"n":"Poulet  La Nouvelle Agriculture Cuisse - x2 - 360g","p":3.09,"u":"8,58 €/KG","img":"https://fd9-photos.leclercdrive.fr/image.ashx?id=2629082&use=l&cat=p&typeid=i","cat":284336},{"id":109499,"n":"crème dessert caramel beurre salé danette - 4x125g","p":1.64,"u":"3,28 €/KG","img":"https://fd9-photos.leclercdrive.fr/image.ashx?id=1987455&use=l&cat=p&typeid=i","cat":285041},{"id":109509,"n":"crème dessert café danette - 4x125g","p":1.58,"u":"3,16 €/KG","img":"https://fd9-photos.leclercdrive.fr/image.ashx?id=2961867&use=l&cat=p&typeid=i","cat":285041},{"id":109545,"n":"Pain de mie Beau & Bon Harrys Céréales & graines - 320g","p":1.82,"u":"5,69 €/KG","img":"https://fd9-photos.leclercdrive.fr/image.ashx?id=2517480&use=l&cat=p&typeid=i","cat":284477},{"id":109548,"n":"Olives vertes bio Bio Village - 160g","p":2.79,"u":"17,44 €/KG","img":"https://fd9-photos.leclercdrive.fr/image.ashx?id=2552448&use=l&cat=p&typeid=i","cat":284450},{"id":109554,"n":"Pulpe de tomates bio Bio Village - 2x400g","p":2.18,"u":"5,45 €/KG","img":"https://fd9-photos.leclercdrive.fr/image.ashx?id=3002695&use=l&cat=p&typeid=i","cat":312608},{"id":109565,"n":"Thon entier MSC Pêche Océan Naturel - 93g","p":1.99,"u":"21,40 €/KG","img":"https://fd9-photos.leclercdrive.fr/image.ashx?id=2942217&use=l&cat=p&typeid=i","cat":303867},{"id":109567,"n":"AdBlue Diframa avec flexible 5L","p":6.9,"u":"1,38 €/L","img":"https://fd9-photos.leclercdrive.fr/image.ashx?id=1867723&use=l&cat=p&typeid=i","cat":298253},{"id":109578,"n":"Mouchoirs Ultra Soft Kleenex® Etuis mini x10","p":1.98,"u":"0,20 €/P","img":"https://fd9-photos.leclercdrive.fr/image.ashx?id=2840307&use=l&cat=p&typeid=i","cat":284638},{"id":109579,"n":"Pain de mie 100% Mie Harrys Nature sans sucre ajouté - 500g","p":2.41,"u":"4,82 €/KG","img":"https://fd9-photos.leclercdrive.fr/image.ashx?id=2517477&use=l&cat=p&typeid=i","cat":284477},{"id":109607,"n":"Skyr Danone nature 0%mg - 480g","p":3.17,"u":"6,60 €/KG","img":"https://fd9-photos.leclercdrive.fr/image.ashx?id=2810615&use=l&cat=p&typeid=i","cat":284409},{"id":109609,"n":"Petit suisse nature Gervais 3,9% MG - 12x60g","p":2.74,"u":"3,81 €/KG","img":"https://fd9-photos.leclercdrive.fr/image.ashx?id=2256757&use=l&cat=p&typeid=i","cat":284409},{"id":109627,"n":"Crème dessert Danette vanille lit de chocolat -4x125g","p":1.58,"u":"3,16 €/KG","img":"https://fd9-photos.leclercdrive.fr/image.ashx?id=2939187&use=l&cat=p&typeid=i","cat":285041},{"id":109664,"n":"Tomato Ketchup Allégé Heinz 50% sucre/sel en moins - 625g","p":3.55,"u":"5,68 €/KG","img":"https://fd9-photos.leclercdrive.fr/image.ashx?id=2927717&use=l&cat=p&typeid=i","cat":284455},{"id":109666,"n":"Café en grains L'OR Sélection 100% Arabica N° 6 1kg","p":18.45,"u":"18,45 €/KG","img":"https://fd9-photos.leclercdrive.fr/image.ashx?id=3000483&use=l&cat=p&typeid=i","cat":293237},{"id":109670,"n":"Compotes Pom'Potes Gourdes  Mix de Pommes - 20x90g","p":7.38,"u":"4,10 €/KG","img":"https://fd9-photos.leclercdrive.fr/image.ashx?id=2563349&use=l&cat=p&typeid=i","cat":284508},{"id":109742,"n":"Jus pour bébé NATURNES BIO Poire Abricot 6M+ - 20cl","p":0.95,"u":"4,75 €/L","img":"https://fd9-photos.leclercdrive.fr/image.ashx?id=2532258&use=l&cat=p&typeid=i","cat":312388},{"id":109749,"n":"Liquide de rinçage Uni Vert Lave-vaisselle Ecologique-750ml","p":1.99,"u":"2,65 €/L","img":"https://fd9-photos.leclercdrive.fr/image.ashx?id=2184134&use=l&cat=p&typeid=i","cat":284657},{"id":109753,"n":"Sauce crudité Amora Nature - 380ml","p":1.84,"u":"4,84 €/KG","img":"https://fd9-photos.leclercdrive.fr/image.ashx?id=2644995&use=l&cat=p&typeid=i","cat":284456},{"id":109756,"n":"Sauce gourmet Amora Poivre - 188g","p":1.72,"u":"9,15 €/KG","img":"https://fd9-photos.leclercdrive.fr/image.ashx?id=2181056&use=l&cat=p&typeid=i","cat":318430},{"id":109763,"n":"Assiette dessert Eco+ Opale 20cm - 1 pièce","p":0.77,"img":"https://fd9-photos.leclercdrive.fr/image.ashx?id=1706760&use=l&cat=p&typeid=i","cat":334134},{"id":109842,"n":"Wings party Maître Coq Barbecue - 400g","p":4.58,"u":"11,45 €/KG","img":"https://fd9-photos.leclercdrive.fr/image.ashx?id=2095620&use=l&cat=p&typeid=i","cat":333685},{"id":109892,"n":"Soda Coca-Cola Cherry Bouteille - 1,25L","p":1.78,"u":"1,42 €/L","img":"https://fd9-photos.leclercdrive.fr/image.ashx?id=2678161&use=l&cat=p&typeid=i","cat":284530},{"id":109893,"n":"Soda Coca-Cola Vanille Bouteille - 1,25L","p":1.86,"u":"1,49 €/L","img":"https://fd9-photos.leclercdrive.fr/image.ashx?id=2678164&use=l&cat=p&typeid=i","cat":284530},{"id":110000,"n":"Cornichons fins AMORA Bocal - 540g","p":3.83,"u":"7,09 €/KG","img":"https://fd9-photos.leclercdrive.fr/image.ashx?id=2672710&use=l&cat=p&typeid=i","cat":284458},{"id":110009,"n":"Boisson végétale Bio Village Epeautre bio - 1l","p":1.9,"u":"1,90 €/L","img":"https://fd9-photos.leclercdrive.fr/image.ashx?id=2384935&use=l&cat=p&typeid=i","cat":316067},{"id":110020,"n":"Ravioli Bolognaise Zapetti Boeuf - 800g","p":4.08,"u":"5,10 €/KG","img":"https://fd9-photos.leclercdrive.fr/image.ashx?id=2547029&use=l&cat=p&typeid=i","cat":284442},{"id":110022,"n":"Chien Medium/maxi Adulte One  Contrôle de poids - dinde 2.5kg","p":8.25,"u":"3,30 €/KG","img":"https://fd9-photos.leclercdrive.fr/image.ashx?id=2434494&use=l&cat=p&typeid=i","cat":284672},{"id":110095,"n":"Sauce chinoise 290g","p":1.79,"u":"6,17 €/KG","img":"https://fd9-photos.leclercdrive.fr/image.ashx?id=2458145&use=l&cat=p&typeid=i","cat":318431},{"id":110101,"n":"Huile d'olive vierge extra 1.5L","p":12.9,"u":"8,60 €/L","img":"https://fd9-photos.leclercdrive.fr/image.ashx?id=2898035&use=l&cat=p&typeid=i","cat":284453},{"id":110103,"n":"Huile d'olive vierge extra 25cl","p":2.89,"u":"11,56 €/L","img":"https://fd9-photos.leclercdrive.fr/image.ashx?id=2892349&use=l&cat=p&typeid=i","cat":284453},{"id":110121,"n":"Whisky Aberlour 10 ans Forest Single Malt Scotch 40% vol 70cl","p":25.39,"u":"36,27 €/L","img":"https://fd9-photos.leclercdrive.fr/image.ashx?id=3014871&use=l&cat=p&typeid=i","cat":284547},{"id":110123,"n":"Pavé Gourmand Garden Gourmet Fromage Soja et Blé 180g","p":3.81,"u":"21,17 €/KG","img":"https://fd9-photos.leclercdrive.fr/image.ashx?id=3011887&use=l&cat=p&typeid=i","cat":316036},{"id":110129,"n":"Sandwich campagne Coté Snack Jambon beurre - 220g","p":2.29,"u":"10,41 €/KG","img":"https://fd9-photos.leclercdrive.fr/image.ashx?id=2954896&use=l&cat=p&typeid=i","cat":333658},{"id":110130,"n":"Dessert lacté Bio Village Bio - Abricot 6-9 mois 4x100g","p":2.04,"u":"5,10 €/KG","img":"https://fd9-photos.leclercdrive.fr/image.ashx?id=2709752&use=l&cat=p&typeid=i","cat":312392},{"id":110133,"n":"Dessert lacté bio Bio Village Fraise brassé - 6-9 mois 4x100g","p":2.09,"u":"5,23 €/KG","img":"https://fd9-photos.leclercdrive.fr/image.ashx?id=2709755&use=l&cat=p&typeid=i","cat":312392},{"id":110138,"n":"Fromage blanc Rians 7% mg - 2kg","p":6.56,"u":"3,28 €/KG","img":"https://fd9-photos.leclercdrive.fr/image.ashx?id=2396695&use=l&cat=p&typeid=i","cat":314998},{"id":110150,"n":"Bol légumes  Bio Village Bio Poulet - 8mois - 2x200g","p":2.49,"u":"6,23 €/KG","img":"https://fd9-photos.leclercdrive.fr/image.ashx?id=2704780&use=l&cat=p&typeid=i","cat":312236},{"id":110154,"n":"Hachis parmentier Marie 300g","p":3.96,"u":"13,20 €/KG","img":"https://fd9-photos.leclercdrive.fr/image.ashx?id=2833315&use=l&cat=p&typeid=i","cat":333665},{"id":110179,"n":"Bol risotto Tomate Bio Village Aubergine bio - 2x200g","p":2.55,"u":"6,38 €/KG","img":"https://fd9-photos.leclercdrive.fr/image.ashx?id=2704825&use=l&cat=p&typeid=i","cat":312237},{"id":110182,"n":"Bol Spaghetti Bio Village 8mois Bio Bolognaise - 2x200g","p":2.59,"u":"6,48 €/KG","img":"https://fd9-photos.leclercdrive.fr/image.ashx?id=2704828&use=l&cat=p&typeid=i","cat":312236},{"id":110440,"n":"Viande hachée tradition Charal Prêt à cuisiner 5%mg - 500g","p":10.21,"u":"20,42 €/KG","img":"https://fd9-photos.leclercdrive.fr/image.ashx?id=2014385&use=l&cat=p&typeid=i","cat":284332},{"id":110459,"n":"Calculatrice Esquisse Noire","p":2.99,"u":"Dont 0,13 € d'éco-part.","img":"https://fd9-photos.leclercdrive.fr/image.ashx?id=1705060&use=l&cat=p&typeid=i","cat":334133},{"id":110509,"n":"boisson végétale lait d'amande non grillée sans sucre alpro-1l","p":2.55,"u":"2,55 €/L","img":"https://fd9-photos.leclercdrive.fr/image.ashx?id=2980085&use=l&cat=p&typeid=i","cat":316067},{"id":110556,"n":"Jus innocent plus  infatigableu 750ml","p":2.98,"u":"3,97 €/L","img":"https://fd9-photos.leclercdrive.fr/image.ashx?id=2862874&use=l&cat=p&typeid=i","cat":285435},{"id":110566,"n":"Crème dépilatoire Veet Men Corps Peaux Sensibles 200ml","p":4.18,"u":"20,90 €/L","img":"https://fd9-photos.leclercdrive.fr/image.ashx?id=2965689&use=l&cat=p&typeid=i","cat":284617},{"id":110568,"n":"Gel Lubrifiant Intime Durex Naturel Confort Base Eau 100ml","p":7.28,"u":"72,80 €/L","img":"https://fd9-photos.leclercdrive.fr/image.ashx?id=2960687&use=l&cat=p&typeid=i","cat":285160},{"id":110575,"n":"Dentifrice Bionaïa Coco Aloe Vera bio - 75ml","p":1.99,"u":"26,53 €/L","img":"https://fd9-photos.leclercdrive.fr/image.ashx?id=2982904&use=l&cat=p&typeid=i","cat":284612},{"id":110587,"n":"Diffuseur Touch & Fresh Glade Marine 10ml","p":3.36,"img":"https://fd9-photos.leclercdrive.fr/image.ashx?id=2117633&use=l&cat=p&typeid=i","cat":311629},{"id":110595,"n":"Gel Lave-Vaisselle Sun Tout-en-1 Expert Plus 52 Lavage","p":7.9,"u":"8,78 €/L","img":"https://fd9-photos.leclercdrive.fr/image.ashx?id=2835580&use=l&cat=p&typeid=i","cat":284656},{"id":110596,"n":"Poudre Lave Vaisselle Sun Classique 90 Lavages","p":8.68,"u":"3,05 €/KG","img":"https://fd9-photos.leclercdrive.fr/image.ashx?id=2866172&use=l&cat=p&typeid=i","cat":284656},{"id":110648,"n":"Assiette dessert Ardence 20cm - 1 pièce","p":1.29,"img":"https://fd9-photos.leclercdrive.fr/image.ashx?id=1704311&use=l&cat=p&typeid=i","cat":334134},{"id":110664,"n":"Bol parisien Eco+ Transparent 51cl - 1 pièce","p":1.08,"img":"https://fd9-photos.leclercdrive.fr/image.ashx?id=1704284&use=l&cat=p&typeid=i","cat":334134},{"id":110676,"n":"Riz cuisine Bio Village Fluide bio - 3x20cl","p":2.49,"u":"4,15 €/KG","img":"https://fd9-photos.leclercdrive.fr/image.ashx?id=2717260&use=l&cat=p&typeid=i","cat":288381},{"id":110678,"n":"Bouillon cube Bio Village Volaille Bio - x8 - 80g","p":1.43,"u":"17,88 €/KG","img":"https://fd9-photos.leclercdrive.fr/image.ashx?id=2140950&use=l&cat=p&typeid=i","cat":288379},{"id":110681,"n":"Mayonaise Bio Bio Village Dijon - 238g","p":2.35,"u":"9,87 €/KG","img":"https://fd9-photos.leclercdrive.fr/image.ashx?id=2664869&use=l&cat=p&typeid=i","cat":298295},{"id":110707,"n":"Beurre gastronomique Les Croisé Doux - 82% MG - 250g","p":2.49,"u":"9,96 €/KG","img":"https://fd9-photos.leclercdrive.fr/image.ashx?id=2331883&use=l&cat=p&typeid=i","cat":284379},{"id":110708,"n":"Beurre Les Croisés Demi-sel - 80% MG - 250g","p":2.49,"u":"9,96 €/KG","img":"https://fd9-photos.leclercdrive.fr/image.ashx?id=2331886&use=l&cat=p&typeid=i","cat":284379},{"id":110808,"n":"Protège-documents Esquisse  Fuchsia - A4 - 40 vues","p":1.79,"img":"https://fd9-photos.leclercdrive.fr/image.ashx?id=1690173&use=l&cat=p&typeid=i","cat":284745},{"id":110819,"n":"Protège-document Esquisse x1 Fuchsia - A4 - 80 vues","p":2.49,"img":"https://fd9-photos.leclercdrive.fr/image.ashx?id=1694269&use=l&cat=p&typeid=i","cat":284745},{"id":110845,"n":"Huile végétale So'Bio Etic Amande douce bio - 50ml","p":4.62,"u":"92,40 €/L","img":"https://fd9-photos.leclercdrive.fr/image.ashx?id=2827956&use=l&cat=p&typeid=i","cat":325349},{"id":110846,"n":"Huile végétale So'Bio Etic de ricin bio - 50ml","p":5.36,"u":"107,20 €/L","img":"https://fd9-photos.leclercdrive.fr/image.ashx?id=2752465&use=l&cat=p&typeid=i","cat":325349},{"id":110849,"n":"Dentifrice Bionaïa Charbon bio - 75ml","p":1.99,"u":"26,53 €/L","img":"https://fd9-photos.leclercdrive.fr/image.ashx?id=1705150&use=l&cat=p&typeid=i","cat":284612},{"id":110854,"n":"Fido Purina Bacon twist - 120g","p":2.0,"u":"16,67 €/KG","img":"https://fd9-photos.leclercdrive.fr/image.ashx?id=2447163&use=l&cat=p&typeid=i","cat":294527},{"id":110858,"n":"Jus pour bébé Naturnes 6 mois Poire Banane Bio - 200ml","p":0.97,"u":"4,85 €/L","img":"https://fd9-photos.leclercdrive.fr/image.ashx?id=2406238&use=l&cat=p&typeid=i","cat":312388},{"id":110859,"n":"Bières blonde original 8.6 8.6%vol - 50cl","p":1.33,"u":"2,66 €/L","img":"https://fd9-photos.leclercdrive.fr/image.ashx?id=2112516&use=l&cat=p&typeid=i","cat":334853},{"id":110882,"n":"Compote bébé Babybio  6mois Bio Pomme Banane Lait  Coco 260g","p":2.26,"u":"8,69 €/KG","img":"https://fd9-photos.leclercdrive.fr/image.ashx?id=2827515&use=l&cat=p&typeid=i","cat":312388},{"id":110884,"n":"Viande hachée Bio Yooji Dinde - 6 mois et   - 120g","p":4.57,"u":"38,08 €/KG","img":"https://fd9-photos.leclercdrive.fr/image.ashx?id=2575738&use=l&cat=p&typeid=i","cat":290631},{"id":111210,"n":"Crémant Alsace brut Wolfberger 6x75cl","p":36.21,"u":"8,05 €/L","img":"https://fd9-photos.leclercdrive.fr/image.ashx?id=1712618&use=l&cat=p&typeid=i","cat":284545},{"id":111211,"n":"Pain de mie La Boulangère Seigle graines - 500g","p":1.91,"u":"3,82 €/KG","img":"https://fd9-photos.leclercdrive.fr/image.ashx?id=2912425&use=l&cat=p&typeid=i","cat":284477},{"id":111354,"n":"Crevettes nature Assiette Bleue Décortiquées - 200g","p":6.49,"u":"32,45 €/KG","img":"https://fd9-photos.leclercdrive.fr/image.ashx?id=2399661&use=l&cat=p&typeid=i","cat":284343},{"id":111362,"n":"Poitrine Fumée Eco+ 4 tranches","p":2.83,"u":"0,71 €/TRC","img":"https://fd9-photos.leclercdrive.fr/image.ashx?id=2709559&use=l&cat=p&typeid=i","cat":316011},{"id":111380,"n":"Piles Alcalines Energizer Max C/LR14 1.5V - x2","p":4.87,"u":"2,44 €/P","img":"https://fd9-photos.leclercdrive.fr/image.ashx?id=2850716&use=l&cat=p&typeid=i","cat":300572},{"id":111385,"n":"Croquette chat stérilisé Ultima Boeuf - 1.5kg","p":6.49,"u":"4,33 €/KG","img":"https://fd9-photos.leclercdrive.fr/image.ashx?id=2921903&use=l&cat=p&typeid=i","cat":284680},{"id":111414,"n":"Repas bébé Blédichef 12 mois  Spaghetti bolognaise - 230g","p":1.66,"u":"7,22 €/KG","img":"https://fd9-photos.leclercdrive.fr/image.ashx?id=2643491&use=l&cat=p&typeid=i","cat":312237},{"id":111422,"n":"Compotes Pom'Potes Gourdes  Pomm P. Frais P. Framb - 32x90g","p":12.24,"u":"4,25 €/KG","img":"https://fd9-photos.leclercdrive.fr/image.ashx?id=2870182&use=l&cat=p&typeid=i","cat":284508},{"id":111424,"n":"Repas bébé Blédichef 12 mois  Hachis parmentier - 230g","p":1.62,"u":"7,04 €/KG","img":"https://fd9-photos.leclercdrive.fr/image.ashx?id=2478571&use=l&cat=p&typeid=i","cat":312237},{"id":111425,"n":"Chips lentilles Vico Fines herbes - 85g","p":1.69,"u":"19,88 €/KG","img":"https://fd9-photos.leclercdrive.fr/image.ashx?id=3000096&use=l&cat=p&typeid=i","cat":284447},{"id":111426,"n":"Chips lentille Vico Tomate mozzarella - 85g","p":1.77,"u":"20,82 €/KG","img":"https://fd9-photos.leclercdrive.fr/image.ashx?id=2989255&use=l&cat=p&typeid=i","cat":284447},{"id":111428,"n":"Thé vert citron vert Twinings Gingembre - 20 sachets - 32g","p":2.61,"u":"81,56 €/KG","img":"https://fd9-photos.leclercdrive.fr/image.ashx?id=2893042&use=l&cat=p&typeid=i","cat":293233},{"id":111432,"n":"Plat bébé soir Blédichef 15mois Pomme de terre chou fleur -250g","p":1.85,"u":"7,40 €/KG","img":"https://fd9-photos.leclercdrive.fr/image.ashx?id=2479018&use=l&cat=p&typeid=i","cat":312239},{"id":111448,"n":"Snack Bio Village Lentilles bio - 60g","p":2.04,"u":"34,00 €/KG","img":"https://fd9-photos.leclercdrive.fr/image.ashx?id=1709361&use=l&cat=p&typeid=i","cat":284449},{"id":111449,"n":"Snack Bio Village Pois chiches bio - 60g","p":2.04,"u":"34,00 €/KG","img":"https://fd9-photos.leclercdrive.fr/image.ashx?id=1709364&use=l&cat=p&typeid=i","cat":284449},{"id":111587,"n":"Café dosettes Tassimo L'Or XL Classique x16","p":4.78,"u":"35,15 €/KG","img":"https://fd9-photos.leclercdrive.fr/image.ashx?id=2100308&use=l&cat=p&typeid=i","cat":293240},{"id":111590,"n":"Capsules café L'Or Espresso Lungo Mattinata N°5 x10","p":3.56,"u":"68,46 €/KG","img":"https://fd9-photos.leclercdrive.fr/image.ashx?id=3002309&use=l&cat=p&typeid=i","cat":284749},{"id":111695,"n":"Boisson lactée  Bio Candy'UP Chocolat - 4x20cl","p":2.18,"u":"2,73 €/L","img":"https://fd9-photos.leclercdrive.fr/image.ashx?id=1984945&use=l&cat=p&typeid=i","cat":295246},{"id":111828,"n":"Compote Charles & Alice Pommes Framboises - 4x100g","p":1.71,"u":"4,28 €/KG","img":"https://fd9-photos.leclercdrive.fr/image.ashx?id=2757341&use=l&cat=p&typeid=i","cat":284416},{"id":111829,"n":"Compote Charles & Alice Pommes Fraises - 4x100g","p":1.62,"u":"4,05 €/KG","img":"https://fd9-photos.leclercdrive.fr/image.ashx?id=2757338&use=l&cat=p&typeid=i","cat":284416},{"id":111906,"n":"Déodorant compressé Ushuaïa Grenade - 100ml","p":3.08,"u":"30,80 €/L","img":"https://fd9-photos.leclercdrive.fr/image.ashx?id=2474608&use=l&cat=p&typeid=i","cat":284595},{"id":111916,"n":"Shampooing Nat&Nove Bio Cheveux gras - 250ml","p":4.63,"u":"18,52 €/L","img":"https://fd9-photos.leclercdrive.fr/image.ashx?id=2520389&use=l&cat=p&typeid=i","cat":284606},{"id":111938,"n":"Bière blonde Affligem  Sans alcool - 6x25cl","p":5.02,"u":"3,35 €/L","img":"https://fd9-photos.leclercdrive.fr/image.ashx?id=2979695&use=l&cat=p&typeid=i","cat":334877},{"id":111972,"n":"Serviettes Discreet Tena Lady Extra Plus - x16","p":6.09,"u":"0,38 €/P","img":"https://fd9-photos.leclercdrive.fr/image.ashx?id=2597250&use=l&cat=p&typeid=i","cat":284628},{"id":111987,"n":"Repas bébé Blédichef 18 mois  Pâtes boeuf bourguignon - 250g","p":1.9,"u":"7,60 €/KG","img":"https://fd9-photos.leclercdrive.fr/image.ashx?id=2643746&use=l&cat=p&typeid=i","cat":312238},{"id":112026,"n":"Fromage Saint Félicien Dauphine NRT - 180g","p":2.65,"u":"14,72 €/KG","img":"https://fd9-photos.leclercdrive.fr/image.ashx?id=2476185&use=l&cat=p&typeid=i","cat":329558},{"id":112033,"n":"Sauce Charal Figue et sauterne - 120g","p":2.15,"u":"17,92 €/KG","img":"https://fd9-photos.leclercdrive.fr/image.ashx?id=2144284&use=l&cat=p&typeid=i","cat":327293},{"id":112038,"n":"Piles Duracell 2016 - x2","p":5.89,"u":"2,95 €/P","img":"https://fd9-photos.leclercdrive.fr/image.ashx?id=2831396&use=l&cat=p&typeid=i","cat":300572},{"id":112070,"n":"Galettes bio St Michel Au bon beurre - 130g","p":1.24,"u":"9,54 €/KG","img":"https://fd9-photos.leclercdrive.fr/image.ashx?id=2936236&use=l&cat=p&typeid=i","cat":284487},{"id":112125,"n":"Crème nutritive nuit So'bio Précieux Argan bio  - 50ml","p":11.63,"u":"232,60 €/L","img":"https://fd9-photos.leclercdrive.fr/image.ashx?id=2990715&use=l&cat=p&typeid=i","cat":325345},{"id":112126,"n":"Crème rose jour So'Bio Etic Précieux Argan bio - 50ml","p":11.06,"u":"221,20 €/L","img":"https://fd9-photos.leclercdrive.fr/image.ashx?id=2792687&use=l&cat=p&typeid=i","cat":325345},{"id":112131,"n":"Dentifrice Signal Charbon Blancheur Détox -2x75ml","p":3.56,"pp":2.35,"u":"15,67 €/L","img":"https://fd9-photos.leclercdrive.fr/image.ashx?id=2338657&use=l&cat=p&typeid=i","cat":284612},{"id":112143,"n":"Oignon rouge Panier du Primeur x4","p":1.79,"u":"0,45 €/P","img":"https://fd9-photos.leclercdrive.fr/image.ashx?id=2966490&use=l&cat=p&typeid=i","cat":284352},{"id":112150,"n":"Graisse à Frire Vegétaline 100% végétale - 1kg","p":6.39,"u":"6,39 €/KG","img":"https://fd9-photos.leclercdrive.fr/image.ashx?id=1928297&use=l&cat=p&typeid=i","cat":315229},{"id":112153,"n":"Planta Fin Cuisson 79%MG - 500ml","p":2.51,"u":"5,02 €/L","img":"https://fd9-photos.leclercdrive.fr/image.ashx?id=2793083&use=l&cat=p&typeid=i","cat":315229},{"id":112210,"n":"Bière blonde Affligem 6x25cl","p":5.2,"u":"3,47 €/L","img":"https://fd9-photos.leclercdrive.fr/image.ashx?id=2530323&use=l&cat=p&typeid=i","cat":334852},{"id":112286,"n":"Terreau Beaux Jours Universel - 40L","p":4.79,"u":"0,12 €/L","img":"https://fd9-photos.leclercdrive.fr/image.ashx?id=1723042&use=l&cat=p&typeid=i","cat":335919},{"id":112291,"n":"Yaourt protéiné Hipro Myrtille 0%mg - 2x160g","p":2.16,"u":"6,75 €/KG","img":"https://fd9-photos.leclercdrive.fr/image.ashx?id=2800285&use=l&cat=p&typeid=i","cat":315000},{"id":112292,"n":"Yaourt protéiné Hipro Citron 0%mg - 2x160g","p":2.03,"u":"6,34 €/KG","img":"https://fd9-photos.leclercdrive.fr/image.ashx?id=2945415&use=l&cat=p&typeid=i","cat":315000},{"id":112293,"n":"Yaourt à boire protéiné Hipro Vanille cookie 0%mg - 300g","p":2.18,"u":"7,27 €/KG","img":"https://fd9-photos.leclercdrive.fr/image.ashx?id=2329753&use=l&cat=p&typeid=i","cat":315000},{"id":112330,"n":"Sauce soja sucre Kikkoman Carafe - 150ml","p":4.29,"u":"28,60 €/L","img":"https://fd9-photos.leclercdrive.fr/image.ashx?id=2536293&use=l&cat=p&typeid=i","cat":288992},{"id":112335,"n":"Sauce soja carafe Kikkoman 150ml","p":4.17,"u":"27,80 €/L","img":"https://fd9-photos.leclercdrive.fr/image.ashx?id=2536290&use=l&cat=p&typeid=i","cat":288992},{"id":112374,"n":"Matière grasse Saint Hubert Sans sel - 50mg omega 3 - 250g","p":2.34,"u":"9,36 €/KG","img":"https://fd9-photos.leclercdrive.fr/image.ashx?id=3000120&use=l&cat=p&typeid=i","cat":315229},{"id":112394,"n":"Gazpacho Alvalle 50 cl","p":2.36,"u":"4,72 €/L","img":"https://fd9-photos.leclercdrive.fr/image.ashx?id=2672533&use=l&cat=p&typeid=i","cat":287365},{"id":112396,"n":"Yaourts gourmand Mamie Nova Fraise - 2x150g","p":1.36,"u":"4,53 €/KG","img":"https://fd9-photos.leclercdrive.fr/image.ashx?id=2986242&use=l&cat=p&typeid=i","cat":284410},{"id":112471,"n":"Mousse Danette  Chocolat - 4x60g","p":1.67,"u":"6,96 €/KG","img":"https://fd9-photos.leclercdrive.fr/image.ashx?id=2964923&use=l&cat=p&typeid=i","cat":284417},{"id":112503,"n":"Baume de nuit La Provençale Bio Anti-Âge regénérant - 50ml","p":7.57,"u":"151,40 €/L","img":"https://fd9-photos.leclercdrive.fr/image.ashx?id=2950360&use=l&cat=p&typeid=i","cat":325345},{"id":112621,"n":"Riz au lait La Laitière Vanille - 4x115g","p":1.59,"u":"3,46 €/KG","img":"https://fd9-photos.leclercdrive.fr/image.ashx?id=2661151&use=l&cat=p&typeid=i","cat":284418},{"id":112623,"n":"Riz au lait La Laitière Vanille - 8x115g","p":3.08,"u":"3,35 €/KG","img":"https://fd9-photos.leclercdrive.fr/image.ashx?id=2610783&use=l&cat=p&typeid=i","cat":284418},{"id":112624,"n":"Semoule au lait La Laitière Vanille - 4x115g","p":1.62,"u":"3,52 €/KG","img":"https://fd9-photos.leclercdrive.fr/image.ashx?id=2654578&use=l&cat=p&typeid=i","cat":284418},{"id":112761,"n":"Kid Smile McCain 850g","p":2.58,"u":"3,04 €/KG","img":"https://fd9-photos.leclercdrive.fr/image.ashx?id=2745802&use=l&cat=p&typeid=i","cat":319792},{"id":112764,"n":"Potatoes aux herbes McCain Country Potatoes - 780g","p":2.58,"u":"3,31 €/KG","img":"https://fd9-photos.leclercdrive.fr/image.ashx?id=2973342&use=l&cat=p&typeid=i","cat":319791},{"id":112806,"n":"Soupe Liquide Liebig  10 Légumes & Crème fraiche - 1L","p":2.29,"u":"2,29 €/L","img":"https://fd9-photos.leclercdrive.fr/image.ashx?id=2941484&use=l&cat=p&typeid=i","cat":284462},{"id":112807,"n":"Soupe liquide Liebig  Légumes et vermicelles - 2x30cl","p":1.93,"u":"3,22 €/L","img":"https://fd9-photos.leclercdrive.fr/image.ashx?id=2164075&use=l&cat=p&typeid=i","cat":284462},{"id":112808,"n":"Soupe liquide Liebig légumes Et vermicelles - Brique 1L","p":2.13,"u":"2,13 €/L","img":"https://fd9-photos.leclercdrive.fr/image.ashx?id=2892142&use=l&cat=p&typeid=i","cat":284462},{"id":112811,"n":"Gel Lave-Vaisselle Sun Tout-en-1 Citron 52 Lavages","p":7.9,"u":"8,78 €/L","img":"https://fd9-photos.leclercdrive.fr/image.ashx?id=2356268&use=l&cat=p&typeid=i","cat":284656},{"id":113052,"n":"Confiture Bonne Maman Cerise intense - 335g","p":2.33,"u":"6,96 €/KG","img":"https://fd9-photos.leclercdrive.fr/image.ashx?id=2341023&use=l&cat=p&typeid=i","cat":284480},{"id":113108,"n":"Tartine Grilletine de Pasquier Froment - x18 - 242g","p":1.62,"u":"6,69 €/KG","img":"https://fd9-photos.leclercdrive.fr/image.ashx?id=2333060&use=l&cat=p&typeid=i","cat":284479},{"id":113110,"n":"Tartine Grilletine de Pasquier Blé complet - x18 - 242g","p":1.61,"u":"6,65 €/KG","img":"https://fd9-photos.leclercdrive.fr/image.ashx?id=2333063&use=l&cat=p&typeid=i","cat":284479},{"id":113207,"n":"Serviettes incontinence Always Discreet long plus - x8","p":4.01,"u":"0,50 €/P","img":"https://fd9-photos.leclercdrive.fr/image.ashx?id=2542492&use=l&cat=p&typeid=i","cat":284628},{"id":113279,"n":"Foies de poulet Maître Coq 600g","p":5.73,"u":"9,55 €/KG","img":"https://fd9-photos.leclercdrive.fr/image.ashx?id=2203952&use=l&cat=p&typeid=i","cat":284715},{"id":113280,"n":"Gésiers de poulet Maitre Coq 600g","p":5.55,"u":"9,25 €/KG","img":"https://fd9-photos.leclercdrive.fr/image.ashx?id=2203949&use=l&cat=p&typeid=i","cat":284715},{"id":113292,"n":"Boisson énergisante Monster Energy Punch Pipeline - 50CL","p":1.47,"u":"2,94 €/L","img":"https://fd9-photos.leclercdrive.fr/image.ashx?id=2207436&use=l&cat=p&typeid=i","cat":284533},{"id":113389,"n":"Jambon cru Aoste 4 tranches + 2 offertes - 150g","p":3.57,"u":"23,80 €/KG","img":"https://fd9-photos.leclercdrive.fr/image.ashx?id=1863606&use=l&cat=p&typeid=i","cat":316007},{"id":113412,"n":"Soupe liquide Knorr Patate Douce - 45cl","p":2.99,"u":"6,64 €/L","img":"https://fd9-photos.leclercdrive.fr/image.ashx?id=2646967&use=l&cat=p&typeid=i","cat":284462},{"id":113632,"n":"Piles Duracell LR44 - x4","p":5.0,"u":"1,25 €/P","img":"https://fd9-photos.leclercdrive.fr/image.ashx?id=2328631&use=l&cat=p&typeid=i","cat":300572},{"id":113654,"n":"Xtrem Box Sodebo Radiatori Bœuf Poivre - 400g","p":3.07,"u":"7,68 €/KG","img":"https://fd9-photos.leclercdrive.fr/image.ashx?id=2643998&use=l&cat=p&typeid=i","cat":334983},{"id":113676,"n":"Dessert P'tit Brassé Nestlé bio Nature - dès 6 mois - 4x90g","p":2.41,"u":"6,69 €/KG","img":"https://fd9-photos.leclercdrive.fr/image.ashx?id=2674225&use=l&cat=p&typeid=i","cat":312392},{"id":113680,"n":"Brioche tressée Nature Harrys Sucre perlé sans additif - 500g","p":2.89,"u":"5,78 €/KG","img":"https://fd9-photos.leclercdrive.fr/image.ashx?id=2503013&use=l&cat=p&typeid=i","cat":284478},{"id":113686,"n":"Tablette de chocolat noir Lindt Citron Gingembre - 100g","p":2.44,"u":"24,40 €/KG","img":"https://fd9-photos.leclercdrive.fr/image.ashx?id=2956996&use=l&cat=p&typeid=i","cat":284956},{"id":113709,"n":"Crème dessert La Laitière Pot de crème caramel - 4x100g","p":2.22,"u":"5,55 €/KG","img":"https://fd9-photos.leclercdrive.fr/image.ashx?id=2849683&use=l&cat=p&typeid=i","cat":285041},{"id":113711,"n":"Filets de cabillaud Findus MSC - 600g","p":13.97,"u":"23,28 €/KG","img":"https://fd9-photos.leclercdrive.fr/image.ashx?id=2735350&use=l&cat=p&typeid=i","cat":319786},{"id":113743,"n":"Tenders Maître Coq Filet de poulet crusty - 380g","p":5.88,"u":"15,47 €/KG","img":"https://fd9-photos.leclercdrive.fr/image.ashx?id=2773412&use=l&cat=p&typeid=i","cat":333684},{"id":113754,"n":"Crème fraîche Yoplait Légère -12% matière grasse 450g","p":1.45,"u":"3,22 €/KG","img":"https://fd9-photos.leclercdrive.fr/image.ashx?id=2811032&use=l&cat=p&typeid=i","cat":284381},{"id":113756,"n":"Fromage blanc Calin Nature - 3,2%MG - 1kg","p":2.78,"u":"2,78 €/KG","img":"https://fd9-photos.leclercdrive.fr/image.ashx?id=2973727&use=l&cat=p&typeid=i","cat":284409},{"id":113774,"n":"Assiette riz Bio Village Bio Légumes vert  12 mois 230g","p":1.45,"u":"6,30 €/KG","img":"https://fd9-photos.leclercdrive.fr/image.ashx?id=2900205&use=l&cat=p&typeid=i","cat":312237},{"id":113779,"n":"Assiette bio Bio Village Haricot vert dinde 12 mois 230g","p":1.45,"u":"6,30 €/KG","img":"https://fd9-photos.leclercdrive.fr/image.ashx?id=2900217&use=l&cat=p&typeid=i","cat":312237},{"id":113786,"n":"Assiette Tajine Bio Village Bio  15 mois 250g","p":1.85,"u":"7,40 €/KG","img":"https://fd9-photos.leclercdrive.fr/image.ashx?id=2878756&use=l&cat=p&typeid=i","cat":312238},{"id":113787,"n":"Assiette pâtes bio Bio Village Légumes saumon 18 mois 260g","p":1.95,"u":"7,50 €/KG","img":"https://fd9-photos.leclercdrive.fr/image.ashx?id=2900232&use=l&cat=p&typeid=i","cat":312238},{"id":113789,"n":"Assiette bio Bio Village Pot au feu - 18 mois - 260g","p":1.89,"u":"7,27 €/KG","img":"https://fd9-photos.leclercdrive.fr/image.ashx?id=2900235&use=l&cat=p&typeid=i","cat":312238},{"id":113792,"n":"Assiette bio 15mois Bio Village Legumes volaille basquaise 250g","p":1.79,"u":"7,16 €/KG","img":"https://fd9-photos.leclercdrive.fr/image.ashx?id=2900244&use=l&cat=p&typeid=i","cat":312238},{"id":113793,"n":"Assiette bio Bio Village Carotte boeuf pdt 15mois 250g","p":1.85,"u":"7,40 €/KG","img":"https://fd9-photos.leclercdrive.fr/image.ashx?id=2900241&use=l&cat=p&typeid=i","cat":312238},{"id":113794,"n":"Assiette bio Bio Village Tomate aubergine 18 mois 260g","p":1.85,"u":"7,12 €/KG","img":"https://fd9-photos.leclercdrive.fr/image.ashx?id=2900247&use=l&cat=p&typeid=i","cat":312238},{"id":113804,"n":"Omelette norvégienne L'Angelys Mandarine - 380g","p":12.17,"u":"32,03 €/KG","img":"https://fd9-photos.leclercdrive.fr/image.ashx?id=2963643&use=l&cat=p&typeid=i","cat":284266},{"id":113806,"n":"Omelette norvégienne L'Angelys Vanille - 360g","p":11.99,"u":"33,31 €/KG","img":"https://fd9-photos.leclercdrive.fr/image.ashx?id=2921987&use=l&cat=p&typeid=i","cat":284266},{"id":113808,"n":"Crème dessert La Laitière Pot de crème vanille - 4x100g","p":2.17,"u":"5,43 €/KG","img":"https://fd9-photos.leclercdrive.fr/image.ashx?id=2875969&use=l&cat=p&typeid=i","cat":285041},{"id":113811,"n":"Crème dessert La Laitière Pot de crème chocolat - 4x100g","p":2.17,"u":"5,43 €/KG","img":"https://fd9-photos.leclercdrive.fr/image.ashx?id=2875966&use=l&cat=p&typeid=i","cat":285041},{"id":113813,"n":"Crème dessert La Laitière Pot de crème café - 4x100g","p":2.43,"u":"6,08 €/KG","img":"https://fd9-photos.leclercdrive.fr/image.ashx?id=2875963&use=l&cat=p&typeid=i","cat":285041},{"id":113842,"n":"Allumettes cuisine Silex 3x240","p":1.2,"img":"https://fd9-photos.leclercdrive.fr/image.ashx?id=1733406&use=l&cat=p&typeid=i","cat":300578},{"id":113855,"n":"Boisson thé Fresh Tea Pêche abricot - 1.5L","p":1.82,"u":"1,21 €/L","img":"https://fd9-photos.leclercdrive.fr/image.ashx?id=2622281&use=l&cat=p&typeid=i","cat":295019},{"id":113858,"n":"Yaourt à la grecque YAOS Nature - 8x125g","p":3.35,"u":"3,35 €/KG","img":"https://fd9-photos.leclercdrive.fr/image.ashx?id=2418462&use=l&cat=p&typeid=i","cat":314999},{"id":113969,"n":"Thon Albacore Le Savoureux Entier à l'Huile d'Olive - 80g","p":1.79,"u":"22,38 €/KG","img":"https://fd9-photos.leclercdrive.fr/image.ashx?id=2167919&use=l&cat=p&typeid=i","cat":303867},{"id":113971,"n":"Huile d'Olive Puget 25cl","p":3.4,"u":"13,60 €/L","img":"https://fd9-photos.leclercdrive.fr/image.ashx?id=2343297&use=l&cat=p&typeid=i","cat":284453},{"id":113980,"n":"Café dosettes Tassimo Grand-mère - Expresso x16","p":4.29,"u":"41,25 €/KG","img":"https://fd9-photos.leclercdrive.fr/image.ashx?id=1749617&use=l&cat=p&typeid=i","cat":293240},{"id":113997,"n":"Jambon cru Aoste Quart Tranché  Réduit en sel - 200g","p":5.65,"u":"28,25 €/KG","img":"https://fd9-photos.leclercdrive.fr/image.ashx?id=2359510&use=l&cat=p&typeid=i","cat":316007},{"id":114017,"n":"Bière blonde Heineken 5%vol - 12x33cl","p":9.08,"u":"2,29 €/L","img":"https://fd9-photos.leclercdrive.fr/image.ashx?id=3008125&use=l&cat=p&typeid=i","cat":334853},{"id":114020,"n":"Bière aromatisée  Desperados 5.9%vol - Boite 50cl","p":1.77,"u":"3,54 €/L","img":"https://fd9-photos.leclercdrive.fr/image.ashx?id=2977303&use=l&cat=p&typeid=i","cat":334853},{"id":114023,"n":"Thon au naturel Petit Navire Démarche Responsable - 280g","p":4.49,"u":"16,04 €/KG","img":"https://fd9-photos.leclercdrive.fr/image.ashx?id=2909974&use=l&cat=p&typeid=i","cat":303867},{"id":114092,"n":"Brosse à dents bambou Dentamyl Médium - 1 pièce","p":1.95,"img":"https://fd9-photos.leclercdrive.fr/image.ashx?id=2783495&use=l&cat=p&typeid=i","cat":284614},{"id":114093,"n":"Brosse à dents bambou Dentamyl Souple - 1 pièce","p":1.95,"img":"https://fd9-photos.leclercdrive.fr/image.ashx?id=2790997&use=l&cat=p&typeid=i","cat":284614},{"id":114101,"n":"Culottes Mots d'enfants T4 : 8/15kg - x42","p":9.75,"u":"0,23 €/P","img":"https://fd9-photos.leclercdrive.fr/image.ashx?id=2907234&use=l&cat=p&typeid=i","cat":290633},{"id":114102,"n":"Change culottes Mots d'enfants T5 : 12/18kg - x40","p":9.75,"u":"0,24 €/P","img":"https://fd9-photos.leclercdrive.fr/image.ashx?id=2907237&use=l&cat=p&typeid=i","cat":290633},{"id":114103,"n":"Change culottes Mots d'enfants T6 : +16kg - x36","p":9.75,"u":"0,27 €/P","img":"https://fd9-photos.leclercdrive.fr/image.ashx?id=2907240&use=l&cat=p&typeid=i","cat":290633},{"id":114190,"n":"Chocolat Mon Chéri cerise Etui Noël - 262g","p":9.17,"u":"35,00 €/KG","img":"https://fd9-photos.leclercdrive.fr/image.ashx?id=2940501&use=l&cat=p&typeid=i","cat":327601},{"id":114242,"n":"Taboulé Oriental Pierre Martinet - 510g","p":2.17,"u":"4,25 €/KG","img":"https://fd9-photos.leclercdrive.fr/image.ashx?id=2684491&use=l&cat=p&typeid=i","cat":333657},{"id":114245,"n":"Fromage Beaufort NRT AOP  200g","p":4.99,"u":"24,95 €/KG","img":"https://fd9-photos.leclercdrive.fr/image.ashx?id=2271969&use=l&cat=p&typeid=i","cat":329184},{"id":114406,"n":"Taboulé Pierre Martinet Oriental à l'huile d'olive 310g","p":1.43,"u":"4,61 €/KG","img":"https://fd9-photos.leclercdrive.fr/image.ashx?id=2432241&use=l&cat=p&typeid=i","cat":333657},{"id":114410,"n":"Galette Coté Table Lardons champignons - 195g","p":1.75,"u":"8,97 €/KG","img":"https://fd9-photos.leclercdrive.fr/image.ashx?id=2835035&use=l&cat=p&typeid=i","cat":333672},{"id":114486,"n":"Boisson énergisante Crazy Tiger 1.5L","p":2.86,"u":"1,91 €/L","img":"https://fd9-photos.leclercdrive.fr/image.ashx?id=2735968&use=l&cat=p&typeid=i","cat":284533},{"id":114522,"n":"Bière blonde Leffe Triple 8,5% - 12x25cl","p":10.84,"u":"3,61 €/L","img":"https://fd9-photos.leclercdrive.fr/image.ashx?id=2548294&use=l&cat=p&typeid=i","cat":334852},{"id":114570,"n":"Traîneau chocolat oeuf Kinder Bleu - 75g","p":3.47,"u":"46,27 €/KG","img":"https://fd9-photos.leclercdrive.fr/image.ashx?id=2417549&use=l&cat=p&typeid=i","cat":327592},{"id":114652,"n":"Mouchoirs blanc 2 plis Caresse Boîte mouchoirs papier - x180","p":1.69,"u":"0,01 €/P","img":"https://fd9-photos.leclercdrive.fr/image.ashx?id=2752640&use=l&cat=p&typeid=i","cat":284638},{"id":114706,"n":"Infusion des marmottes Les 2 Marmottes x30 - 46g","p":4.45,"u":"96,74 €/KG","img":"https://fd9-photos.leclercdrive.fr/image.ashx?id=2833552&use=l&cat=p&typeid=i","cat":293234},{"id":114784,"n":"Comté fromage bloc Les Croisés 350g","p":4.75,"u":"13,57 €/KG","img":"https://fd9-photos.leclercdrive.fr/image.ashx?id=1749677&use=l&cat=p&typeid=i","cat":314034},{"id":114805,"n":"Coeur Coulant Bonne Maman Chocolat - 2x80g","p":2.74,"u":"17,13 €/KG","img":"https://fd9-photos.leclercdrive.fr/image.ashx?id=2912326&use=l&cat=p&typeid=i","cat":284419},{"id":114807,"n":"Dessert Fruitier Andros Poire Williams morceaux 4x100g","p":3.08,"u":"7,70 €/KG","img":"https://fd9-photos.leclercdrive.fr/image.ashx?id=2908198&use=l&cat=p&typeid=i","cat":284416},{"id":114865,"n":"Père Noel Smarties Orange - 85g","p":3.12,"u":"36,71 €/KG","img":"https://fd9-photos.leclercdrive.fr/image.ashx?id=1985742&use=l&cat=p&typeid=i","cat":284958},{"id":114970,"n":"Beurrier tendre Président Doux - 82% MG - 125g","p":2.12,"u":"16,96 €/KG","img":"https://fd9-photos.leclercdrive.fr/image.ashx?id=2917435&use=l&cat=p&typeid=i","cat":284379},{"id":115011,"n":"Lingettes bébé Mots d'enfants à l'eau - x60","p":1.66,"u":"0,03 €/P","img":"https://fd9-photos.leclercdrive.fr/image.ashx?id=2856582&use=l&cat=p&typeid=i","cat":284738},{"id":115013,"n":"Liquide vaisselle Uni Vert Ecologique citron - 750ml","p":1.59,"u":"2,12 €/L","img":"https://fd9-photos.leclercdrive.fr/image.ashx?id=2028543&use=l&cat=p&typeid=i","cat":284655},{"id":115016,"n":"Protège slip Chorys Ultra mini discret - x28","p":1.57,"u":"0,06 €/P","img":"https://fd9-photos.leclercdrive.fr/image.ashx?id=2003029&use=l&cat=p&typeid=i","cat":284625},{"id":115017,"n":"Protège slip Chorys Ultra mini long - x24","p":1.7,"u":"0,07 €/P","img":"https://fd9-photos.leclercdrive.fr/image.ashx?id=1962795&use=l&cat=p&typeid=i","cat":284628},{"id":115052,"n":"Poitrine fumée Herta Tranchés - 100g","p":2.28,"u":"22,80 €/KG","img":"https://fd9-photos.leclercdrive.fr/image.ashx?id=2312362&use=l&cat=p&typeid=i","cat":316011},{"id":115093,"n":"Mozzarella vache Casa Azzurra Râpée - 150g","p":2.37,"u":"15,80 €/KG","img":"https://fd9-photos.leclercdrive.fr/image.ashx?id=1757239&use=l&cat=p&typeid=i","cat":314035},{"id":115094,"n":"Emmental Rapé Français Entremont - 500g","p":5.49,"u":"10,98 €/KG","img":"https://fd9-photos.leclercdrive.fr/image.ashx?id=2983159&use=l&cat=p&typeid=i","cat":314035},{"id":115113,"n":"Tirlibibi Haribo Boîte bonbons - 750g","p":4.41,"u":"5,88 €/KG","img":"https://fd9-photos.leclercdrive.fr/image.ashx?id=2806922&use=l&cat=p&typeid=i","cat":304250},{"id":115114,"n":"Polka Haribo Sachet bonbons - 300g","p":1.35,"u":"4,50 €/KG","img":"https://fd9-photos.leclercdrive.fr/image.ashx?id=2982414&use=l&cat=p&typeid=i","cat":304250},{"id":115115,"n":"Les Schtroumpfs Haribo Sachet bonbons - 300g","p":1.44,"u":"4,80 €/KG","img":"https://fd9-photos.leclercdrive.fr/image.ashx?id=2788475&use=l&cat=p&typeid=i","cat":304250},{"id":115116,"n":"Chamallows Haribo Guimauves   - 300g","p":1.41,"u":"4,70 €/KG","img":"https://fd9-photos.leclercdrive.fr/image.ashx?id=2984937&use=l&cat=p&typeid=i","cat":304250},{"id":115124,"n":"Terrine chien Bio Poulet légume - 300g","p":1.62,"u":"5,40 €/KG","img":"https://fd9-photos.leclercdrive.fr/image.ashx?id=2333808&use=l&cat=p&typeid=i","cat":284673},{"id":115155,"n":"Gommage visage Bio Naïa Bio - 75ml","p":2.49,"u":"33,20 €/L","img":"https://fd9-photos.leclercdrive.fr/image.ashx?id=1755064&use=l&cat=p&typeid=i","cat":325346},{"id":115156,"n":"Stick lèvres Bio Naïa Bio - 1 pièce","p":1.85,"img":"https://fd9-photos.leclercdrive.fr/image.ashx?id=2518837&use=l&cat=p&typeid=i","cat":285485},{"id":115163,"n":"Infusion Twinings Ayurveda gingembre miel et citron x20","p":2.73,"u":"85,31 €/KG","img":"https://fd9-photos.leclercdrive.fr/image.ashx?id=2893036&use=l&cat=p&typeid=i","cat":293234},{"id":115165,"n":"Infusion Twinings Ayurveda poire miel et cannelle x20","p":2.92,"u":"81,11 €/KG","img":"https://fd9-photos.leclercdrive.fr/image.ashx?id=2893033&use=l&cat=p&typeid=i","cat":293234},{"id":115251,"n":"Déodorant compressé Ushuaïa Vanille - 100ml","p":3.05,"u":"30,50 €/L","img":"https://fd9-photos.leclercdrive.fr/image.ashx?id=2555715&use=l&cat=p&typeid=i","cat":284595},{"id":115252,"n":"Soin yeux La Provençale Bio  Anti-Âge Hydratant - 15ml","p":9.98,"u":"665,33 €/L","img":"https://fd9-photos.leclercdrive.fr/image.ashx?id=3014560&use=l&cat=p&typeid=i","cat":325345},{"id":115278,"n":"Gressins traditionnels Artesani 300g","p":2.06,"u":"6,87 €/KG","img":"https://fd9-photos.leclercdrive.fr/image.ashx?id=2475852&use=l&cat=p&typeid=i","cat":289010},{"id":115320,"n":"Capsules café Plantation Equilibré n°6 - x10 - 52g","p":2.19,"u":"42,12 €/KG","img":"https://fd9-photos.leclercdrive.fr/image.ashx?id=2891785&use=l&cat=p&typeid=i","cat":284749},{"id":115321,"n":"Capsules café Plantation Intense n°10 - x10 - 52g","p":2.19,"u":"42,12 €/KG","img":"https://fd9-photos.leclercdrive.fr/image.ashx?id=2908855&use=l&cat=p&typeid=i","cat":284749},{"id":115323,"n":"Capsules café Plantation Subtil n°5 - x10 - 52g","p":2.25,"u":"43,27 €/KG","img":"https://fd9-photos.leclercdrive.fr/image.ashx?id=2418107&use=l&cat=p&typeid=i","cat":284749},{"id":115324,"n":"Capsules café Plantation Décaféiné n°5 -  x10 - 52g","p":2.39,"u":"45,96 €/KG","img":"https://fd9-photos.leclercdrive.fr/image.ashx?id=2918472&use=l&cat=p&typeid=i","cat":284749},{"id":115326,"n":"Capsules café Plantation Lungo Délicat n°4 - x10 - 52g","p":2.35,"u":"45,19 €/KG","img":"https://fd9-photos.leclercdrive.fr/image.ashx?id=2418113&use=l&cat=p&typeid=i","cat":284749},{"id":115328,"n":"Capsules café Plantation  Ristretto n°12 - x10 - 52g","p":2.24,"u":"43,08 €/KG","img":"https://fd9-photos.leclercdrive.fr/image.ashx?id=2418116&use=l&cat=p&typeid=i","cat":284749},{"id":115332,"n":"Capsules café Plantation Brésil n°7 - x10 - 52g","p":2.39,"u":"45,96 €/KG","img":"https://fd9-photos.leclercdrive.fr/image.ashx?id=2929879&use=l&cat=p&typeid=i","cat":284749},{"id":115345,"n":"Capsules café Plantation Café vanille n°6 - x10 - 52g","p":2.39,"u":"45,96 €/KG","img":"https://fd9-photos.leclercdrive.fr/image.ashx?id=2918475&use=l&cat=p&typeid=i","cat":284749},{"id":115348,"n":"Capsules café Plantation Noisette n°7 - x10 - 52g","p":2.39,"u":"45,96 €/KG","img":"https://fd9-photos.leclercdrive.fr/image.ashx?id=2908858&use=l&cat=p&typeid=i","cat":284749},{"id":115349,"n":"Capsules café Plantation Intense n°10 - x30 - 156g","p":5.19,"u":"33,27 €/KG","img":"https://fd9-photos.leclercdrive.fr/image.ashx?id=2865095&use=l&cat=p&typeid=i","cat":284749},{"id":115350,"n":"Capsules café Plantation Equilibré N°6 - x30 - 156g","p":5.19,"u":"33,27 €/KG","img":"https://fd9-photos.leclercdrive.fr/image.ashx?id=2852249&use=l&cat=p&typeid=i","cat":284749},{"id":115351,"n":"Capsules café Plantation Espresso Forte n°8 - x10 - 52g","p":2.35,"u":"45,19 €/KG","img":"https://fd9-photos.leclercdrive.fr/image.ashx?id=2918478&use=l&cat=p&typeid=i","cat":284749},{"id":115357,"n":"Tablette De Chocolat A Patisser Pralinoise Praline - 180g","p":2.9,"u":"16,11 €/KG","img":"https://fd9-photos.leclercdrive.fr/image.ashx?id=2890265&use=l&cat=p&typeid=i","cat":285562},{"id":115364,"n":"Lait bébé en poudre Blédilait 2e âge 6-12 mois 900g","p":13.31,"u":"14,79 €/KG","img":"https://fd9-photos.leclercdrive.fr/image.ashx?id=2616853&use=l&cat=p&typeid=i","cat":284727},{"id":115409,"n":"Confit de canard Monfort Cuisses - 400g","p":6.71,"u":"16,78 €/KG","img":"https://fd9-photos.leclercdrive.fr/image.ashx?id=2324585&use=l&cat=p&typeid=i","cat":284339},{"id":115457,"n":"Frites de Patate Douce McCain 500g","p":4.44,"u":"8,88 €/KG","img":"https://fd9-photos.leclercdrive.fr/image.ashx?id=2840632&use=l&cat=p&typeid=i","cat":319791},{"id":115463,"n":"Litière chats Tranquille Carbonite - 7.1kg","p":6.05,"u":"0,85 €/KG","img":"https://fd9-photos.leclercdrive.fr/image.ashx?id=2421871&use=l&cat=p&typeid=i","cat":284683},{"id":115488,"n":"Bière blonde 1664 5,5° - 12x25cl","p":7.53,"u":"2,51 €/L","img":"https://fd9-photos.leclercdrive.fr/image.ashx?id=2215566&use=l&cat=p&typeid=i","cat":334873},{"id":115492,"n":"Bière blonde 1664 5,5° - 6x25cl","p":4.09,"u":"2,73 €/L","img":"https://fd9-photos.leclercdrive.fr/image.ashx?id=2215572&use=l&cat=p&typeid=i","cat":334873},{"id":115502,"n":"Persil et Ail Rustica 75g","p":1.99,"u":"26,53 €/KG","img":"https://fd9-photos.leclercdrive.fr/image.ashx?id=2365493&use=l&cat=p&typeid=i","cat":319804},{"id":115505,"n":"Fromage Fourme d'Ambert NRT  AOP - 250g","p":3.23,"u":"12,92 €/KG","img":"https://fd9-photos.leclercdrive.fr/image.ashx?id=2459397&use=l&cat=p&typeid=i","cat":314032},{"id":115507,"n":"Mini Samoussas Table du Monde Boeuf poulet - 220g","p":3.31,"u":"15,05 €/KG","img":"https://fd9-photos.leclercdrive.fr/image.ashx?id=1760311&use=l&cat=p&typeid=i","cat":333673},{"id":115526,"n":"Serviette incontinence Chorys Maxi nuit - x12","p":3.99,"u":"0,33 €/P","img":"https://fd9-photos.leclercdrive.fr/image.ashx?id=2586028&use=l&cat=p&typeid=i","cat":284628},{"id":115528,"n":"Alcool 90° Primoplast 100ml","p":2.19,"u":"21,90 €/L","img":"https://fd9-photos.leclercdrive.fr/image.ashx?id=1761546&use=l&cat=p&typeid=i","cat":284630},{"id":115772,"n":"Pâte à tartiner Bio Village Aux noisette bio - 600g","p":4.16,"u":"6,93 €/KG","img":"https://fd9-photos.leclercdrive.fr/image.ashx?id=1760139&use=l&cat=p&typeid=i","cat":284481},{"id":115850,"n":"Compote Charles & Alice Pommes Passion - 4x97g","p":1.77,"u":"4,56 €/KG","img":"https://fd9-photos.leclercdrive.fr/image.ashx?id=2757692&use=l&cat=p&typeid=i","cat":284416},{"id":115907,"n":"Yaourt aromatisé Perle de Lait sur Lit de Caramel - 4x125g","p":2.3,"u":"4,60 €/KG","img":"https://fd9-photos.leclercdrive.fr/image.ashx?id=2989216&use=l&cat=p&typeid=i","cat":314999},{"id":115910,"n":"Yaourt brassé Perle de Lait Vanille - 8x125g","p":3.33,"u":"3,33 €/KG","img":"https://fd9-photos.leclercdrive.fr/image.ashx?id=2990568&use=l&cat=p&typeid=i","cat":314999},{"id":115958,"n":"Poelée de cèpes Magda Au beurre persillé - 300g","p":3.98,"pp":2.63,"u":"8,77 €/KG","img":"https://fd9-photos.leclercdrive.fr/image.ashx?id=2790015&use=l&cat=p&typeid=i","cat":319823},{"id":115970,"n":"Girolles à la crème Magda 300g","p":3.98,"pp":2.63,"u":"8,77 €/KG","img":"https://fd9-photos.leclercdrive.fr/image.ashx?id=2411117&use=l&cat=p&typeid=i","cat":319805},{"id":116002,"n":"Porto Cruz Blanc - 18%vol - 75cl","p":7.57,"u":"10,09 €/L","img":"https://fd9-photos.leclercdrive.fr/image.ashx?id=2535822&use=l&cat=p&typeid=i","cat":284913},{"id":116010,"n":"Biscotte Pasquier Blé sans sucre ajoutés - 300g","p":1.63,"u":"5,43 €/KG","img":"https://fd9-photos.leclercdrive.fr/image.ashx?id=2507952&use=l&cat=p&typeid=i","cat":284479},{"id":116096,"n":"Shampooing douche Petit Manava Fraise cerise - 250ml","p":1.35,"u":"5,40 €/L","img":"https://fd9-photos.leclercdrive.fr/image.ashx?id=1763207&use=l&cat=p&typeid=i","cat":284606},{"id":116170,"n":"Adoucissant concentré Hyperdou Fraîcheur x75 - 1.95L","p":3.61,"u":"1,85 €/L","img":"https://fd9-photos.leclercdrive.fr/image.ashx?id=2992546&use=l&cat=p&typeid=i","cat":284650},{"id":116171,"n":"Adoucissant concentré Hyperdou Pur Caresse x75 - 1.95L","p":3.65,"u":"1,87 €/L","img":"https://fd9-photos.leclercdrive.fr/image.ashx?id=2614512&use=l&cat=p&typeid=i","cat":284650},{"id":116179,"n":"Crème visage hydratante Mixa Peaux Sensibles bio - 100ml","p":5.73,"u":"57,30 €/L","img":"https://fd9-photos.leclercdrive.fr/image.ashx?id=2423208&use=l&cat=p&typeid=i","cat":325345},{"id":116199,"n":"Vin blanc pétillant Roche Mazet Brut Chardonnay - 75cl","p":4.5,"pp":2.97,"u":"3,96 €/L","img":"https://fd9-photos.leclercdrive.fr/image.ashx?id=2475615&use=l&cat=p&typeid=i","cat":284544},{"id":116221,"n":"Crème de jour L'Oréal Paris  Revitalift Anti-âge - 50ml","p":14.32,"u":"286,40 €/L","img":"https://fd9-photos.leclercdrive.fr/image.ashx?id=2926581&use=l&cat=p&typeid=i","cat":325345},{"id":116224,"n":"Porto Tawny Cruz 18%vol - 75cl","p":7.43,"u":"9,91 €/L","img":"https://fd9-photos.leclercdrive.fr/image.ashx?id=2536373&use=l&cat=p&typeid=i","cat":284913},{"id":116240,"n":"Lait bébé liquide Blédilait croissance 1-3 ans 6x1L","p":12.49,"u":"2,08 €/L","img":"https://fd9-photos.leclercdrive.fr/image.ashx?id=2685799&use=l&cat=p&typeid=i","cat":284728},{"id":116250,"n":"LLait bébé en poudre Gallia Calisma 1er âge  0-6 mois 700g","p":14.32,"u":"20,46 €/KG","img":"https://fd9-photos.leclercdrive.fr/image.ashx?id=2479718&use=l&cat=p&typeid=i","cat":284726},{"id":116321,"n":"Soupe liquide Liebig tomates  Et vermicelles - Brique 1L","p":2.03,"u":"2,03 €/L","img":"https://fd9-photos.leclercdrive.fr/image.ashx?id=2941481&use=l&cat=p&typeid=i","cat":284462},{"id":116387,"n":"Pâte à tartiner Poulain  Cacao noisette - 400g","p":2.92,"u":"7,30 €/KG","img":"https://fd9-photos.leclercdrive.fr/image.ashx?id=2806354&use=l&cat=p&typeid=i","cat":284481},{"id":116431,"n":"Parmentier de boeuf Charolais Fleury Michon - 300g","p":3.07,"u":"10,23 €/KG","img":"https://fd9-photos.leclercdrive.fr/image.ashx?id=2662346&use=l&cat=p&typeid=i","cat":333665},{"id":116432,"n":"Parmentier de saumon Fleury Michon - 300g","p":2.97,"u":"9,90 €/KG","img":"https://fd9-photos.leclercdrive.fr/image.ashx?id=2662349&use=l&cat=p&typeid=i","cat":333665},{"id":116579,"n":"Pommes de terres grenailles Bio Bio Village - 450g","p":3.06,"u":"6,80 €/KG","img":"https://fd9-photos.leclercdrive.fr/image.ashx?id=2923341&use=l&cat=p&typeid=i","cat":319792},{"id":116583,"n":"Pâte a tartiner Bio Village Aux noisettes bio - 350g","p":2.45,"u":"7,00 €/KG","img":"https://fd9-photos.leclercdrive.fr/image.ashx?id=2977198&use=l&cat=p&typeid=i","cat":284481},{"id":116584,"n":"Confiture extra bio Bio Village Framboises - 370g","p":2.79,"u":"7,54 €/KG","img":"https://fd9-photos.leclercdrive.fr/image.ashx?id=2965635&use=l&cat=p&typeid=i","cat":284480},{"id":116720,"n":"Tarte citron meringuée  Bonne Maman - 2x90g","p":1.94,"u":"10,78 €/KG","img":"https://fd9-photos.leclercdrive.fr/image.ashx?id=2878777&use=l&cat=p&typeid=i","cat":284419},{"id":116751,"n":"Sojasun mandarine citron vert 4x100g","p":1.61,"u":"4,03 €/KG","img":"https://fd9-photos.leclercdrive.fr/image.ashx?id=2355683&use=l&cat=p&typeid=i","cat":316071},{"id":116875,"n":"Salade & Cie Sodebo Palerme Jambon Speck Chèvre Pâtes 320g","p":4.5,"u":"14,06 €/KG","img":"https://fd9-photos.leclercdrive.fr/image.ashx?id=2771933&use=l&cat=p&typeid=i","cat":333657},{"id":116967,"n":"Carottes filière  Panier du Primeur - 1kg","p":1.49,"u":"1,49 €/KG","img":"https://fd9-photos.leclercdrive.fr/image.ashx?id=2920229&use=l&cat=p&typeid=i","cat":284352},{"id":116985,"n":"Parmesan Râpé Giovanni Ferrari  22 mois AOP - 60g","p":1.74,"u":"29,00 €/KG","img":"https://fd9-photos.leclercdrive.fr/image.ashx?id=3002297&use=l&cat=p&typeid=i","cat":314035},{"id":117132,"n":"Bouillon kub légumes Maggi -25% sel - 120g","p":1.49,"u":"12,42 €/KG","img":"https://fd9-photos.leclercdrive.fr/image.ashx?id=2758443&use=l&cat=p&typeid=i","cat":288379},{"id":117203,"n":"Pâtes Mafalde Garofalo 500g","p":1.94,"u":"3,88 €/KG","img":"https://fd9-photos.leclercdrive.fr/image.ashx?id=2884837&use=l&cat=p&typeid=i","cat":284427},{"id":117225,"n":"Sirop Moulin de Valdonne Grenadine - 70cl","p":3.03,"u":"4,33 €/L","img":"https://fd9-photos.leclercdrive.fr/image.ashx?id=2170610&use=l&cat=p&typeid=i","cat":295020},{"id":117235,"n":"Sirop Moulin de Valdonne Pêche abricot - 70cl","p":3.38,"u":"4,83 €/L","img":"https://fd9-photos.leclercdrive.fr/image.ashx?id=2170613&use=l&cat=p&typeid=i","cat":295020},{"id":117248,"n":"Biscuits Gerblé Bio Amande cranberry - 132g","p":1.95,"u":"14,77 €/KG","img":"https://fd9-photos.leclercdrive.fr/image.ashx?id=2662868&use=l&cat=p&typeid=i","cat":318651},{"id":117283,"n":"Petits pois Notre Jardin Sans sel ajouté - 280g","p":0.9,"u":"3,21 €/KG","img":"https://fd9-photos.leclercdrive.fr/image.ashx?id=3002638&use=l&cat=p&typeid=i","cat":312607},{"id":117297,"n":"Haricots verts Notre Jardin Sans sel ajouté - 225g","p":0.88,"u":"3,91 €/KG","img":"https://fd9-photos.leclercdrive.fr/image.ashx?id=3002644&use=l&cat=p&typeid=i","cat":312606},{"id":117330,"n":"Champignon Notre Jardin Emincé Sans sel ajouté - 230g","p":1.18,"u":"5,13 €/KG","img":"https://fd9-photos.leclercdrive.fr/image.ashx?id=1792507&use=l&cat=p&typeid=i","cat":312610},{"id":117379,"n":"Pois chiches Bio D'Aucy 340g","p":2.97,"u":"8,74 €/KG","img":"https://fd9-photos.leclercdrive.fr/image.ashx?id=2562193&use=l&cat=p&typeid=i","cat":312609},{"id":117400,"n":"Yaourt Grec Delta 10% MG Nature - 1kg","p":5.74,"u":"5,74 €/KG","img":"https://fd9-photos.leclercdrive.fr/image.ashx?id=2532189&use=l&cat=p&typeid=i","cat":314999},{"id":117405,"n":"Poêlée méditerranéenne  Bonduelle - 750g","p":3.47,"u":"4,63 €/KG","img":"https://fd9-photos.leclercdrive.fr/image.ashx?id=2962113&use=l&cat=p&typeid=i","cat":319823},{"id":117407,"n":"Poêlée à la paysanne Bonduelle 750g","p":3.28,"u":"4,37 €/KG","img":"https://fd9-photos.leclercdrive.fr/image.ashx?id=2907911&use=l&cat=p&typeid=i","cat":319823},{"id":117657,"n":"IGP Foie gras Maison Montfort Canard Entier Sélection - 320g","p":27.95,"u":"87,34 €/KG","img":"https://fd9-photos.leclercdrive.fr/image.ashx?id=2730982&use=l&cat=p&typeid=i","cat":316008},{"id":117668,"n":"Pizza Dolce Sodebo Margherita Tomate Marinées 400g","p":4.5,"u":"11,25 €/KG","img":"https://fd9-photos.leclercdrive.fr/image.ashx?id=2921642&use=l&cat=p&typeid=i","cat":333679},{"id":117745,"n":"Bloc foie gras Maison Montfort 30% grande selection - 450g","p":27.95,"u":"62,11 €/KG","img":"https://fd9-photos.leclercdrive.fr/image.ashx?id=2731003&use=l&cat=p&typeid=i","cat":316008},{"id":118113,"n":"Sauce soja Bio Village Bio - 150ml","p":1.99,"u":"13,27 €/L","img":"https://fd9-photos.leclercdrive.fr/image.ashx?id=2913772&use=l&cat=p&typeid=i","cat":288992},{"id":118116,"n":"Sauce soja sucrée Bio Village Bio - 150ml","p":1.99,"u":"13,27 €/L","img":"https://fd9-photos.leclercdrive.fr/image.ashx?id=2913775&use=l&cat=p&typeid=i","cat":288992},{"id":118177,"n":"Nettoyant visage solide N.A.E. Bio - 78g","p":3.93,"u":"50,38 €/KG","img":"https://fd9-photos.leclercdrive.fr/image.ashx?id=2546428&use=l&cat=p&typeid=i","cat":284603},{"id":118217,"n":"Mini coquilles Saint-Jacques  Tipiak x8 - 100g","p":3.75,"u":"37,50 €/KG","img":"https://fd9-photos.leclercdrive.fr/image.ashx?id=2484212&use=l&cat=p&typeid=i","cat":319775},{"id":118220,"n":"Mini croustillants Tipiak Saint Jacques - x10 - 120g","p":3.75,"u":"31,25 €/KG","img":"https://fd9-photos.leclercdrive.fr/image.ashx?id=2484209&use=l&cat=p&typeid=i","cat":319774},{"id":118282,"n":"Cordon bleu Marie Coquillettes - 280g","p":3.47,"u":"12,39 €/KG","img":"https://fd9-photos.leclercdrive.fr/image.ashx?id=2317495&use=l&cat=p&typeid=i","cat":333665},{"id":118289,"n":"Canard confit Marie Ecrasé de pomme de terre 300g","p":4.31,"u":"14,37 €/KG","img":"https://fd9-photos.leclercdrive.fr/image.ashx?id=2799886&use=l&cat=p&typeid=i","cat":333665},{"id":118349,"n":"Légumes et céréales Bonduelle Patates douces boulgour 500g","p":3.8,"u":"7,60 €/KG","img":"https://fd9-photos.leclercdrive.fr/image.ashx?id=2876170&use=l&cat=p&typeid=i","cat":319823},{"id":118402,"n":"Pain aux noix tranché 300g","p":1.45,"u":"4,83 €/KG","img":"https://fd9-photos.leclercdrive.fr/image.ashx?id=2062723&use=l&cat=p&typeid=i","cat":284359},{"id":118408,"n":"Lait bébé en poudre Galliagest 1er âge 0-6 mois 820g","p":19.64,"u":"23,95 €/KG","img":"https://fd9-photos.leclercdrive.fr/image.ashx?id=2983054&use=l&cat=p&typeid=i","cat":284726},{"id":118412,"n":"Lait bébé en poudre Galliagest 2 âge 6-12 mois 820g","p":18.53,"u":"22,60 €/KG","img":"https://fd9-photos.leclercdrive.fr/image.ashx?id=2771666&use=l&cat=p&typeid=i","cat":284727},{"id":118442,"n":"Bonbons Tic Tac Menthe extra fraîche x100 - 49g","p":1.6,"u":"32,65 €/KG","img":"https://fd9-photos.leclercdrive.fr/image.ashx?id=2737243&use=l&cat=p&typeid=i","cat":304256},{"id":118574,"n":"Saumon fumé de Norvège Petit Navire 10 tranches - 325g","p":10.7,"u":"32,92 €/KG","img":"https://fd9-photos.leclercdrive.fr/image.ashx?id=2159949&use=l&cat=p&typeid=i","cat":285188},{"id":118590,"n":"Blinis Cocktails Labeyrie  x24 - 200g","p":1.97,"u":"9,85 €/KG","img":"https://fd9-photos.leclercdrive.fr/image.ashx?id=2357904&use=l&cat=p&typeid=i","cat":285191},{"id":118614,"n":"Blinis pour saumon fumé Labeyrie x8 - 200g","p":1.97,"u":"9,85 €/KG","img":"https://fd9-photos.leclercdrive.fr/image.ashx?id=2971023&use=l&cat=p&typeid=i","cat":285191},{"id":118667,"n":"Sucre en poudre Canderel 250g","p":4.08,"u":"16,32 €/KG","img":"https://fd9-photos.leclercdrive.fr/image.ashx?id=2461466&use=l&cat=p&typeid=i","cat":324846},{"id":118820,"n":"Chocolats Ferrero Collection Assortiments x48 - 518g","p":15.97,"u":"30,83 €/KG","img":"https://fd9-photos.leclercdrive.fr/image.ashx?id=2940510&use=l&cat=p&typeid=i","cat":327595},{"id":118973,"n":"La Fermière Mousse au Chocolat au lait Vietnam - 2x85g","p":3.17,"u":"18,65 €/KG","img":"https://fd9-photos.leclercdrive.fr/image.ashx?id=2187490&use=l&cat=p&typeid=i","cat":284417},{"id":119022,"n":"Fromage Le Mottin  Crémeux - 185g","p":2.42,"u":"13,08 €/KG","img":"https://fd9-photos.leclercdrive.fr/image.ashx?id=2415574&use=l&cat=p&typeid=i","cat":329558},{"id":119080,"n":"Sauce pour saumon Labeyrie Aux fines herbes - 145g","p":2.21,"u":"15,24 €/KG","img":"https://fd9-photos.leclercdrive.fr/image.ashx?id=2467811&use=l&cat=p&typeid=i","cat":285191},{"id":119136,"n":"Fromage de tête au jambon VPF L'Atelier Charcuterie - 170g","p":2.59,"u":"15,24 €/KG","img":"https://fd9-photos.leclercdrive.fr/image.ashx?id=2252244&use=l&cat=p&typeid=i","cat":316008},{"id":119262,"n":"Sauce bolognaise Panzani 100% Pur Bœuf - 400G","p":2.21,"u":"5,53 €/KG","img":"https://fd9-photos.leclercdrive.fr/image.ashx?id=2984754&use=l&cat=p&typeid=i","cat":287599},{"id":119264,"n":"Sauce Bolognaise Panzani 100% Pur Bœuf - 650G","p":3.41,"u":"5,25 €/KG","img":"https://fd9-photos.leclercdrive.fr/image.ashx?id=2977933&use=l&cat=p&typeid=i","cat":287599},{"id":119271,"n":"Haricots rouge Notre Jardin 3x125g","p":1.91,"u":"5,09 €/KG","img":"https://fd9-photos.leclercdrive.fr/image.ashx?id=2988111&use=l&cat=p&typeid=i","cat":312606},{"id":119273,"n":"Carottes Notre Jardin 3x130g","p":2.25,"u":"5,77 €/KG","img":"https://fd9-photos.leclercdrive.fr/image.ashx?id=2537364&use=l&cat=p&typeid=i","cat":312607},{"id":119337,"n":"Crème légère jour So Bio Etic Anti-âge argan bio - 50ml","p":8.58,"u":"171,60 €/L","img":"https://fd9-photos.leclercdrive.fr/image.ashx?id=2788730&use=l&cat=p&typeid=i","cat":325345},{"id":119559,"n":"Compotes Materne Coupelles  Multivariétés Rouges - 16x100g","p":4.72,"u":"2,95 €/KG","img":"https://fd9-photos.leclercdrive.fr/image.ashx?id=3010843&use=l&cat=p&typeid=i","cat":284508},{"id":119560,"n":"Compotes Materne Coupelles  Multivariétés Jaunes - 16x100g","p":4.61,"u":"2,88 €/KG","img":"https://fd9-photos.leclercdrive.fr/image.ashx?id=3010846&use=l&cat=p&typeid=i","cat":284508},{"id":119571,"n":"Douceur de Brebis vanille 4x100g - Le Petit Basque","p":2.62,"u":"6,55 €/KG","img":"https://fd9-photos.leclercdrive.fr/image.ashx?id=2248093&use=l&cat=p&typeid=i","cat":314998},{"id":119594,"n":"Endives jeunes pousses  Nos Régions ont du Talent x6","p":2.49,"u":"9,58 €/KG","img":"https://fd9-photos.leclercdrive.fr/image.ashx?id=2778099&use=l&cat=p&typeid=i","cat":284352},{"id":119634,"n":"Gourmet Gold Régal de sauce  x12 - 85g","p":7.12,"u":"6,98 €/KG","img":"https://fd9-photos.leclercdrive.fr/image.ashx?id=2902364&use=l&cat=p&typeid=i","cat":285286},{"id":119709,"n":"Fromage Persillée Saint Agur  125g","p":2.39,"u":"19,12 €/KG","img":"https://fd9-photos.leclercdrive.fr/image.ashx?id=2981515&use=l&cat=p&typeid=i","cat":314032},{"id":119797,"n":"Comté fromage bloc Les Croisés 200g","p":2.85,"u":"14,25 €/KG","img":"https://fd9-photos.leclercdrive.fr/image.ashx?id=1865280&use=l&cat=p&typeid=i","cat":314034},{"id":119886,"n":"Yaourt grec nature Délisse 1kg","p":4.75,"u":"4,75 €/KG","img":"https://fd9-photos.leclercdrive.fr/image.ashx?id=2885137&use=l&cat=p&typeid=i","cat":314999},{"id":119893,"n":"Skyr Nature Délisse 450g","p":1.89,"u":"4,20 €/KG","img":"https://fd9-photos.leclercdrive.fr/image.ashx?id=2992549&use=l&cat=p&typeid=i","cat":315000},{"id":119914,"n":"Lasagnes de thon Maison Briau 850g","p":8.76,"u":"10,31 €/KG","img":"https://fd9-photos.leclercdrive.fr/image.ashx?id=2853224&use=l&cat=p&typeid=i","cat":333666},{"id":119941,"n":"Fromage à Tartiner Tartare Ail et Fines Herbes 10P - 160g","p":1.98,"u":"12,38 €/KG","img":"https://fd9-photos.leclercdrive.fr/image.ashx?id=2867410&use=l&cat=p&typeid=i","cat":314029},{"id":119956,"n":"Filets de limande du Nord MSC L'Atelier Poissonnerie x2 200g","p":3.39,"u":"16,95 €/KG","img":"https://fd9-photos.leclercdrive.fr/image.ashx?id=2652101&use=l&cat=p&typeid=i","cat":284344},{"id":119957,"n":"Acras de morue Maison Briau A la créole ciboule piment 200g","p":3.23,"u":"16,15 €/KG","img":"https://fd9-photos.leclercdrive.fr/image.ashx?id=2959469&use=l&cat=p&typeid=i","cat":333673},{"id":119962,"n":"Tielles gourmandes de Sète Pêcheries Sétoises x2 - 150g","p":3.54,"u":"23,60 €/KG","img":"https://fd9-photos.leclercdrive.fr/image.ashx?id=2944813&use=l&cat=p&typeid=i","cat":285094},{"id":120171,"n":"Nougat Montelimar Chabert & Guillot - 150g","p":3.69,"u":"24,60 €/KG","img":"https://fd9-photos.leclercdrive.fr/image.ashx?id=2488425&use=l&cat=p&typeid=i","cat":327605},{"id":120212,"n":"Nouilles soba Cup Nissin Classique - 90g","p":1.99,"u":"22,11 €/KG","img":"https://fd9-photos.leclercdrive.fr/image.ashx?id=2433512&use=l&cat=p&typeid=i","cat":288992},{"id":120224,"n":"Cristaux de soude Clair 500g","p":1.93,"u":"3,86 €/KG","img":"https://fd9-photos.leclercdrive.fr/image.ashx?id=1874057&use=l&cat=p&typeid=i","cat":325365},{"id":120233,"n":"Céréales cruesli Quaker Mélange de noix - 450g","p":2.89,"u":"6,42 €/KG","img":"https://fd9-photos.leclercdrive.fr/image.ashx?id=2212147&use=l&cat=p&typeid=i","cat":309512},{"id":120261,"n":"Lessive liquide Epsil Anti-transfert - 40 lavages 2L","p":5.99,"u":"3,00 €/L","img":"https://fd9-photos.leclercdrive.fr/image.ashx?id=2450092&use=l&cat=p&typeid=i","cat":284640},{"id":120266,"n":"Galettes de riz Tanoshi Vietnam x10 - 100g","p":3.09,"u":"3,09 €/KG","img":"https://fd9-photos.leclercdrive.fr/image.ashx?id=2999982&use=l&cat=p&typeid=i","cat":288992},{"id":120268,"n":"Sauce soja Tanoshi Sel reduit - 200ml","p":2.39,"u":"11,95 €/L","img":"https://fd9-photos.leclercdrive.fr/image.ashx?id=2907985&use=l&cat=p&typeid=i","cat":288992},{"id":120295,"n":"Mascara Waterproof Maybelline  Cils Sensational Extra-noir","p":7.8,"img":"https://fd9-photos.leclercdrive.fr/image.ashx?id=2377781&use=l&cat=p&typeid=i","cat":287029},{"id":120331,"n":"Eau gazeuse minérale Salvetat Pauvre en sodium - 6x1,15L","p":3.04,"u":"0,44 €/L","img":"https://fd9-photos.leclercdrive.fr/image.ashx?id=2578693&use=l&cat=p&typeid=i","cat":284536},{"id":120335,"n":"Eau gazeuse aromatisée Salvetat citron - 1,15L","p":0.83,"u":"0,72 €/L","img":"https://fd9-photos.leclercdrive.fr/image.ashx?id=2279753&use=l&cat=p&typeid=i","cat":284536},{"id":120348,"n":"Purée 4 mois Bio Village Pomme pruneaux bio - 4x100g","p":1.69,"u":"4,23 €/KG","img":"https://fd9-photos.leclercdrive.fr/image.ashx?id=2704837&use=l&cat=p&typeid=i","cat":312387},{"id":120350,"n":"Purée 4 mois Bio Village Pomme coing bio - 4x100g","p":1.79,"u":"4,48 €/KG","img":"https://fd9-photos.leclercdrive.fr/image.ashx?id=2704840&use=l&cat=p&typeid=i","cat":312387},{"id":120351,"n":"Purée 4 mois Bio Village Pomme myrtilles bio - 4x100g","p":1.99,"u":"4,98 €/KG","img":"https://fd9-photos.leclercdrive.fr/image.ashx?id=2704843&use=l&cat=p&typeid=i","cat":312387},{"id":120403,"n":"Adoucissant L'Arbre Vert Souffle de pureté x53 - 800ml","p":2.63,"u":"3,29 €/L","img":"https://fd9-photos.leclercdrive.fr/image.ashx?id=3001386&use=l&cat=p&typeid=i","cat":284650},{"id":120422,"n":"Lait de coco uht Real Thai 200ml","p":1.53,"u":"7,65 €/L","img":"https://fd9-photos.leclercdrive.fr/image.ashx?id=2872249&use=l&cat=p&typeid=i","cat":288992},{"id":120426,"n":"Protège slip écolo Uni vert Normal - x30","p":2.12,"u":"0,07 €/P","img":"https://fd9-photos.leclercdrive.fr/image.ashx?id=2799787&use=l&cat=p&typeid=i","cat":284625},{"id":120482,"n":"Planta fin cuisine facile 750ml - Format familial","p":3.75,"u":"5,00 €/L","img":"https://fd9-photos.leclercdrive.fr/image.ashx?id=2440091&use=l&cat=p&typeid=i","cat":284453},{"id":120485,"n":"Mascara Volume L'Oréal Paris Millions de Cils Extra Black","p":12.5,"img":"https://fd9-photos.leclercdrive.fr/image.ashx?id=2419170&use=l&cat=p&typeid=i","cat":287029},{"id":120488,"n":"Riz parfumé Comptoir du Grain Basmati -1kg","p":2.48,"u":"2,48 €/KG","img":"https://fd9-photos.leclercdrive.fr/image.ashx?id=2923399&use=l&cat=p&typeid=i","cat":284428},{"id":120492,"n":"Céréales fourrées P'tit Déli Chocolat noisette - 450g","p":2.19,"u":"4,87 €/KG","img":"https://fd9-photos.leclercdrive.fr/image.ashx?id=2819636&use=l&cat=p&typeid=i","cat":309513},{"id":120503,"n":"Mascara L'Oréal Paris  Bambi Eye effet faux cils Noir","p":9.94,"img":"https://fd9-photos.leclercdrive.fr/image.ashx?id=2347621&use=l&cat=p&typeid=i","cat":287029},{"id":120505,"n":"Mascara Waterproof L'OréalParis Millions de Cils Noir","p":12.9,"u":"477,78 €/KG","img":"https://fd9-photos.leclercdrive.fr/image.ashx?id=2278076&use=l&cat=p&typeid=i","cat":287029},{"id":120506,"n":"Super liner black lacquer L'Oréal - x1","p":10.4,"img":"https://fd9-photos.leclercdrive.fr/image.ashx?id=2601112&use=l&cat=p&typeid=i","cat":287029},{"id":120512,"n":"Fond de Teint L'Oréal Paris Accord Parfait 4.N Beige","p":12.9,"img":"https://fd9-photos.leclercdrive.fr/image.ashx?id=2937352&use=l&cat=p&typeid=i","cat":287029},{"id":120519,"n":"Correcteur anticerne Maybelline Instant Anti-Age 02 Beige Nu","p":8.49,"img":"https://fd9-photos.leclercdrive.fr/image.ashx?id=2423172&use=l&cat=p&typeid=i","cat":287029},{"id":120520,"n":"Mascara Maybelline  Cils Sensational Extra-noir","p":8.38,"img":"https://fd9-photos.leclercdrive.fr/image.ashx?id=2377784&use=l&cat=p&typeid=i","cat":287029},{"id":120601,"n":"Fromage à tartiner Boursin Trio de Noix - 150g","p":2.16,"u":"14,40 €/P","img":"https://fd9-photos.leclercdrive.fr/image.ashx?id=2964434&use=l&cat=p&typeid=i","cat":314029},{"id":120657,"n":"Saucisson Stoeffler A l'ail fumé supérieur - 300g","p":3.05,"u":"10,17 €/KG","img":"https://fd9-photos.leclercdrive.fr/image.ashx?id=2060247&use=l&cat=p&typeid=i","cat":316006},{"id":120660,"n":"Purée 4 mois Bio Village Fruits verger bio - 4x100g","p":1.89,"u":"4,73 €/KG","img":"https://fd9-photos.leclercdrive.fr/image.ashx?id=2704846&use=l&cat=p&typeid=i","cat":312387},{"id":120661,"n":"Purée 4 mois Bio Village Pomme Fraise Banane bio -4x100g","p":1.69,"u":"4,23 €/KG","img":"https://fd9-photos.leclercdrive.fr/image.ashx?id=2704849&use=l&cat=p&typeid=i","cat":312387},{"id":120665,"n":"Purée 6 mois Bio Village Pomme Biscuit bio - 4x100g","p":1.79,"u":"4,48 €/KG","img":"https://fd9-photos.leclercdrive.fr/image.ashx?id=2704855&use=l&cat=p&typeid=i","cat":312388},{"id":120690,"n":"Shampoing Nateïs Cheveux fragiles - 250ml","p":1.27,"u":"5,08 €/L","img":"https://fd9-photos.leclercdrive.fr/image.ashx?id=1889803&use=l&cat=p&typeid=i","cat":284606},{"id":120692,"n":"Pur jus d'orange Bio Village Bio - 2L","p":4.75,"u":"2,38 €/L","img":"https://fd9-photos.leclercdrive.fr/image.ashx?id=2751922&use=l&cat=p&typeid=i","cat":284521},{"id":120694,"n":"Jus de pomme bio Bio Village 1L","p":1.29,"u":"1,29 €/L","img":"https://fd9-photos.leclercdrive.fr/image.ashx?id=2958780&use=l&cat=p&typeid=i","cat":284522},{"id":120715,"n":"IGP Pâte Garofalo  Rigatoni - 500g","p":2.44,"u":"4,88 €/KG","img":"https://fd9-photos.leclercdrive.fr/image.ashx?id=3011890&use=l&cat=p&typeid=i","cat":284427},{"id":120721,"n":"Pâtes fusilli Garofalo  500g","p":1.68,"u":"3,36 €/KG","img":"https://fd9-photos.leclercdrive.fr/image.ashx?id=1931106&use=l&cat=p&typeid=i","cat":284427},{"id":120727,"n":"Pâtes tagliatelle Garofalo 500g","p":2.28,"u":"4,56 €/KG","img":"https://fd9-photos.leclercdrive.fr/image.ashx?id=3005350&use=l&cat=p&typeid=i","cat":284427},{"id":120741,"n":"Jus d'orange Bio Village Bio A base de concentré - 1L","p":2.19,"u":"2,19 €/L","img":"https://fd9-photos.leclercdrive.fr/image.ashx?id=2958777&use=l&cat=p&typeid=i","cat":284521},{"id":120744,"n":"Barre de céréales Nature Valley Sweet & Salty cacahuète x5-150g","p":2.77,"u":"18,47 €/KG","img":"https://fd9-photos.leclercdrive.fr/image.ashx?id=2737711&use=l&cat=p&typeid=i","cat":285869},{"id":120798,"n":"Filet de poulet jaune Volandrie Extra tendre - 300g","p":3.8,"u":"12,67 €/KG","img":"https://fd9-photos.leclercdrive.fr/image.ashx?id=2714894&use=l&cat=p&typeid=i","cat":284336},{"id":120822,"n":"Tablette de chocolat noir Lindt Croquant Noisette - 150g","p":4.45,"u":"29,67 €/KG","img":"https://fd9-photos.leclercdrive.fr/image.ashx?id=1877963&use=l&cat=p&typeid=i","cat":284956},{"id":120828,"n":"Poêle 24cm Easy Cook'n Clean Tous feux sauf induction","p":16.9,"img":"https://fd9-photos.leclercdrive.fr/image.ashx?id=2531856&use=l&cat=p&typeid=i","cat":298490},{"id":120829,"n":"Poêle 28cm Easy Cook'n Clean Tous feux sauf induction","p":19.9,"img":"https://fd9-photos.leclercdrive.fr/image.ashx?id=2531859&use=l&cat=p&typeid=i","cat":298490},{"id":120851,"n":"Réglisse Lutti O'Tablo Rafraichissante - 200g","p":1.17,"u":"5,85 €/KG","img":"https://fd9-photos.leclercdrive.fr/image.ashx?id=2817425&use=l&cat=p&typeid=i","cat":304250},{"id":120865,"n":"Poudre chocolatée NESQUIK Sticks  - 12x13.5g","p":2.62,"u":"16,17 €/KG","img":"https://fd9-photos.leclercdrive.fr/image.ashx?id=3005302&use=l&cat=p&typeid=i","cat":293235},{"id":121028,"n":"Crème mains réparatrice Mixa Zones Fragilisées - 50ml","p":5.65,"u":"113,00 €/L","img":"https://fd9-photos.leclercdrive.fr/image.ashx?id=2335919&use=l&cat=p&typeid=i","cat":325350},{"id":121096,"n":"Chocolat Peluche mix Kinder Ours - 133g","p":13.92,"u":"104,66 €/KG","img":"https://fd9-photos.leclercdrive.fr/image.ashx?id=1895392&use=l&cat=p&typeid=i","cat":327789},{"id":121097,"n":"Chocolat Peluche mix Kinder Mouton - 133g","p":13.92,"u":"104,66 €/KG","img":"https://fd9-photos.leclercdrive.fr/image.ashx?id=1895389&use=l&cat=p&typeid=i","cat":327789},{"id":121098,"n":"Chocolat Peluche mix Kinder Lapin - 133g","p":13.92,"u":"104,66 €/KG","img":"https://fd9-photos.leclercdrive.fr/image.ashx?id=1895386&use=l&cat=p&typeid=i","cat":327789},{"id":121101,"n":"Chocolat Peluche mix Kinder Flamant - 133g","p":13.92,"u":"104,66 €/KG","img":"https://fd9-photos.leclercdrive.fr/image.ashx?id=1895383&use=l&cat=p&typeid=i","cat":327789},{"id":121266,"n":"Chocolat en poudre Poulain Grand Arôme: 32% cacao - 450g","p":3.04,"u":"6,76 €/KG","img":"https://fd9-photos.leclercdrive.fr/image.ashx?id=2867116&use=l&cat=p&typeid=i","cat":293235},{"id":121276,"n":"Compotes Pom'Potes Gourdes BIO  Pomme Nature - 4x90g","p":2.16,"u":"6,00 €/KG","img":"https://fd9-photos.leclercdrive.fr/image.ashx?id=2949814&use=l&cat=p&typeid=i","cat":284508},{"id":121283,"n":"Baguette tradition 250g","p":0.95,"u":"3,80 €/KG","img":"https://fd9-photos.leclercdrive.fr/image.ashx?id=2062750&use=l&cat=p&typeid=i","cat":284359},{"id":121315,"n":"Haché Happy Family Charal 20x80g - 1,6kg","p":17.89,"u":"11,18 €/KG","img":"https://fd9-photos.leclercdrive.fr/image.ashx?id=2739776&use=l&cat=p&typeid=i","cat":319778},{"id":121356,"n":"Dentifrice Original Parodontax Complete protect - 75ml","p":5.52,"u":"73,60 €/L","img":"https://fd9-photos.leclercdrive.fr/image.ashx?id=2546749&use=l&cat=p&typeid=i","cat":284612},{"id":121387,"n":"Lingettes Mots d'Enfants Toilettes bio - x60","p":2.17,"u":"0,04 €/P","img":"https://fd9-photos.leclercdrive.fr/image.ashx?id=3015120&use=l&cat=p&typeid=i","cat":284738},{"id":121438,"n":"Sérum repulpant L'Oréal Paris Revitalift Anti-rides - 30ml","p":13.96,"u":"465,33 €/L","img":"https://fd9-photos.leclercdrive.fr/image.ashx?id=2926584&use=l&cat=p&typeid=i","cat":325345},{"id":121446,"n":"Peaches Haribo  Sachet bonbons - 250g","p":1.9,"u":"7,60 €/KG","img":"https://fd9-photos.leclercdrive.fr/image.ashx?id=2984925&use=l&cat=p&typeid=i","cat":304250},{"id":121447,"n":"Flanbolo Haribo Sachet bonbons - 200g","p":1.73,"u":"8,65 €/KG","img":"https://fd9-photos.leclercdrive.fr/image.ashx?id=2806117&use=l&cat=p&typeid=i","cat":304250},{"id":121493,"n":"Gel nettoyant Syphon Javel canalisation - 1L","p":2.98,"u":"2,98 €/L","img":"https://fd9-photos.leclercdrive.fr/image.ashx?id=2917659&use=l&cat=p&typeid=i","cat":284908},{"id":121581,"n":"Cahier 96 pages Seyes Esquisse Vert - 17x22cm Polypropylène","p":0.89,"img":"https://fd9-photos.leclercdrive.fr/image.ashx?id=1931763&use=l&cat=p&typeid=i","cat":284697},{"id":121699,"n":"Farine semi-complète Bio Bio Village - 1kg","p":1.45,"u":"1,45 €/KG","img":"https://fd9-photos.leclercdrive.fr/image.ashx?id=2460045&use=l&cat=p&typeid=i","cat":284503},{"id":121707,"n":"Sauce bolognaise pur boeuf Panzani - 200g","p":1.6,"u":"8,00 €/KG","img":"https://fd9-photos.leclercdrive.fr/image.ashx?id=2880682&use=l&cat=p&typeid=i","cat":287599},{"id":121708,"n":"Céréales fourrées P'tit Déli Chocolat noisette - 650g","p":3.08,"u":"4,74 €/KG","img":"https://fd9-photos.leclercdrive.fr/image.ashx?id=2840740&use=l&cat=p&typeid=i","cat":309513},{"id":121864,"n":"Thé Earl Grey Yaté x25- 45g","p":0.82,"u":"18,22 €/KG","img":"https://fd9-photos.leclercdrive.fr/image.ashx?id=2684748&use=l&cat=p&typeid=i","cat":293233},{"id":122035,"n":"Vinaigre de ménage 14° Briochin Ecocert - 1L","p":3.29,"u":"3,29 €/L","img":"https://fd9-photos.leclercdrive.fr/image.ashx?id=3000734&use=l&cat=p&typeid=i","cat":325365},{"id":122040,"n":"Douche crème Le Petit Olivier Lait de karité - 750ml","p":4.22,"u":"5,63 €/L","img":"https://fd9-photos.leclercdrive.fr/image.ashx?id=2144851&use=l&cat=p&typeid=i","cat":284594},{"id":122055,"n":"Poulet Fermier Jaune La Nouvelle Agriculture - 1,4kg","p":12.83,"u":"9,16 €/KG","img":"https://fd9-photos.leclercdrive.fr/image.ashx?id=2095932&use=l&cat=p&typeid=i","cat":284336},{"id":122059,"n":"Cuisse Poulet  La Nouvelle Agriculture x2-550g","p":6.83,"u":"12,42 €/KG","img":"https://fd9-photos.leclercdrive.fr/image.ashx?id=2095944&use=l&cat=p&typeid=i","cat":284336},{"id":122221,"n":"Concentré Sodastream Pepsi - 440ml","p":5.97,"u":"13,57 €/L","img":"https://fd9-photos.leclercdrive.fr/image.ashx?id=2665532&use=l&cat=p&typeid=i","cat":295020},{"id":122222,"n":"Concentré Sodastream Pepsi Max- 440ml","p":5.97,"u":"13,57 €/L","img":"https://fd9-photos.leclercdrive.fr/image.ashx?id=2665535&use=l&cat=p&typeid=i","cat":295020},{"id":122223,"n":"Concentré Sodastream 7UP - 440ml","p":5.97,"u":"13,57 €/L","img":"https://fd9-photos.leclercdrive.fr/image.ashx?id=2814211&use=l&cat=p&typeid=i","cat":295020},{"id":122224,"n":"Concentré Sodastream 7UP Free - 440ml","p":5.97,"u":"13,57 €/L","img":"https://fd9-photos.leclercdrive.fr/image.ashx?id=2665822&use=l&cat=p&typeid=i","cat":295020},{"id":122231,"n":"Jambon supérieur Bio Village découenné 4 Tranches bio - 140g","p":4.02,"u":"28,71 €/KG","img":"https://fd9-photos.leclercdrive.fr/image.ashx?id=1959610&use=l&cat=p&typeid=i","cat":316009},{"id":122344,"n":"Pots bébé soir bio Babybio Légumes riz - 8 mois - 2x200g","p":2.87,"u":"7,18 €/KG","img":"https://fd9-photos.leclercdrive.fr/image.ashx?id=2838314&use=l&cat=p&typeid=i","cat":312239},{"id":122346,"n":"Babybio Optima croissance 3 Bio 800g","p":16.75,"u":"20,94 €/KG","img":"https://fd9-photos.leclercdrive.fr/image.ashx?id=2944029&use=l&cat=p&typeid=i","cat":290219},{"id":122347,"n":"Lait Primea 2 Bio Babybio 800g","p":17.37,"u":"21,71 €/KG","img":"https://fd9-photos.leclercdrive.fr/image.ashx?id=2962824&use=l&cat=p&typeid=i","cat":284727},{"id":122348,"n":"Lait Primea 3 Bio Babybio 800g","p":14.55,"u":"18,19 €/KG","img":"https://fd9-photos.leclercdrive.fr/image.ashx?id=2944026&use=l&cat=p&typeid=i","cat":290219},{"id":122419,"n":"Skyr Siggi's  Nature 0% MG - 2x140g","p":2.16,"u":"7,71 €/KG","img":"https://fd9-photos.leclercdrive.fr/image.ashx?id=2372412&use=l&cat=p&typeid=i","cat":315000},{"id":122420,"n":"Skyr Siggi's  Vanille - 2x140g","p":2.03,"u":"7,25 €/KG","img":"https://fd9-photos.leclercdrive.fr/image.ashx?id=2646119&use=l&cat=p&typeid=i","cat":315000},{"id":122433,"n":"Allumettes Bio Village bio Fumées - 2x60g","p":1.59,"u":"13,25 €/KG","img":"https://fd9-photos.leclercdrive.fr/image.ashx?id=2131332&use=l&cat=p&typeid=i","cat":316011},{"id":122434,"n":"Allumettes nature Bio Village bio 2x60g","p":2.15,"u":"17,92 €/KG","img":"https://fd9-photos.leclercdrive.fr/image.ashx?id=2131329&use=l&cat=p&typeid=i","cat":316011},{"id":122435,"n":"Lardons supérieurs Bio Village bio Fumés - 2x60g","p":1.75,"u":"14,58 €/KG","img":"https://fd9-photos.leclercdrive.fr/image.ashx?id=2149602&use=l&cat=p&typeid=i","cat":316011},{"id":122486,"n":"Thon blanc entier Pêche Océan MSC - 160g","p":2.89,"u":"18,06 €/KG","img":"https://fd9-photos.leclercdrive.fr/image.ashx?id=2943662&use=l&cat=p&typeid=i","cat":303867},{"id":122487,"n":"Macédoine Bio Village Bio - 215g","p":2.54,"u":"11,81 €/KG","img":"https://fd9-photos.leclercdrive.fr/image.ashx?id=2468888&use=l&cat=p&typeid=i","cat":312612},{"id":122528,"n":"Skyr Siggi's  Framboise - 2x140g","p":2.05,"u":"7,32 €/KG","img":"https://fd9-photos.leclercdrive.fr/image.ashx?id=2692095&use=l&cat=p&typeid=i","cat":315000},{"id":122529,"n":"Skyr Siggi's  Myrtille - 2x140g","p":2.16,"u":"7,71 €/KG","img":"https://fd9-photos.leclercdrive.fr/image.ashx?id=2692098&use=l&cat=p&typeid=i","cat":315000},{"id":122553,"n":"Compote bio Bio Village Bocal pomme vanille - 625g","p":2.02,"u":"3,23 €/KG","img":"https://fd9-photos.leclercdrive.fr/image.ashx?id=1948045&use=l&cat=p&typeid=i","cat":284508},{"id":122554,"n":"Fromage blanc Bio Vrai Chèvre - 400g","p":2.98,"u":"7,45 €/KG","img":"https://fd9-photos.leclercdrive.fr/image.ashx?id=2388616&use=l&cat=p&typeid=i","cat":314998},{"id":122676,"n":"Dentifrice Email Diamant Le Charbon - 75ml","p":3.48,"u":"46,40 €/L","img":"https://fd9-photos.leclercdrive.fr/image.ashx?id=2975960&use=l&cat=p&typeid=i","cat":284612},{"id":122790,"n":"Chips Tuiles Pringles Hot Spicy - 175g","p":1.71,"u":"9,77 €/KG","img":"https://fd9-photos.leclercdrive.fr/image.ashx?id=2902295&use=l&cat=p&typeid=i","cat":287899},{"id":122792,"n":"Chips Tuiles Pringles Crème et Oignon - 175g","p":1.69,"u":"9,66 €/KG","img":"https://fd9-photos.leclercdrive.fr/image.ashx?id=2902292&use=l&cat=p&typeid=i","cat":287899},{"id":122810,"n":"Kakis Panier du Primeur Barquette 1kg","p":2.99,"u":"2,99 €/KG","img":"https://fd9-photos.leclercdrive.fr/image.ashx?id=2402798&use=l&cat=p&typeid=i","cat":284356},{"id":122825,"n":"Sauce au poivre Rustica 245g","p":1.19,"u":"4,86 €/KG","img":"https://fd9-photos.leclercdrive.fr/image.ashx?id=2558829&use=l&cat=p&typeid=i","cat":318431},{"id":122895,"n":"Chips Tuiles Pringles Original - 175g","p":1.68,"u":"9,60 €/KG","img":"https://fd9-photos.leclercdrive.fr/image.ashx?id=2902298&use=l&cat=p&typeid=i","cat":287899},{"id":122912,"n":"Shampoing Déjaunisseur Dessange Cheveux Blancs et Gris - 250ml","p":3.27,"u":"13,08 €/L","img":"https://fd9-photos.leclercdrive.fr/image.ashx?id=2308054&use=l&cat=p&typeid=i","cat":284606},{"id":123029,"n":"Poisson pané Colin Findus Extra croustillant - x2 250g","p":2.86,"u":"11,44 €/KG","img":"https://fd9-photos.leclercdrive.fr/image.ashx?id=3014548&use=l&cat=p&typeid=i","cat":319788},{"id":123062,"n":"Jambon de Paris Tradilège A l'étouffé - 160g","p":1.7,"u":"10,63 €/KG","img":"https://fd9-photos.leclercdrive.fr/image.ashx?id=2404178&use=l&cat=p&typeid=i","cat":316009},{"id":123063,"n":"Jambon de Paris Tradilège Découenné dégraissé x6 - 240g","p":2.39,"u":"9,96 €/KG","img":"https://fd9-photos.leclercdrive.fr/image.ashx?id=2404181&use=l&cat=p&typeid=i","cat":316009},{"id":123065,"n":"Jambon de Paris Tradilège À l'étouffée x8 - 320g","p":3.13,"u":"9,78 €/KG","img":"https://fd9-photos.leclercdrive.fr/image.ashx?id=2994387&use=l&cat=p&typeid=i","cat":316009},{"id":123067,"n":"Jambon de Paris Tradilège Découenné dégraissé x10 - 400g","p":3.85,"u":"9,63 €/KG","img":"https://fd9-photos.leclercdrive.fr/image.ashx?id=2930787&use=l&cat=p&typeid=i","cat":316009},{"id":123070,"n":"Jambon de Paris Tradilège -25% de sel - 4 tranches - 140g","p":2.05,"u":"14,64 €/KG","img":"https://fd9-photos.leclercdrive.fr/image.ashx?id=2208609&use=l&cat=p&typeid=i","cat":316009},{"id":123071,"n":"Jambon de Paris Tradilège -25% de sel - 6 tranches - 210g","p":2.5,"u":"11,90 €/KG","img":"https://fd9-photos.leclercdrive.fr/image.ashx?id=2208612&use=l&cat=p&typeid=i","cat":316009},{"id":123073,"n":"Jambon supérieur Tradilège Découenné - 2 tranches - 80g","p":1.25,"u":"15,63 €/KG","img":"https://fd9-photos.leclercdrive.fr/image.ashx?id=1914321&use=l&cat=p&typeid=i","cat":316009},{"id":123074,"n":"Jambon supérieur Tradilège Découenné dégraissé x4 - 160g","p":2.21,"u":"13,81 €/KG","img":"https://fd9-photos.leclercdrive.fr/image.ashx?id=1914324&use=l&cat=p&typeid=i","cat":316009},{"id":123076,"n":"Jambon supérieur Tradilège Découenné dégraissé x6 - 240g","p":3.25,"u":"13,54 €/KG","img":"https://fd9-photos.leclercdrive.fr/image.ashx?id=1914327&use=l&cat=p&typeid=i","cat":316009},{"id":123103,"n":"Jambon supérieur Tradilège Sans couenne x8 - 320g","p":4.29,"u":"13,41 €/KG","img":"https://fd9-photos.leclercdrive.fr/image.ashx?id=1914330&use=l&cat=p&typeid=i","cat":316009},{"id":123105,"n":"Jambon supérieur Tradilège Avec couenne 4 tranches - 160g","p":2.04,"u":"12,75 €/KG","img":"https://fd9-photos.leclercdrive.fr/image.ashx?id=1927098&use=l&cat=p&typeid=i","cat":316009},{"id":123106,"n":"Jambon supérieur Tradilège Avec couenne 6 tranches - 240g","p":3.1,"u":"12,92 €/KG","img":"https://fd9-photos.leclercdrive.fr/image.ashx?id=2404193&use=l&cat=p&typeid=i","cat":316009},{"id":123121,"n":"Oeufs Marque rèpere De Nos Régions - x20","p":4.29,"u":"0,21 €/P","img":"https://fd9-photos.leclercdrive.fr/image.ashx?id=1938606&use=l&cat=p&typeid=i","cat":284378},{"id":123261,"n":"Vinaigre d'alcool Cristal 1.5L","p":0.82,"u":"0,55 €/L","img":"https://fd9-photos.leclercdrive.fr/image.ashx?id=2156244&use=l&cat=p&typeid=i","cat":325365},{"id":123360,"n":"Pétales Tables du Monde A la crevette ASC - 50g","p":0.65,"u":"13,00 €/KG","img":"https://fd9-photos.leclercdrive.fr/image.ashx?id=2920220&use=l&cat=p&typeid=i","cat":288992},{"id":123393,"n":"Bière sans alcool Tourtel Twist Agrume 0,0° - 6x27,5cl","p":4.1,"u":"2,48 €/L","img":"https://fd9-photos.leclercdrive.fr/image.ashx?id=2730736&use=l&cat=p&typeid=i","cat":334877},{"id":123397,"n":"Bière sans alcool Tourtel Twist Framboise 0,0° - 6x27,5cl","p":4.1,"u":"2,48 €/L","img":"https://fd9-photos.leclercdrive.fr/image.ashx?id=2886705&use=l&cat=p&typeid=i","cat":334877},{"id":123400,"n":"Cire corps Laurence Dumont Bandes - x20","p":3.58,"u":"0,18 €/P","img":"https://fd9-photos.leclercdrive.fr/image.ashx?id=2606358&use=l&cat=p&typeid=i","cat":325351},{"id":123407,"n":"Bière sans alcool Tourtel Twist Citron 0,0° - 6x27,5cl","p":3.85,"u":"2,33 €/L","img":"https://fd9-photos.leclercdrive.fr/image.ashx?id=2886702&use=l&cat=p&typeid=i","cat":334877},{"id":123416,"n":"Soda Coca-Cola Original Bouteille - Pack 6x1,75L","p":14.2,"u":"1,35 €/L","img":"https://fd9-photos.leclercdrive.fr/image.ashx?id=2878333&use=l&cat=p&typeid=i","cat":284530},{"id":123422,"n":"Soda Coca-Cola Sans Sucres Bouteille - 1,75L","p":1.7,"u":"0,97 €/L","img":"https://fd9-photos.leclercdrive.fr/image.ashx?id=2971748&use=l&cat=p&typeid=i","cat":284530},{"id":123432,"n":"Crème lavante L'arbre Vert Recharge - Amande douche -300ml","p":1.95,"u":"6,50 €/L","img":"https://fd9-photos.leclercdrive.fr/image.ashx?id=2886115&use=l&cat=p&typeid=i","cat":284597},{"id":123434,"n":"Soda Schweppes Indian Tonic Zero - 6x33cl","p":3.52,"u":"1,78 €/L","img":"https://fd9-photos.leclercdrive.fr/image.ashx?id=2852420&use=l&cat=p&typeid=i","cat":284531},{"id":123436,"n":"Boisson fruit shoot Teisseire Tropical - 6x20cl","p":2.6,"u":"2,17 €/L","img":"https://fd9-photos.leclercdrive.fr/image.ashx?id=2858204&use=l&cat=p&typeid=i","cat":295018},{"id":123437,"n":"Boisson Fruit shoot Teisseire Multivamine - 6x20cl","p":2.6,"u":"2,17 €/L","img":"https://fd9-photos.leclercdrive.fr/image.ashx?id=2858201&use=l&cat=p&typeid=i","cat":295018},{"id":123441,"n":"Mascara Maybelline  Colossal Go volume extrême Noir","p":6.87,"u":"298,70 €/L","img":"https://fd9-photos.leclercdrive.fr/image.ashx?id=2344162&use=l&cat=p&typeid=i","cat":287029},{"id":123448,"n":"Biscuits cacao Kinder Cards Au lait et au cacao 2x5 - 128g","p":3.56,"u":"13,91 €/KG","img":"https://fd9-photos.leclercdrive.fr/image.ashx?id=2672608&use=l&cat=p&typeid=i","cat":284488},{"id":123485,"n":"Tartinade Petit Navire Thon poivrons tomate - 125g","p":2.34,"u":"18,72 €/KG","img":"https://fd9-photos.leclercdrive.fr/image.ashx?id=2522584&use=l&cat=p&typeid=i","cat":284451},{"id":123486,"n":"Pâtes Coquillage Panzani Créatives - 500G","p":1.3,"u":"2,60 €/KG","img":"https://fd9-photos.leclercdrive.fr/image.ashx?id=2902939&use=l&cat=p&typeid=i","cat":284427},{"id":123491,"n":"Crêpe fourrée Whaou Chocolat - x8 - 256g","p":2.08,"u":"8,13 €/KG","img":"https://fd9-photos.leclercdrive.fr/image.ashx?id=2962863&use=l&cat=p&typeid=i","cat":284494},{"id":123492,"n":"Crêpes Whaou! Chocolat x15 - 480g","p":3.66,"u":"7,63 €/KG","img":"https://fd9-photos.leclercdrive.fr/image.ashx?id=2986449&use=l&cat=p&typeid=i","cat":284494},{"id":123504,"n":"Yaourt fjord fromage blanc Nature - 8x125g","p":3.35,"u":"3,35 €/KG","img":"https://fd9-photos.leclercdrive.fr/image.ashx?id=2653222&use=l&cat=p&typeid=i","cat":284409},{"id":123540,"n":"Eau minérale naturelle Volvic 6x50cl","p":2.07,"u":"0,69 €/L","img":"https://fd9-photos.leclercdrive.fr/image.ashx?id=2730247&use=l&cat=p&typeid=i","cat":284535},{"id":123541,"n":"Eau minérale naturelle Evian  12x33cl","p":4.4,"u":"1,11 €/L","img":"https://fd9-photos.leclercdrive.fr/image.ashx?id=2973556&use=l&cat=p&typeid=i","cat":284535},{"id":123542,"n":"Eau minérale naturelle Evian  6x50cl","p":2.34,"u":"0,78 €/L","img":"https://fd9-photos.leclercdrive.fr/image.ashx?id=2969022&use=l&cat=p&typeid=i","cat":284535},{"id":123545,"n":"Quiche lorraine Marie Pur beurre - 400g","p":3.24,"u":"8,10 €/KG","img":"https://fd9-photos.leclercdrive.fr/image.ashx?id=2318546&use=l&cat=p&typeid=i","cat":333680},{"id":123546,"n":"Tarte noix St-Jacques Marie Pur beurre - 350g","p":4.04,"u":"11,54 €/KG","img":"https://fd9-photos.leclercdrive.fr/image.ashx?id=2318555&use=l&cat=p&typeid=i","cat":333680},{"id":123547,"n":"Tarte poireaux Marie Pur beurre - 400g","p":3.73,"u":"9,33 €/KG","img":"https://fd9-photos.leclercdrive.fr/image.ashx?id=2318549&use=l&cat=p&typeid=i","cat":333680},{"id":123550,"n":"Yaourt aux fruits brassés Velouté fruix Danone - 16x125g","p":4.35,"u":"2,18 €/KG","img":"https://fd9-photos.leclercdrive.fr/image.ashx?id=2912923&use=l&cat=p&typeid=i","cat":284410},{"id":123551,"n":"Yaourt aux fruits brassés Velouté fruix Danone - 12x125g","p":3.86,"u":"2,57 €/KG","img":"https://fd9-photos.leclercdrive.fr/image.ashx?id=2912929&use=l&cat=p&typeid=i","cat":284410},{"id":123552,"n":"Yaourt fruits rouges brassés Velouté fruix Danone - 8x125g","p":2.69,"u":"2,69 €/KG","img":"https://fd9-photos.leclercdrive.fr/image.ashx?id=2912932&use=l&cat=p&typeid=i","cat":284410},{"id":123555,"n":"Yaourt fruits jaunes brassés Velouté fruix Danone - 8x125g","p":2.69,"u":"2,69 €/KG","img":"https://fd9-photos.leclercdrive.fr/image.ashx?id=2912926&use=l&cat=p&typeid=i","cat":284410},{"id":123557,"n":"Kiwi Panier du Primeur Filière Mûrs à point - x6","p":3.99,"u":"0,67 €/P","img":"https://fd9-photos.leclercdrive.fr/image.ashx?id=2955047&use=l&cat=p&typeid=i","cat":284356},{"id":123603,"n":"Kit Distributeur Savon Mains Dettol Citron 250ml","p":7.68,"u":"Dont 0,10 € d'éco-part.","img":"https://fd9-photos.leclercdrive.fr/image.ashx?id=2975134&use=l&cat=p&typeid=i","cat":284597},{"id":123606,"n":"Lessive liquide blanc Epsil 25 lavages - 1.25L","p":2.54,"u":"2,03 €/L","img":"https://fd9-photos.leclercdrive.fr/image.ashx?id=2838933&use=l&cat=p&typeid=i","cat":284640},{"id":123622,"n":"Lait poudre Optima 2 Babybio  Bio 6 mois à 1an - 800g","p":18.93,"u":"23,66 €/KG","img":"https://fd9-photos.leclercdrive.fr/image.ashx?id=2988436&use=l&cat=p&typeid=i","cat":284727},{"id":123659,"n":"Cornet coupelles glacées 200g","p":2.59,"u":"12,95 €/KG","img":"https://fd9-photos.leclercdrive.fr/image.ashx?id=2658315&use=l&cat=p&typeid=i","cat":327592},{"id":123693,"n":"Pâtes Eco+ Vermicelles - 1kg","p":1.34,"u":"1,34 €/KG","img":"https://fd9-photos.leclercdrive.fr/image.ashx?id=2742602&use=l&cat=p&typeid=i","cat":284427},{"id":123695,"n":"Lait Primea 1 Bio BabyBio 800g","p":16.93,"u":"21,16 €/KG","img":"https://fd9-photos.leclercdrive.fr/image.ashx?id=2911327&use=l&cat=p&typeid=i","cat":284726},{"id":123710,"n":"Tomato Ketchup Zéro Heinz sans sucre ni sel - 425g","p":2.64,"u":"6,21 €/KG","img":"https://fd9-photos.leclercdrive.fr/image.ashx?id=2927723&use=l&cat=p&typeid=i","cat":284455},{"id":123717,"n":"Maqueraux Petit Navire Le Grillé - 110g","p":2.26,"u":"20,55 €/KG","img":"https://fd9-photos.leclercdrive.fr/image.ashx?id=2989066&use=l&cat=p&typeid=i","cat":303868},{"id":123841,"n":"Sardines sans arêtes au citron Connétable - 140g","p":2.84,"u":"20,29 €/KG","img":"https://fd9-photos.leclercdrive.fr/image.ashx?id=2677333&use=l&cat=p&typeid=i","cat":305146},{"id":123864,"n":"Crème Pieds Anti-Crevasses Talons 24h - 60 ml","p":4.84,"u":"80,67 €/L","img":"https://fd9-photos.leclercdrive.fr/image.ashx?id=2980878&use=l&cat=p&typeid=i","cat":325354},{"id":123883,"n":"Thon Alba Connetable Naturel Label Rouge - 112g","p":2.96,"u":"26,43 €/KG","img":"https://fd9-photos.leclercdrive.fr/image.ashx?id=2674128&use=l&cat=p&typeid=i","cat":303867},{"id":123898,"n":"Tablette gourmande Poulain Chocolat au lait - 100g","p":2.14,"u":"21,40 €/KG","img":"https://fd9-photos.leclercdrive.fr/image.ashx?id=2867128&use=l&cat=p&typeid=i","cat":284497},{"id":123960,"n":"Bière sans alcool Desperados Virgin - Agrumes 3x33cl","p":3.89,"u":"3,93 €/L","img":"https://fd9-photos.leclercdrive.fr/image.ashx?id=2977966&use=l&cat=p&typeid=i","cat":334877},{"id":124045,"n":"Sardine Connetable Sans arête naturel - 98g","p":2.45,"u":"25,00 €/KG","img":"https://fd9-photos.leclercdrive.fr/image.ashx?id=2620269&use=l&cat=p&typeid=i","cat":305146},{"id":124052,"n":"Nouilles de riz Table du monde 250g","p":1.99,"u":"7,96 €/KG","img":"https://fd9-photos.leclercdrive.fr/image.ashx?id=2679780&use=l&cat=p&typeid=i","cat":288992},{"id":124140,"n":"Saumon fumé Labeyrie Norvège - x4 - 130g","p":7.97,"u":"61,31 €/KG","img":"https://fd9-photos.leclercdrive.fr/image.ashx?id=2729896&use=l&cat=p&typeid=i","cat":285188},{"id":124253,"n":"Le Champignon Entier Bonduelle Sans Sulfite, Sans Additif 230g","p":1.67,"u":"7,26 €/KG","img":"https://fd9-photos.leclercdrive.fr/image.ashx?id=2979638&use=l&cat=p&typeid=i","cat":312610},{"id":124262,"n":"Le Champignon Émincé Épais Bonduelle Sans Sulfite 230g","p":1.6,"u":"6,96 €/KG","img":"https://fd9-photos.leclercdrive.fr/image.ashx?id=2915724&use=l&cat=p&typeid=i","cat":312610},{"id":124271,"n":"Morceaux de thon Eco+ A l'huile de tournesol - 130g","p":1.33,"u":"10,23 €/KG","img":"https://fd9-photos.leclercdrive.fr/image.ashx?id=2967537&use=l&cat=p&typeid=i","cat":303867},{"id":124272,"n":"Thon nature entier Saupiquet MSC - 140g","p":2.48,"u":"17,71 €/KG","img":"https://fd9-photos.leclercdrive.fr/image.ashx?id=2731540&use=l&cat=p&typeid=i","cat":303867},{"id":124478,"n":"IGP Méditérranée rosé Les Calandières - 75cl","p":3.91,"u":"5,21 €/L","img":"https://fd9-photos.leclercdrive.fr/image.ashx?id=2996608&use=l&cat=p&typeid=i","cat":289558},{"id":124496,"n":"Crème glacée Ben & Jerry's Choco Fudge Brownie - 408g","p":3.77,"u":"9,24 €/KG","img":"https://fd9-photos.leclercdrive.fr/image.ashx?id=2738050&use=l&cat=p&typeid=i","cat":284725},{"id":124498,"n":"Glace en Pot BEN & JERRY'S Cookie Dough - 465ml","p":3.58,"u":"8,82 €/KG","img":"https://fd9-photos.leclercdrive.fr/image.ashx?id=2738056&use=l&cat=p&typeid=i","cat":284725},{"id":124499,"n":"Glace en Pot BEN & JERRY'S Vanilla Pecan Blondie - 465ml","p":3.97,"u":"9,59 €/KG","img":"https://fd9-photos.leclercdrive.fr/image.ashx?id=2832548&use=l&cat=p&typeid=i","cat":284725},{"id":124500,"n":"Crème glacée Ben & Jerry's Peanut butter - 425g","p":3.58,"u":"8,42 €/KG","img":"https://fd9-photos.leclercdrive.fr/image.ashx?id=3001524&use=l&cat=p&typeid=i","cat":284725},{"id":124533,"n":"Confiture extra bio Bio Village Rhubarbe - 370g","p":2.59,"u":"7,00 €/KG","img":"https://fd9-photos.leclercdrive.fr/image.ashx?id=2482514&use=l&cat=p&typeid=i","cat":284480},{"id":124585,"n":"Black spiced \"The kraken\" 40° - 70cl","p":26.88,"u":"38,40 €/L","img":"https://fd9-photos.leclercdrive.fr/image.ashx?id=2550940&use=l&cat=p&typeid=i","cat":284550},{"id":124594,"n":"Capsules Nescafé Dolce Gusto Espresso - x16","p":4.48,"u":"50,91 €/KG","img":"https://fd9-photos.leclercdrive.fr/image.ashx?id=2952025&use=l&cat=p&typeid=i","cat":293239},{"id":124595,"n":"Nutella Biscuit pâte à tartiner Cacao Noisettes - 166g","p":1.89,"u":"11,39 €/KG","img":"https://fd9-photos.leclercdrive.fr/image.ashx?id=2922200&use=l&cat=p&typeid=i","cat":284488},{"id":124617,"n":"Chocolat Peluche mix Kinder Kangourou - 133g","p":13.92,"u":"104,66 €/KG","img":"https://fd9-photos.leclercdrive.fr/image.ashx?id=1899696&use=l&cat=p&typeid=i","cat":327789},{"id":124618,"n":"Chocolat Peluche mix Kinder Jaguar  - 133g","p":13.92,"u":"104,66 €/KG","img":"https://fd9-photos.leclercdrive.fr/image.ashx?id=1899699&use=l&cat=p&typeid=i","cat":327789},{"id":124654,"n":"Bac crème glacée Eskiss Caramel - 500g","p":3.89,"u":"7,78 €/KG","img":"https://fd9-photos.leclercdrive.fr/image.ashx?id=1958907&use=l&cat=p&typeid=i","cat":284263},{"id":124656,"n":"Wrap Poulet Côté Snack Caesar - 190g","p":2.49,"u":"13,11 €/KG","img":"https://fd9-photos.leclercdrive.fr/image.ashx?id=2883014&use=l&cat=p&typeid=i","cat":333658},{"id":124670,"n":"Pain de mie complet Jacquet Maxi - Sans sucre ajouté - 550g","p":1.6,"u":"2,91 €/KG","img":"https://fd9-photos.leclercdrive.fr/image.ashx?id=2935708&use=l&cat=p&typeid=i","cat":284477},{"id":124671,"n":"Pain de mie Sans croûte Jacquet Sans sucre ajouté - 475g","p":1.72,"u":"3,62 €/KG","img":"https://fd9-photos.leclercdrive.fr/image.ashx?id=2919754&use=l&cat=p&typeid=i","cat":284477},{"id":124694,"n":"Saucisson Mini Justin Bridou  Bâton de Berger nature - 160g","p":3.29,"u":"20,56 €/KG","img":"https://fd9-photos.leclercdrive.fr/image.ashx?id=2921786&use=l&cat=p&typeid=i","cat":316006},{"id":124696,"n":"Accras de morue MSC Table du Monde - 200g","p":2.29,"u":"11,45 €/KG","img":"https://fd9-photos.leclercdrive.fr/image.ashx?id=1959049&use=l&cat=p&typeid=i","cat":333673},{"id":124714,"n":"Combinés gratte éponges Spontex x3","p":2.48,"u":"0,83 €/P","img":"https://fd9-photos.leclercdrive.fr/image.ashx?id=2968895&use=l&cat=p&typeid=i","cat":284667},{"id":124723,"n":"Champignon Bonduelle Emincé - 3x115g","p":2.81,"u":"8,14 €/KG","img":"https://fd9-photos.leclercdrive.fr/image.ashx?id=2913121&use=l&cat=p&typeid=i","cat":312610},{"id":124743,"n":"Gratte éponge Spontex anti bactérien - x2","p":1.68,"u":"0,84 €/P","img":"https://fd9-photos.leclercdrive.fr/image.ashx?id=2973081&use=l&cat=p&typeid=i","cat":284667},{"id":124744,"n":"Gratte éponge Spontex x3","p":2.28,"u":"0,76 €/P","img":"https://fd9-photos.leclercdrive.fr/image.ashx?id=2973084&use=l&cat=p&typeid=i","cat":284667},{"id":124749,"n":"Laque cheveux Elnett forte  Protection couleur - 300ml","p":7.15,"u":"23,83 €/L","img":"https://fd9-photos.leclercdrive.fr/image.ashx?id=2382027&use=l&cat=p&typeid=i","cat":284609},{"id":124764,"n":"Biscuit Moooo Milka Au chocolat - 3x200g","p":4.41,"pp":3.09,"u":"5,15 €/KG","img":"https://fd9-photos.leclercdrive.fr/image.ashx?id=2192578&use=l&cat=p&typeid=i","cat":284488},{"id":124787,"n":"Shampooing sec Batiste Volume - 200ml","p":4.58,"u":"22,90 €/L","img":"https://fd9-photos.leclercdrive.fr/image.ashx?id=2557979&use=l&cat=p&typeid=i","cat":289143},{"id":124791,"n":"Serviette Nana Maxi goodnight - x12","p":1.81,"u":"0,15 €/P","img":"https://fd9-photos.leclercdrive.fr/image.ashx?id=2806402&use=l&cat=p&typeid=i","cat":284624},{"id":124794,"n":"Serviettes Tena Men Level 1 - x12","p":4.58,"u":"0,38 €/P","img":"https://fd9-photos.leclercdrive.fr/image.ashx?id=2428570&use=l&cat=p&typeid=i","cat":291514},{"id":124795,"n":"Protège lingerie Nana Extra long - x24","p":1.65,"u":"0,07 €/P","img":"https://fd9-photos.leclercdrive.fr/image.ashx?id=2968499&use=l&cat=p&typeid=i","cat":284625},{"id":124874,"n":"Crème glacée Ben & Jerry's  Caramel Brownie Party - 405g","p":3.83,"u":"9,46 €/KG","img":"https://fd9-photos.leclercdrive.fr/image.ashx?id=2773889&use=l&cat=p&typeid=i","cat":284725},{"id":124896,"n":"KINDER JOY Chocolat au lait - 3x20g","p":3.22,"u":"53,67 €/KG","img":"https://fd9-photos.leclercdrive.fr/image.ashx?id=2971769&use=l&cat=p&typeid=i","cat":284958},{"id":124901,"n":"Pâte à tartiner Nutella 630g","p":4.82,"u":"7,65 €/KG","img":"https://fd9-photos.leclercdrive.fr/image.ashx?id=2968841&use=l&cat=p&typeid=i","cat":284481},{"id":124902,"n":"Eponges végétales Eco+ x2","p":0.46,"u":"0,23 €/P","img":"https://fd9-photos.leclercdrive.fr/image.ashx?id=2770242&use=l&cat=p&typeid=i","cat":284667},{"id":124905,"n":"Sacs poubelle coulissants Eco+ 30 l - x20","p":1.23,"u":"0,06 €/P","img":"https://fd9-photos.leclercdrive.fr/image.ashx?id=1901701&use=l&cat=p&typeid=i","cat":285168},{"id":124912,"n":"Insecticide Insectivor Anti-acariens puce- 400ml","p":4.99,"u":"12,48 €/L","img":"https://fd9-photos.leclercdrive.fr/image.ashx?id=2805051&use=l&cat=p&typeid=i","cat":298368},{"id":124913,"n":"Insecticide Insectivor Volant/rampant - 400ml","p":3.95,"u":"9,88 €/L","img":"https://fd9-photos.leclercdrive.fr/image.ashx?id=2933322&use=l&cat=p&typeid=i","cat":298368},{"id":124921,"n":"Croquettes petit chien Ultima  Nature Sans céréales - 1,1kg","p":7.08,"u":"6,44 €/KG","img":"https://fd9-photos.leclercdrive.fr/image.ashx?id=2572745&use=l&cat=p&typeid=i","cat":294526},{"id":124923,"n":"Croquettes chat stérilisé  Ultima Nature bœuf – 1,1kg","p":6.71,"u":"6,10 €/KG","img":"https://fd9-photos.leclercdrive.fr/image.ashx?id=2629884&use=l&cat=p&typeid=i","cat":284680},{"id":124924,"n":"Croquettes chat Ultima Nature Sans céréales - Dinde- 1.1kg","p":6.55,"u":"5,95 €/KG","img":"https://fd9-photos.leclercdrive.fr/image.ashx?id=2929218&use=l&cat=p&typeid=i","cat":284680},{"id":124928,"n":"Sacs poubelle Elembal 240L - x10","p":4.56,"u":"0,46 €/P","img":"https://fd9-photos.leclercdrive.fr/image.ashx?id=1901894&use=l&cat=p&typeid=i","cat":285168},{"id":124929,"n":"Insecticide Insectivor Antivolant végétal - 400ml","p":2.71,"u":"6,78 €/L","img":"https://fd9-photos.leclercdrive.fr/image.ashx?id=1901897&use=l&cat=p&typeid=i","cat":298368},{"id":124930,"n":"Sacs poubelle Elembal Coulissants spécial tri 50L-x10","p":2.19,"u":"0,22 €/P","img":"https://fd9-photos.leclercdrive.fr/image.ashx?id=2958756&use=l&cat=p&typeid=i","cat":285168},{"id":124931,"n":"Coton maxi ovale Bio Bionaia x60","p":2.16,"u":"0,04 €/P","img":"https://fd9-photos.leclercdrive.fr/image.ashx?id=2658584&use=l&cat=p&typeid=i","cat":284636},{"id":124936,"n":"Serviettes hygiéniques Eco+ Normales Ultra minces - x14","p":0.51,"u":"0,04 €/P","img":"https://fd9-photos.leclercdrive.fr/image.ashx?id=2177517&use=l&cat=p&typeid=i","cat":284624},{"id":124962,"n":"Sacs poubelle Elembal Salle de bain 5L - x40","p":1.26,"u":"0,03 €/P","img":"https://fd9-photos.leclercdrive.fr/image.ashx?id=2793284&use=l&cat=p&typeid=i","cat":285168},{"id":125137,"n":"Fromage Apéritif St Môret Figues x20 - 100g","p":2.36,"u":"23,60 €/KG","img":"https://fd9-photos.leclercdrive.fr/image.ashx?id=2734825&use=l&cat=p&typeid=i","cat":314027},{"id":125216,"n":"Cacahuètes Eco+ Grillées à sec - 150g","p":0.46,"u":"3,07 €/KG","img":"https://fd9-photos.leclercdrive.fr/image.ashx?id=2780710&use=l&cat=p&typeid=i","cat":284448},{"id":125218,"n":"Cacahuètes Eco  Grillées et salées - 250g","p":0.7,"u":"2,80 €/KG","img":"https://fd9-photos.leclercdrive.fr/image.ashx?id=2836801&use=l&cat=p&typeid=i","cat":284448},{"id":125219,"n":"Frites salées Eco+ 80g","p":0.45,"u":"5,63 €/KG","img":"https://fd9-photos.leclercdrive.fr/image.ashx?id=2764712&use=l&cat=p&typeid=i","cat":284449},{"id":125220,"n":"Snacks Eco+ Gôut bacon - 100g","p":0.72,"u":"7,20 €/KG","img":"https://fd9-photos.leclercdrive.fr/image.ashx?id=2947344&use=l&cat=p&typeid=i","cat":284449},{"id":125222,"n":"Assortiment biscuit Eco+ Soufflé - 125g","p":0.87,"u":"6,96 €/KG","img":"https://fd9-photos.leclercdrive.fr/image.ashx?id=2964559&use=l&cat=p&typeid=i","cat":284449},{"id":125223,"n":"Pistaches grillées à sec Eco+ 200g","p":2.58,"u":"12,90 €/KG","img":"https://fd9-photos.leclercdrive.fr/image.ashx?id=2746784&use=l&cat=p&typeid=i","cat":284448},{"id":125225,"n":"Chips nature Eco+ 6x30g","p":1.23,"u":"6,83 €/KG","img":"https://fd9-photos.leclercdrive.fr/image.ashx?id=2943599&use=l&cat=p&typeid=i","cat":284447},{"id":125227,"n":"Mini cookies P'tit Déli 160g","p":1.49,"u":"9,31 €/KG","img":"https://fd9-photos.leclercdrive.fr/image.ashx?id=2932426&use=l&cat=p&typeid=i","cat":325066},{"id":125235,"n":"Tartelette framboise P'tit Déli 150g","p":1.3,"u":"8,67 €/KG","img":"https://fd9-photos.leclercdrive.fr/image.ashx?id=2683922&use=l&cat=p&typeid=i","cat":284489},{"id":125238,"n":"Cookies P'tit Déli Chocolat noisette - 200g","p":1.69,"u":"8,45 €/KG","img":"https://fd9-photos.leclercdrive.fr/image.ashx?id=1943253&use=l&cat=p&typeid=i","cat":325066},{"id":125328,"n":"Ketchup Rustica Nature - 560g","p":1.25,"u":"2,23 €/KG","img":"https://fd9-photos.leclercdrive.fr/image.ashx?id=2954385&use=l&cat=p&typeid=i","cat":284455},{"id":125370,"n":"Plateau trio deliciozo Coppa jambon cru saucisson 160g","p":7.22,"u":"45,13 €/KG","img":"https://fd9-photos.leclercdrive.fr/image.ashx?id=2917495&use=l&cat=p&typeid=i","cat":316007},{"id":125383,"n":"Comté fromage râpé Les Croisés 130g","p":1.95,"u":"15,00 €/KG","img":"https://fd9-photos.leclercdrive.fr/image.ashx?id=1947519&use=l&cat=p&typeid=i","cat":314035},{"id":125532,"n":"Chocolat noir Lindt Création Pistache éclat d'Amandes - 150g","p":3.18,"u":"21,20 €/KG","img":"https://fd9-photos.leclercdrive.fr/image.ashx?id=2961963&use=l&cat=p&typeid=i","cat":284956},{"id":125566,"n":"Le Chevrot au lait cru Sèvre et Belle - 200g","p":5.75,"u":"28,75 €/KG","img":"https://fd9-photos.leclercdrive.fr/image.ashx?id=1987962&use=l&cat=p&typeid=i","cat":314031},{"id":125571,"n":"Yaourt bifidus Activia muesli Chocolat noisette - 170g","p":2.05,"img":"https://fd9-photos.leclercdrive.fr/image.ashx?id=2965891&use=l&cat=p&typeid=i","cat":315000},{"id":125584,"n":"AOP Comté Juraflore 12 mois - 400g","p":8.85,"u":"22,13 €/KG","img":"https://fd9-photos.leclercdrive.fr/image.ashx?id=2060697&use=l&cat=p&typeid=i","cat":314034},{"id":125784,"n":"Gros sel de l'Ile  de Ré Cooperative des Sauniers - 1kg","p":1.4,"u":"1,40 €/KG","img":"https://fd9-photos.leclercdrive.fr/image.ashx?id=2101822&use=l&cat=p&typeid=i","cat":284457},{"id":125795,"n":"Chipolatas au pineau Charentes Maitre Cochon -  x 5 - 340 g","p":3.99,"u":"11,74 €/KG","img":"https://fd9-photos.leclercdrive.fr/image.ashx?id=2314275&use=l&cat=p&typeid=i","cat":284334},{"id":125796,"n":"Chipolatas fleur de sel Ile Ré Maitre Cochon - x 5- 340 g","p":3.9,"u":"11,47 €/KG","img":"https://fd9-photos.leclercdrive.fr/image.ashx?id=2734894&use=l&cat=p&typeid=i","cat":284334},{"id":125797,"n":"Saucisse toulouse sel Il de Ré x3 - 420 g","p":4.1,"u":"9,76 €/KG","img":"https://fd9-photos.leclercdrive.fr/image.ashx?id=2734897&use=l&cat=p&typeid=i","cat":284334},{"id":125875,"n":"Le Chevrot cendré  Sèvre et Belle - 200g","p":5.75,"u":"28,75 €/KG","img":"https://fd9-photos.leclercdrive.fr/image.ashx?id=1987971&use=l&cat=p&typeid=i","cat":314031},{"id":125916,"n":"Fromages frais Pat'Patrouille Yoplait goûts fruits - 24x50g","p":3.35,"u":"2,79 €/KG","img":"https://fd9-photos.leclercdrive.fr/image.ashx?id=2733688&use=l&cat=p&typeid=i","cat":284414},{"id":125919,"n":"Boisson végétale Alpro Lait d'amande vanille - 1L","p":3.03,"u":"3,03 €/L","img":"https://fd9-photos.leclercdrive.fr/image.ashx?id=2981671&use=l&cat=p&typeid=i","cat":316067},{"id":125958,"n":"Chips Bret's Saveur vinaigre - 125g","p":1.19,"u":"9,52 €/KG","img":"https://fd9-photos.leclercdrive.fr/image.ashx?id=1925081&use=l&cat=p&typeid=i","cat":284447},{"id":125966,"n":"Chips Tyrrell's Sel et poivre - 150g","p":2.19,"u":"14,60 €/KG","img":"https://fd9-photos.leclercdrive.fr/image.ashx?id=2884777&use=l&cat=p&typeid=i","cat":284447},{"id":126139,"n":"Chips  Sel de mer Tyrell's Saveur vinaigre - 150g","p":2.19,"u":"14,60 €/KG","img":"https://fd9-photos.leclercdrive.fr/image.ashx?id=2941865&use=l&cat=p&typeid=i","cat":284447},{"id":126140,"n":"Chips Tyrells Piment doux et poivron - 150g","p":2.19,"u":"14,60 €/KG","img":"https://fd9-photos.leclercdrive.fr/image.ashx?id=2225657&use=l&cat=p&typeid=i","cat":284447},{"id":126163,"n":"Galette St michel Au bon chocolat - 121g","p":1.19,"u":"9,83 €/KG","img":"https://fd9-photos.leclercdrive.fr/image.ashx?id=2949955&use=l&cat=p&typeid=i","cat":284487},{"id":126178,"n":"Riz long thaï Eco+ 1kg","p":1.61,"u":"1,61 €/KG","img":"https://fd9-photos.leclercdrive.fr/image.ashx?id=2799751&use=l&cat=p&typeid=i","cat":284428},{"id":126183,"n":"Biscuits Lotus Biscoff Fourré  Crème saveur speculoos - 150g","p":1.72,"u":"11,47 €/KG","img":"https://fd9-photos.leclercdrive.fr/image.ashx?id=2694968&use=l&cat=p&typeid=i","cat":284487},{"id":126186,"n":"Riz rond Eco+ 1kg","p":1.77,"u":"1,77 €/KG","img":"https://fd9-photos.leclercdrive.fr/image.ashx?id=2704594&use=l&cat=p&typeid=i","cat":284428},{"id":126187,"n":"Biscuits Lotus Biscoff Fourré Crème saveur chocolat 150g","p":1.72,"u":"11,47 €/KG","img":"https://fd9-photos.leclercdrive.fr/image.ashx?id=2859818&use=l&cat=p&typeid=i","cat":284487},{"id":126310,"n":"Crème dépilatoire Pure Veet Corps Peaux normales 200ml","p":4.28,"u":"21,40 €/L","img":"https://fd9-photos.leclercdrive.fr/image.ashx?id=3014437&use=l&cat=p&typeid=i","cat":325351},{"id":126314,"n":"Crème dépilatoire Pure Veet Corps Peaux sensibles 200ml","p":4.13,"u":"20,65 €/L","img":"https://fd9-photos.leclercdrive.fr/image.ashx?id=2965692&use=l&cat=p&typeid=i","cat":325351},{"id":126316,"n":"Cire Chaude au Sucre Pure Veet 100% d'Origine Naturelle 250ml","p":5.22,"u":"20,88 €/L","img":"https://fd9-photos.leclercdrive.fr/image.ashx?id=2990430&use=l&cat=p&typeid=i","cat":325351},{"id":126421,"n":"Biscuits Figolu LU Figue - 192g","p":1.42,"u":"7,40 €/KG","img":"https://fd9-photos.leclercdrive.fr/image.ashx?id=2967950&use=l&cat=p&typeid=i","cat":284489},{"id":126424,"n":"Biscuits Sprits sablés Delacre Chocolat au lait - 200g","p":1.59,"u":"7,95 €/KG","img":"https://fd9-photos.leclercdrive.fr/image.ashx?id=2855873&use=l&cat=p&typeid=i","cat":284488},{"id":126430,"n":"Dosettes café Senseo Milka x8","p":2.98,"u":"26,61 €/KG","img":"https://fd9-photos.leclercdrive.fr/image.ashx?id=2127012&use=l&cat=p&typeid=i","cat":293238},{"id":126474,"n":"Thon entier MSC Petit Navire A l'huile d'olive - 160g","p":3.25,"u":"20,31 €/KG","img":"https://fd9-photos.leclercdrive.fr/image.ashx?id=2523897&use=l&cat=p&typeid=i","cat":303867},{"id":126478,"n":"Morceaux Thon PETIT NAVIRE 160g Nature Démarche Responsable","p":1.99,"u":"17,77 €/KG","img":"https://fd9-photos.leclercdrive.fr/image.ashx?id=2549453&use=l&cat=p&typeid=i","cat":303867},{"id":126519,"n":"Bloc WC Bref Color Activ+  Marine toilettes - 50g x1","p":1.84,"u":"368,00 €/KG","img":"https://fd9-photos.leclercdrive.fr/image.ashx?id=2890112&use=l&cat=p&typeid=i","cat":284662},{"id":126540,"n":"Citron jaune Eco+  Filet 500g","p":0.99,"u":"1,98 €/KG","img":"https://fd9-photos.leclercdrive.fr/image.ashx?id=2619807&use=l&cat=p&typeid=i","cat":284356},{"id":126548,"n":"Pomelo rose 1p","p":0.8,"img":"https://fd9-photos.leclercdrive.fr/image.ashx?id=1636262&use=l&cat=p&typeid=i","cat":284356},{"id":126569,"n":"Déodorant Sanex Natur Protect Spray Peaux Normales - 200ml","p":3.53,"u":"17,65 €/L","img":"https://fd9-photos.leclercdrive.fr/image.ashx?id=2738380&use=l&cat=p&typeid=i","cat":284595},{"id":126570,"n":"Soda Sprite Original  Bouteille  - 1.25L","p":1.31,"u":"1,05 €/L","img":"https://fd9-photos.leclercdrive.fr/image.ashx?id=2796989&use=l&cat=p&typeid=i","cat":284531},{"id":126571,"n":"Gaufres de Liège Lotus 315g","p":1.94,"u":"6,16 €/KG","img":"https://fd9-photos.leclercdrive.fr/image.ashx?id=2694995&use=l&cat=p&typeid=i","cat":294777},{"id":126574,"n":"Abricots Eco+ Barquette 1kg","p":3.49,"u":"3,49 €/KG","img":"https://fd9-photos.leclercdrive.fr/image.ashx?id=2907144&use=l&cat=p&typeid=i","cat":284356},{"id":126579,"n":"Pommes Bicolores Eco+ Sachet 2kg","p":2.99,"u":"1,50 €/KG","img":"https://fd9-photos.leclercdrive.fr/image.ashx?id=2537872&use=l&cat=p&typeid=i","cat":284356},{"id":126581,"n":"Pommes jaunes Eco+ Sachet 2kg","p":2.99,"u":"1,50 €/KG","img":"https://fd9-photos.leclercdrive.fr/image.ashx?id=2441890&use=l&cat=p&typeid=i","cat":284356},{"id":126585,"n":"Tomates rondes Eco+ Filet 1kg","p":1.89,"u":"1,89 €/KG","img":"https://fd9-photos.leclercdrive.fr/image.ashx?id=2769420&use=l&cat=p&typeid=i","cat":284352},{"id":126586,"n":"Tomate cerise Eco+ Barquette 250g","p":0.99,"u":"3,96 €/KG","img":"https://fd9-photos.leclercdrive.fr/image.ashx?id=2968067&use=l&cat=p&typeid=i","cat":284352},{"id":126612,"n":"La Poêlée du Marché Bonduelle 750g","p":3.82,"u":"5,09 €/KG","img":"https://fd9-photos.leclercdrive.fr/image.ashx?id=3008071&use=l&cat=p&typeid=i","cat":319823},{"id":126621,"n":"Fromage à tartiner Eco + 26%mg - 150g","p":0.81,"u":"5,40 €/KG","img":"https://fd9-photos.leclercdrive.fr/image.ashx?id=2843033&use=l&cat=p&typeid=i","cat":314029},{"id":126622,"n":"Mascara paradise primer white 01 White nu - x1","p":10.63,"img":"https://fd9-photos.leclercdrive.fr/image.ashx?id=2833738&use=l&cat=p&typeid=i","cat":287029},{"id":126643,"n":"Gaufres de liège Lotus Chocolat - 363g","p":2.87,"u":"7,91 €/KG","img":"https://fd9-photos.leclercdrive.fr/image.ashx?id=2859824&use=l&cat=p&typeid=i","cat":294777},{"id":126646,"n":"Gaufres de liège Lotus Chocolat au lait - 363g","p":2.98,"u":"8,21 €/KG","img":"https://fd9-photos.leclercdrive.fr/image.ashx?id=2859827&use=l&cat=p&typeid=i","cat":294777},{"id":126654,"n":"Fromage de Chèvre Saint Loup  Bûche Affinée - 180g","p":2.25,"u":"12,50 €/KG","img":"https://fd9-photos.leclercdrive.fr/image.ashx?id=2763322&use=l&cat=p&typeid=i","cat":314031},{"id":126655,"n":"Rillettes de thon aux olives  Ronde des Mers - 125g","p":1.68,"u":"13,44 €/KG","img":"https://fd9-photos.leclercdrive.fr/image.ashx?id=2436705&use=l&cat=p&typeid=i","cat":303867},{"id":126688,"n":"Serviettes Always discreet Normal x10","p":3.79,"u":"0,38 €/P","img":"https://fd9-photos.leclercdrive.fr/image.ashx?id=2570631&use=l&cat=p&typeid=i","cat":284628},{"id":126816,"n":"Escalope de poulet Le Gaulois 240g","p":4.49,"u":"18,71 €/KG","img":"https://fd9-photos.leclercdrive.fr/image.ashx?id=2304713&use=l&cat=p&typeid=i","cat":284336},{"id":126817,"n":"Filet de poulet extra tendre Le Gaulois - 300g","p":4.93,"u":"16,43 €/KG","img":"https://fd9-photos.leclercdrive.fr/image.ashx?id=2304707&use=l&cat=p&typeid=i","cat":284336},{"id":126849,"n":"Batonnets Smicy Vanille chocolat - x12 - 456g","p":3.53,"u":"7,74 €/KG","img":"https://fd9-photos.leclercdrive.fr/image.ashx?id=2051843&use=l&cat=p&typeid=i","cat":284265},{"id":126907,"n":"Pesto verde Garofalo 175g","p":2.57,"u":"14,69 €/KG","img":"https://fd9-photos.leclercdrive.fr/image.ashx?id=2884651&use=l&cat=p&typeid=i","cat":287599},{"id":126908,"n":"IGP Pesto rosso Garofalo 175g","p":2.57,"u":"14,69 €/KG","img":"https://fd9-photos.leclercdrive.fr/image.ashx?id=2884654&use=l&cat=p&typeid=i","cat":287599},{"id":126961,"n":"Kiwi jaune 1p","p":1.87,"img":"https://fd9-photos.leclercdrive.fr/image.ashx?id=1633952&use=l&cat=p&typeid=i","cat":284356},{"id":126974,"n":"Café moulu bio Bio Village Mexique - 250g","p":4.95,"u":"19,80 €/KG","img":"https://fd9-photos.leclercdrive.fr/image.ashx?id=2468882&use=l&cat=p&typeid=i","cat":284750},{"id":127017,"n":"Butternut 1p","p":2.2,"img":"https://fd9-photos.leclercdrive.fr/image.ashx?id=1631577&use=l&cat=p&typeid=i","cat":284352},{"id":127019,"n":"Potimarron 1p","p":1.5,"img":"https://fd9-photos.leclercdrive.fr/image.ashx?id=1633196&use=l&cat=p&typeid=i","cat":284352},{"id":127021,"n":"Chou blanc 1p","p":0.8,"img":"https://fd9-photos.leclercdrive.fr/image.ashx?id=560849&use=l&cat=p&typeid=i","cat":284352},{"id":127119,"n":"Farine pâtissière 2kg","p":3.67,"u":"1,84 €/KG","img":"https://fd9-photos.leclercdrive.fr/image.ashx?id=2345445&use=l&cat=p&typeid=i","cat":284503},{"id":127120,"n":"Farine bio 2kg","p":5.4,"u":"2,70 €/KG","img":"https://fd9-photos.leclercdrive.fr/image.ashx?id=2347044&use=l&cat=p&typeid=i","cat":284503},{"id":127121,"n":"Farine pizza 2kg","p":3.09,"u":"1,55 €/KG","img":"https://fd9-photos.leclercdrive.fr/image.ashx?id=2347041&use=l&cat=p&typeid=i","cat":284503},{"id":127122,"n":"Farine complète 2kg","p":3.89,"u":"1,95 €/KG","img":"https://fd9-photos.leclercdrive.fr/image.ashx?id=2347038&use=l&cat=p&typeid=i","cat":284503},{"id":127123,"n":"Farine 5 céréales 2kg","p":5.05,"u":"2,53 €/KG","img":"https://fd9-photos.leclercdrive.fr/image.ashx?id=2345442&use=l&cat=p&typeid=i","cat":284503},{"id":127225,"n":"Carottes râpées Bonduelle Echalote - 320g","p":2.43,"u":"7,59 €/KG","img":"https://fd9-photos.leclercdrive.fr/image.ashx?id=2894182&use=l&cat=p&typeid=i","cat":333657},{"id":127244,"n":"Filets de Canard Volandrie - 350g","p":6.44,"u":"18,40 €/KG","img":"https://fd9-photos.leclercdrive.fr/image.ashx?id=2903971&use=l&cat=p&typeid=i","cat":284339},{"id":127257,"n":"Farine boulangère de Courçon 2kg","p":3.42,"u":"1,71 €/KG","img":"https://fd9-photos.leclercdrive.fr/image.ashx?id=2345119&use=l&cat=p&typeid=i","cat":284503},{"id":127323,"n":"Shampoing nourrissant Fructis Hair Food banane - 350ml","p":3.49,"u":"9,97 €/L","img":"https://fd9-photos.leclercdrive.fr/image.ashx?id=2830597&use=l&cat=p&typeid=i","cat":284606},{"id":127430,"n":"Céréales fourrées P'tit Déli Chocolat au lait - 450g","p":2.58,"u":"5,73 €/KG","img":"https://fd9-photos.leclercdrive.fr/image.ashx?id=2824713&use=l&cat=p&typeid=i","cat":309513},{"id":127476,"n":"Piperade basquaise NRT 600g","p":3.7,"u":"6,17 €/KG","img":"https://fd9-photos.leclercdrive.fr/image.ashx?id=2771420&use=l&cat=p&typeid=i","cat":284441},{"id":127556,"n":"Litière chats Tranquille Cristale charbon actif - 4L","p":5.99,"u":"1,50 €/L","img":"https://fd9-photos.leclercdrive.fr/image.ashx?id=2421874&use=l&cat=p&typeid=i","cat":284683},{"id":128297,"n":"Surligneurs Grip Pastel Bic x4","p":2.85,"img":"https://fd9-photos.leclercdrive.fr/image.ashx?id=2780190&use=l&cat=p&typeid=i","cat":284696},{"id":128819,"n":"Galette Trégalette Blé noir - 6x60g","p":3.82,"u":"10,61 €/KG","img":"https://fd9-photos.leclercdrive.fr/image.ashx?id=2469701&use=l&cat=p&typeid=i","cat":333672},{"id":128826,"n":"Boisson a base de vin Don Simon Sangria blanche 1,5L","p":2.64,"u":"1,76 €/L","img":"https://fd9-photos.leclercdrive.fr/image.ashx?id=1918577&use=l&cat=p&typeid=i","cat":304569},{"id":128887,"n":"Soda Coca-Cola Verre - 6x250ml","p":5.67,"u":"3,78 €/L","img":"https://fd9-photos.leclercdrive.fr/image.ashx?id=2444465&use=l&cat=p&typeid=i","cat":284530},{"id":128976,"n":"Sucre poudre Daddy 750g","p":1.64,"u":"2,19 €/KG","img":"https://fd9-photos.leclercdrive.fr/image.ashx?id=2944699&use=l&cat=p&typeid=i","cat":284502},{"id":129003,"n":"Lait infantile 1er âge Babybio  Optima 1 Bio - 800g","p":18.98,"u":"23,73 €/KG","img":"https://fd9-photos.leclercdrive.fr/image.ashx?id=2988433&use=l&cat=p&typeid=i","cat":284726},{"id":129009,"n":"Lait de croissance Babybio Bio En poudre caprea 3 - 800g","p":24.68,"u":"30,85 €/KG","img":"https://fd9-photos.leclercdrive.fr/image.ashx?id=2733343&use=l&cat=p&typeid=i","cat":290219},{"id":129019,"n":"Chocolat Pâtissier Nestlé Dessert : Noir Bio - 170g","p":4.02,"u":"23,65 €/KG","img":"https://fd9-photos.leclercdrive.fr/image.ashx?id=2961245&use=l&cat=p&typeid=i","cat":285562},{"id":129038,"n":"Lait nature Croissance Eveil Bio - 6x1L","p":11.64,"u":"1,94 €/L","img":"https://fd9-photos.leclercdrive.fr/image.ashx?id=1915623&use=l&cat=p&typeid=i","cat":284728},{"id":129054,"n":"Haricots verts Bio Village Bio - 185g","p":2.1,"u":"11,35 €/KG","img":"https://fd9-photos.leclercdrive.fr/image.ashx?id=3002698&use=l&cat=p&typeid=i","cat":312606},{"id":129059,"n":"Epinards Jardin Bio Bio - 630g","p":3.95,"u":"6,27 €/KG","img":"https://fd9-photos.leclercdrive.fr/image.ashx?id=2918928&use=l&cat=p&typeid=i","cat":312612},{"id":129067,"n":"Lait caprea 1er âge Babybio Bio 800g","p":25.5,"u":"31,88 €/KG","img":"https://fd9-photos.leclercdrive.fr/image.ashx?id=2733337&use=l&cat=p&typeid=i","cat":284726},{"id":129162,"n":"Boisson énergisante Monster Mango Loco - 50cl","p":1.49,"u":"2,98 €/L","img":"https://fd9-photos.leclercdrive.fr/image.ashx?id=2433443&use=l&cat=p&typeid=i","cat":284533},{"id":129280,"n":"Sel équilibre Cérébos Réduit en Sodium - 350g","p":1.97,"u":"5,63 €/KG","img":"https://fd9-photos.leclercdrive.fr/image.ashx?id=2520132&use=l&cat=p&typeid=i","cat":284457},{"id":129393,"n":"Tablette Chocolat Noir Atelier Myrtille Amandes Noisettes 170g","p":3.4,"u":"20,00 €/KG","img":"https://fd9-photos.leclercdrive.fr/image.ashx?id=2663057&use=l&cat=p&typeid=i","cat":284956},{"id":129396,"n":"Tablette Chocolat Lait Nestlé  L'atelier Raisins Amandes 170g","p":3.39,"u":"19,94 €/KG","img":"https://fd9-photos.leclercdrive.fr/image.ashx?id=2663048&use=l&cat=p&typeid=i","cat":284497},{"id":129398,"n":"Tablette Chocolat Lait Nestlé  L'Atelier Noisettes 170g","p":3.39,"u":"19,94 €/KG","img":"https://fd9-photos.leclercdrive.fr/image.ashx?id=2663060&use=l&cat=p&typeid=i","cat":284497},{"id":129399,"n":"Tablette Chocolat Noir Nestlé L'Atelier Noisettes 170g","p":3.39,"u":"19,94 €/KG","img":"https://fd9-photos.leclercdrive.fr/image.ashx?id=2663063&use=l&cat=p&typeid=i","cat":284956},{"id":129440,"n":"Papier toilette Lotus just1 XXL 6=9","p":7.83,"img":"https://fd9-photos.leclercdrive.fr/image.ashx?id=2854753&use=l&cat=p&typeid=i","cat":284634},{"id":129451,"n":"Thon miettes Petit Navire Tomate Herbes de Provence 160g","p":2.36,"u":"14,75 €/KG","img":"https://fd9-photos.leclercdrive.fr/image.ashx?id=2523909&use=l&cat=p&typeid=i","cat":303867},{"id":129560,"n":"Filets cabillaud MSC 800g","p":11.98,"u":"14,98 €/KG","img":"https://fd9-photos.leclercdrive.fr/image.ashx?id=1983986&use=l&cat=p&typeid=i","cat":319786},{"id":129602,"n":"Lait demi-écrémé Grandlait Candia Bouteille - 6x25cl","p":3.93,"u":"2,62 €/L","img":"https://fd9-photos.leclercdrive.fr/image.ashx?id=2916189&use=l&cat=p&typeid=i","cat":284377},{"id":129620,"n":"Bière Ambrée 3 Monts 75cl","p":2.76,"u":"3,68 €/L","img":"https://fd9-photos.leclercdrive.fr/image.ashx?id=2548186&use=l&cat=p&typeid=i","cat":334852},{"id":129741,"n":"Salade Mix Buffet Coffret poulet avocat - 320g","p":4.46,"u":"13,94 €/KG","img":"https://fd9-photos.leclercdrive.fr/image.ashx?id=2505816&use=l&cat=p&typeid=i","cat":333657},{"id":129864,"n":"Crème glacée Ben and Jerry's  Half Baked - 406g","p":3.77,"u":"9,29 €/KG","img":"https://fd9-photos.leclercdrive.fr/image.ashx?id=3011941&use=l&cat=p&typeid=i","cat":284725},{"id":129957,"n":"AOP Côtes du Rhône rouge Combes de Saint Sauveur - BIB 3L","p":14.3,"u":"4,77 €/L","img":"https://fd9-photos.leclercdrive.fr/image.ashx?id=2985033&use=l&cat=p&typeid=i","cat":289560},{"id":129991,"n":"Yaourt au lait entier Malo Citron - 4x125g","p":2.03,"u":"4,06 €/KG","img":"https://fd9-photos.leclercdrive.fr/image.ashx?id=2908618&use=l&cat=p&typeid=i","cat":286006},{"id":130319,"n":"Mini pots Häagen-Dazs  Fruit Collection x4 - 326g","p":4.97,"u":"15,25 €/KG","img":"https://fd9-photos.leclercdrive.fr/image.ashx?id=3000159&use=l&cat=p&typeid=i","cat":284725},{"id":130334,"n":"Lessive liquide bébé Epsil 25 lavages - 1.25L","p":3.88,"u":"3,10 €/L","img":"https://fd9-photos.leclercdrive.fr/image.ashx?id=2838939&use=l&cat=p&typeid=i","cat":284640},{"id":130357,"n":"Lait Sans Lactose Candia  Bouteille 1%MG - 6x1L","p":9.16,"u":"1,53 €/L","img":"https://fd9-photos.leclercdrive.fr/image.ashx?id=2481357&use=l&cat=p&typeid=i","cat":317169},{"id":130416,"n":"IGP Cidre Réserve brut Kerisac Pur Jus. - 75cl","p":3.05,"u":"4,07 €/L","img":"https://fd9-photos.leclercdrive.fr/image.ashx?id=2600689&use=l&cat=p&typeid=i","cat":334880},{"id":130418,"n":"Cidre Réserve doux Kerisac Pur Jus. - 75cl","p":3.13,"u":"4,17 €/L","img":"https://fd9-photos.leclercdrive.fr/image.ashx?id=2684976&use=l&cat=p&typeid=i","cat":334880},{"id":130457,"n":"Portes-mines jetables Esquisse Jaune, vert, bleu - x3","p":0.85,"img":"https://fd9-photos.leclercdrive.fr/image.ashx?id=2943304&use=l&cat=p&typeid=i","cat":284696},{"id":130459,"n":"Portes-mines jetables Esquisse Bleu, violet, turquoise - x3","p":0.85,"img":"https://fd9-photos.leclercdrive.fr/image.ashx?id=1932585&use=l&cat=p&typeid=i","cat":284696},{"id":130461,"n":"Bière blonde sans alcool 1664 0,0° - 6x25cl","p":3.69,"u":"2,46 €/L","img":"https://fd9-photos.leclercdrive.fr/image.ashx?id=2120656&use=l&cat=p&typeid=i","cat":334877},{"id":130528,"n":"Croquettes Boeuf Ultima Chat stérilisé Adulte - 7.5kg","p":29.12,"u":"3,88 €/KG","img":"https://fd9-photos.leclercdrive.fr/image.ashx?id=2921906&use=l&cat=p&typeid=i","cat":284680},{"id":130600,"n":"Agrafeuse Esquisse Turquoise - +400 agrafes n°10","p":1.49,"img":"https://fd9-photos.leclercdrive.fr/image.ashx?id=1936257&use=l&cat=p&typeid=i","cat":334133},{"id":130601,"n":"Agrafeuse Esquisse Rouge - +400 agrafes n°10","p":1.49,"img":"https://fd9-photos.leclercdrive.fr/image.ashx?id=1936260&use=l&cat=p&typeid=i","cat":334133},{"id":130602,"n":"Agrafeuse Esquisse Rose - +400 agrafes n°10","p":1.49,"img":"https://fd9-photos.leclercdrive.fr/image.ashx?id=1936263&use=l&cat=p&typeid=i","cat":334133},{"id":130603,"n":"Agrafeuse Esquisse Bleu - +400 agrafes n°10","p":1.49,"img":"https://fd9-photos.leclercdrive.fr/image.ashx?id=1936266&use=l&cat=p&typeid=i","cat":334133},{"id":130667,"n":"Rôti de porc Fleury Michon Sans nitrite - x4 - 160g","p":2.82,"u":"17,63 €/KG","img":"https://fd9-photos.leclercdrive.fr/image.ashx?id=2320977&use=l&cat=p&typeid=i","cat":316009},{"id":130744,"n":"Nouilles aux oeufs Suzi Wan 250g","p":1.69,"u":"6,76 €/KG","img":"https://fd9-photos.leclercdrive.fr/image.ashx?id=2892928&use=l&cat=p&typeid=i","cat":288992},{"id":130747,"n":"Kit Tortilla Pocket Old El Paso doux - 375g","p":5.61,"u":"14,96 €/KG","img":"https://fd9-photos.leclercdrive.fr/image.ashx?id=2759514&use=l&cat=p&typeid=i","cat":288993},{"id":130752,"n":"Maquereau Petit Navire 175g Vin blanc et aromates - 175g","p":2.15,"u":"12,29 €/KG","img":"https://fd9-photos.leclercdrive.fr/image.ashx?id=2989063&use=l&cat=p&typeid=i","cat":303868},{"id":130755,"n":"Maquereau Moutarde PETIT NAVIRE Moutarde sans arome ajouté 169g","p":1.9,"u":"11,24 €/KG","img":"https://fd9-photos.leclercdrive.fr/image.ashx?id=2989060&use=l&cat=p&typeid=i","cat":303868},{"id":130759,"n":"Barres Nakd Cacahuètes Raw   Barres de Fruits & Noix 4x35g","p":2.87,"u":"20,50 €/KG","img":"https://fd9-photos.leclercdrive.fr/image.ashx?id=3005251&use=l&cat=p&typeid=i","cat":285869},{"id":130776,"n":"Confiture  Bonne Maman Fraise framboise intenses 335g","p":2.21,"u":"6,60 €/KG","img":"https://fd9-photos.leclercdrive.fr/image.ashx?id=2396378&use=l&cat=p&typeid=i","cat":284480},{"id":130788,"n":"Tablette chocolat au lait Eco+ Ménage - 5x100g","p":3.49,"u":"6,98 €/KG","img":"https://fd9-photos.leclercdrive.fr/image.ashx?id=2987461&use=l&cat=p&typeid=i","cat":284497},{"id":130789,"n":"Préparation Gâteau alsa Moelleux Nature - 435g","p":2.19,"u":"5,03 €/KG","img":"https://fd9-photos.leclercdrive.fr/image.ashx?id=2996431&use=l&cat=p&typeid=i","cat":284505},{"id":130790,"n":"Préparation Gâteau alsa Moelleux Chocolat - 435g","p":2.19,"u":"5,03 €/KG","img":"https://fd9-photos.leclercdrive.fr/image.ashx?id=2996434&use=l&cat=p&typeid=i","cat":284505},{"id":130792,"n":"Préparation Gâteau alsa Moelleux Citron - 435g","p":2.32,"u":"5,33 €/KG","img":"https://fd9-photos.leclercdrive.fr/image.ashx?id=2961864&use=l&cat=p&typeid=i","cat":284505},{"id":130804,"n":"Préparation Gâteau alsa Fondant au Chocolat - 435g","p":2.53,"u":"7,91 €/KG","img":"https://fd9-photos.leclercdrive.fr/image.ashx?id=2996437&use=l&cat=p&typeid=i","cat":284505},{"id":130805,"n":"Nappage Sainte Lucie Chocolat - 200g","p":3.06,"u":"15,30 €/KG","img":"https://fd9-photos.leclercdrive.fr/image.ashx?id=2776121&use=l&cat=p&typeid=i","cat":284504},{"id":130811,"n":"Brosse à Dents Signal Système Blancheur Medium x1","p":2.74,"img":"https://fd9-photos.leclercdrive.fr/image.ashx?id=2832539&use=l&cat=p&typeid=i","cat":284614},{"id":130812,"n":"Brosse à Dents Signal Ultra Access Medium x1","p":3.1,"img":"https://fd9-photos.leclercdrive.fr/image.ashx?id=3009263&use=l&cat=p&typeid=i","cat":284614},{"id":130815,"n":"Brosse à Dents Signal Bambou Naturel Souple x1","p":2.93,"img":"https://fd9-photos.leclercdrive.fr/image.ashx?id=2853416&use=l&cat=p&typeid=i","cat":284614},{"id":130816,"n":"Dentifrice Zendium Protection complète - 75ml","p":2.58,"img":"https://fd9-photos.leclercdrive.fr/image.ashx?id=2927711&use=l&cat=p&typeid=i","cat":284612},{"id":130830,"n":"Dessert Végétal Charles & Alice Végétal Coco Chocolat 2X110G","p":1.47,"u":"6,68 €/KG","img":"https://fd9-photos.leclercdrive.fr/image.ashx?id=2919307&use=l&cat=p&typeid=i","cat":316071},{"id":130831,"n":"Dessert Végétal Charles & Alice Végétal Coco Marron 2X110G","p":1.45,"u":"6,59 €/KG","img":"https://fd9-photos.leclercdrive.fr/image.ashx?id=2911348&use=l&cat=p&typeid=i","cat":316071},{"id":130834,"n":"Smoothie innocent énergie tropical 750ml","p":3.9,"u":"5,20 €/L","img":"https://fd9-photos.leclercdrive.fr/image.ashx?id=2181383&use=l&cat=p&typeid=i","cat":285435},{"id":130857,"n":"Truite fumée de france Ovive 100g","p":3.49,"u":"34,90 €/KG","img":"https://fd9-photos.leclercdrive.fr/image.ashx?id=2902061&use=l&cat=p&typeid=i","cat":285188},{"id":130916,"n":"Poudre à lever Bio Sainte Lucie 5x10g","p":1.94,"u":"38,80 €/KG","img":"https://fd9-photos.leclercdrive.fr/image.ashx?id=2774370&use=l&cat=p&typeid=i","cat":284504},{"id":130918,"n":"Lait bébé poudre Guigoz Evolia  2ème âge - 6-12 mois - 800g","p":14.32,"u":"17,90 €/KG","img":"https://fd9-photos.leclercdrive.fr/image.ashx?id=2737111&use=l&cat=p&typeid=i","cat":284727},{"id":130939,"n":"Dés Cheddar Petit Marché - 120g","p":2.3,"u":"19,17 €/KG","img":"https://fd9-photos.leclercdrive.fr/image.ashx?id=2303612&use=l&cat=p&typeid=i","cat":314027},{"id":131153,"n":"Serviettes 40cm 3 plis Ardence Grises - x20","p":1.38,"u":"0,07 €/P","img":"https://fd9-photos.leclercdrive.fr/image.ashx?id=1937803&use=l&cat=p&typeid=i","cat":334134},{"id":131250,"n":"Crème dessert La Laitière  Pot de crème pistache - 4x100g","p":2.59,"u":"6,48 €/KG","img":"https://fd9-photos.leclercdrive.fr/image.ashx?id=2654608&use=l&cat=p&typeid=i","cat":285041},{"id":131384,"n":"Café Soluble Nescafé Cappuccino Praline - 279g","p":4.65,"u":"16,67 €/KG","img":"https://fd9-photos.leclercdrive.fr/image.ashx?id=2985567&use=l&cat=p&typeid=i","cat":284843},{"id":131388,"n":"Capsules Starbucks by Nespresso  Colombia Int 7 - x10","p":3.37,"u":"59,12 €/KG","img":"https://fd9-photos.leclercdrive.fr/image.ashx?id=2868152&use=l&cat=p&typeid=i","cat":284749},{"id":131390,"n":"Capsules Starbucks by Nespresso  House Blend Int 8 - x10","p":3.37,"u":"59,12 €/KG","img":"https://fd9-photos.leclercdrive.fr/image.ashx?id=2868143&use=l&cat=p&typeid=i","cat":284749},{"id":131399,"n":"Café Capsules NESPRESSO int 7 Starbucks Pike Place Roast x10","p":3.58,"u":"67,55 €/KG","img":"https://fd9-photos.leclercdrive.fr/image.ashx?id=2945775&use=l&cat=p&typeid=i","cat":284749},{"id":131424,"n":"Capsules Starbucks by Nespresso  Blonde Espresso Int 6 - x10","p":3.37,"u":"63,58 €/KG","img":"https://fd9-photos.leclercdrive.fr/image.ashx?id=2868146&use=l&cat=p&typeid=i","cat":284749},{"id":131426,"n":"Capsules Starbucks by Nespresso  Espresso Roast Int 11 - x10","p":3.38,"u":"59,30 €/KG","img":"https://fd9-photos.leclercdrive.fr/image.ashx?id=2868149&use=l&cat=p&typeid=i","cat":284749},{"id":131428,"n":"Capsules Starbucks by Nespresso  Verona Int 10 - x10","p":3.43,"u":"60,18 €/KG","img":"https://fd9-photos.leclercdrive.fr/image.ashx?id=2945769&use=l&cat=p&typeid=i","cat":284749},{"id":131431,"n":"Café Capsules by DOLCE GUSTO Starbucks Caramel Macchiato 2x6","p":4.39,"u":"34,57 €/KG","img":"https://fd9-photos.leclercdrive.fr/image.ashx?id=2966785&use=l&cat=p&typeid=i","cat":293239},{"id":131767,"n":"Bonbons sans sucres Ricola Orange Menthe - 50g","p":1.53,"u":"30,60 €/KG","img":"https://fd9-photos.leclercdrive.fr/image.ashx?id=2382219&use=l&cat=p&typeid=i","cat":304256},{"id":131768,"n":"Bonbons sans sucres Ricola Menthe pomme - 50g","p":1.54,"u":"30,80 €/KG","img":"https://fd9-photos.leclercdrive.fr/image.ashx?id=2382995&use=l&cat=p&typeid=i","cat":304256},{"id":131782,"n":"Abricots demi-fruits Eco+ Sirop léger - 475 g","p":1.79,"u":"3,77 €/KG","img":"https://fd9-photos.leclercdrive.fr/image.ashx?id=2618220&use=l&cat=p&typeid=i","cat":284507},{"id":131784,"n":"Barres céréales Eco+ Choco/banane - 125g","p":0.71,"u":"5,68 €/KG","img":"https://fd9-photos.leclercdrive.fr/image.ashx?id=2791203&use=l&cat=p&typeid=i","cat":285869},{"id":131788,"n":"Barres céréales Eco+ Pomme/abricot - 125g","p":0.69,"u":"5,52 €/KG","img":"https://fd9-photos.leclercdrive.fr/image.ashx?id=2967652&use=l&cat=p&typeid=i","cat":285869},{"id":131790,"n":"Barres céréales Eco+ Chocolat & cacahuètes x6 - 126g","p":0.71,"u":"5,63 €/KG","img":"https://fd9-photos.leclercdrive.fr/image.ashx?id=2791209&use=l&cat=p&typeid=i","cat":285869},{"id":131794,"n":"Betteraves rouges 3x130g","p":1.79,"u":"4,59 €/KG","img":"https://fd9-photos.leclercdrive.fr/image.ashx?id=2537848&use=l&cat=p&typeid=i","cat":312611},{"id":131806,"n":"Céréales fourrées P'tit Déli Chocolat au lait - 450g","p":2.45,"u":"5,44 €/KG","img":"https://fd9-photos.leclercdrive.fr/image.ashx?id=2835211&use=l&cat=p&typeid=i","cat":309513},{"id":131809,"n":"Chocolat noir dégustation 100g","p":1.0,"u":"10,00 €/KG","img":"https://fd9-photos.leclercdrive.fr/image.ashx?id=2858375&use=l&cat=p&typeid=i","cat":284956},{"id":131824,"n":"Marshmallows 200g","p":0.79,"u":"3,95 €/KG","img":"https://fd9-photos.leclercdrive.fr/image.ashx?id=2761289&use=l&cat=p&typeid=i","cat":304250},{"id":131825,"n":"Mais croquant Eco+ 3x140g","p":1.66,"u":"3,95 €/KG","img":"https://fd9-photos.leclercdrive.fr/image.ashx?id=2874675&use=l&cat=p&typeid=i","cat":312611},{"id":131826,"n":"Miettes thon à la tomate Eco + 160g","p":0.77,"u":"4,81 €/KG","img":"https://fd9-photos.leclercdrive.fr/image.ashx?id=2751856&use=l&cat=p&typeid=i","cat":303867},{"id":131832,"n":"Olives vertes dénoyautées 490g","p":2.52,"u":"5,14 €/KG","img":"https://fd9-photos.leclercdrive.fr/image.ashx?id=1942575&use=l&cat=p&typeid=i","cat":284458},{"id":131834,"n":"Pain de mie Epi d'Or Extra moelleux - 500g","p":0.99,"u":"1,98 €/KG","img":"https://fd9-photos.leclercdrive.fr/image.ashx?id=2860781&use=l&cat=p&typeid=i","cat":284477},{"id":131836,"n":"Pêches demi-fruits Eco+ Sirop léger - 465 g","p":1.4,"u":"3,01 €/KG","img":"https://fd9-photos.leclercdrive.fr/image.ashx?id=2896009&use=l&cat=p&typeid=i","cat":284507},{"id":131837,"n":"Petit pain grillé Bio Village Bio - 225g","p":1.35,"u":"6,00 €/KG","img":"https://fd9-photos.leclercdrive.fr/image.ashx?id=1942727&use=l&cat=p&typeid=i","cat":284479},{"id":131855,"n":"Saucisses fumées lentilles 840g","p":1.75,"u":"2,08 €/KG","img":"https://fd9-photos.leclercdrive.fr/image.ashx?id=2664569&use=l&cat=p&typeid=i","cat":312609},{"id":131861,"n":"Sticks salés sachet Eco+ 250g","p":0.57,"u":"2,28 €/KG","img":"https://fd9-photos.leclercdrive.fr/image.ashx?id=2664572&use=l&cat=p&typeid=i","cat":297000},{"id":131868,"n":"Tartines céréales La Boulangère - 450g","p":2.01,"u":"4,47 €/KG","img":"https://fd9-photos.leclercdrive.fr/image.ashx?id=2912410&use=l&cat=p&typeid=i","cat":284477},{"id":132088,"n":"Sauce Barilla Tomates Cuisinées - 400g","p":1.63,"u":"4,08 €/KG","img":"https://fd9-photos.leclercdrive.fr/image.ashx?id=2832527&use=l&cat=p&typeid=i","cat":287599},{"id":132109,"n":"Batonnets de glace Nuii Mangue d'Inde et Noix de Coco  x4","p":4.27,"u":"14,93 €/KG","img":"https://fd9-photos.leclercdrive.fr/image.ashx?id=2506825&use=l&cat=p&typeid=i","cat":284265},{"id":132113,"n":"Tablette chocolat Villars Lait noisette - 100g","p":1.84,"u":"18,40 €/KG","img":"https://fd9-photos.leclercdrive.fr/image.ashx?id=2464273&use=l&cat=p&typeid=i","cat":284497},{"id":132192,"n":"Donut fourré choco St Michel x6 - 180g","p":1.87,"u":"10,39 €/KG","img":"https://fd9-photos.leclercdrive.fr/image.ashx?id=2949961&use=l&cat=p&typeid=i","cat":284495},{"id":132234,"n":"Flocons d'avoine Grainea 500g","p":0.84,"u":"1,68 €/KG","img":"https://fd9-photos.leclercdrive.fr/image.ashx?id=1956921&use=l&cat=p&typeid=i","cat":309512},{"id":132243,"n":"Lessive liquide couleur Epsil 25 lavages - 1.25L","p":2.54,"u":"2,03 €/L","img":"https://fd9-photos.leclercdrive.fr/image.ashx?id=2602961&use=l&cat=p&typeid=i","cat":284640},{"id":132285,"n":"Feta grecque AOP Les Croisés - Tranche - 150g","p":1.84,"u":"12,27 €/KG","img":"https://fd9-photos.leclercdrive.fr/image.ashx?id=1947122&use=l&cat=p&typeid=i","cat":314026},{"id":132290,"n":"Huile d'Olive Carapelli Extra Vierge Classico - 75cl","p":10.77,"u":"14,36 €/L","img":"https://fd9-photos.leclercdrive.fr/image.ashx?id=2737480&use=l&cat=p&typeid=i","cat":284453},{"id":132334,"n":"Tortilla Pockets Old El Paso x8 - 223g","p":3.18,"u":"14,26 €/KG","img":"https://fd9-photos.leclercdrive.fr/image.ashx?id=2737675&use=l&cat=p&typeid=i","cat":288993},{"id":132348,"n":"Delir' Pik Haribo Sachet bonbons acidulés - 275g","p":1.77,"u":"6,44 €/KG","img":"https://fd9-photos.leclercdrive.fr/image.ashx?id=2984904&use=l&cat=p&typeid=i","cat":304250},{"id":132368,"n":"Repas bébé Blédichef 15 mois Pâtes sauce tomate jambon -250g","p":1.78,"u":"7,12 €/KG","img":"https://fd9-photos.leclercdrive.fr/image.ashx?id=2643743&use=l&cat=p&typeid=i","cat":312238},{"id":132369,"n":"Repas bébé Blédichef 24 mois  Pâtes légumes cabillaud - 250g","p":1.9,"u":"7,60 €/KG","img":"https://fd9-photos.leclercdrive.fr/image.ashx?id=2644725&use=l&cat=p&typeid=i","cat":312238},{"id":132382,"n":"Sardines à la tomate Eco+ 3x125g","p":1.93,"u":"5,15 €/KG","img":"https://fd9-photos.leclercdrive.fr/image.ashx?id=2694073&use=l&cat=p&typeid=i","cat":305146},{"id":132392,"n":"Gratte éponge Spontex Longue durée - x3","p":2.05,"u":"0,68 €/P","img":"https://fd9-photos.leclercdrive.fr/image.ashx?id=2973072&use=l&cat=p&typeid=i","cat":284667},{"id":132487,"n":"Gel déboucheur Syphon Javel soude - 1L","p":1.36,"u":"1,36 €/L","img":"https://fd9-photos.leclercdrive.fr/image.ashx?id=2202476&use=l&cat=p&typeid=i","cat":284908},{"id":132585,"n":"Skyr Yoplait  Nature 0%Mg - 4x100g","p":1.97,"u":"4,93 €/KG","img":"https://fd9-photos.leclercdrive.fr/image.ashx?id=2884435&use=l&cat=p&typeid=i","cat":315000},{"id":132601,"n":"Fan of Pik Haribo  Sachet bonbons acidulés - 200g","p":1.79,"u":"8,95 €/KG","img":"https://fd9-photos.leclercdrive.fr/image.ashx?id=2789766&use=l&cat=p&typeid=i","cat":304250},{"id":132603,"n":"Fromage Abondance NRT AOP 250g","p":4.29,"u":"17,16 €/KG","img":"https://fd9-photos.leclercdrive.fr/image.ashx?id=2472686&use=l&cat=p&typeid=i","cat":314034},{"id":132621,"n":"Tablette de chocolat noir Lindt doux 85% - 100g","p":2.55,"u":"25,50 €/KG","img":"https://fd9-photos.leclercdrive.fr/image.ashx?id=2423777&use=l&cat=p&typeid=i","cat":284956},{"id":132625,"n":"Batônnets Trium Vanille Fruits rouge x4 - 286g","p":2.64,"u":"9,23 €/KG","img":"https://fd9-photos.leclercdrive.fr/image.ashx?id=2920782&use=l&cat=p&typeid=i","cat":284265},{"id":132629,"n":"Pétales de blé P'tit Déli Au chocolat - 400g","p":2.17,"u":"5,43 €/KG","img":"https://fd9-photos.leclercdrive.fr/image.ashx?id=2162738&use=l&cat=p&typeid=i","cat":309513},{"id":132795,"n":"Désinfectant Sanytol 150ml","p":3.43,"u":"22,87 €/L","img":"https://fd9-photos.leclercdrive.fr/image.ashx?id=2785412&use=l&cat=p&typeid=i","cat":285201},{"id":132808,"n":"Skyr Yoplait  Lit Fruits Rouges 0%Mg - 4x100g","p":2.21,"u":"5,53 €/KG","img":"https://fd9-photos.leclercdrive.fr/image.ashx?id=2884438&use=l&cat=p&typeid=i","cat":315000},{"id":132811,"n":"Skyr Yoplait  Sur Lit Myrtilles 0%MG - 4x100G","p":2.22,"u":"5,55 €/KG","img":"https://fd9-photos.leclercdrive.fr/image.ashx?id=2884441&use=l&cat=p&typeid=i","cat":315000},{"id":132812,"n":"Bière blonde Grimbergen Sans alcool 0,0° - 6x25cl","p":4.93,"u":"3,29 €/L","img":"https://fd9-photos.leclercdrive.fr/image.ashx?id=2334515&use=l&cat=p&typeid=i","cat":334877},{"id":132815,"n":"Skyr Yoplait  Sur Lit Citron 0%MG - 4x100g","p":2.23,"u":"5,58 €/KG","img":"https://fd9-photos.leclercdrive.fr/image.ashx?id=2317780&use=l&cat=p&typeid=i","cat":315000},{"id":132924,"n":"Crème mains Le Petit Olivier Karité - 75ml","p":2.92,"u":"38,93 €/L","img":"https://fd9-photos.leclercdrive.fr/image.ashx?id=1951721&use=l&cat=p&typeid=i","cat":325354},{"id":133039,"n":"Lessive liquide noir Epsil 25 Lavages - 1.25L","p":2.54,"u":"2,03 €/L","img":"https://fd9-photos.leclercdrive.fr/image.ashx?id=2670350&use=l&cat=p&typeid=i","cat":284640},{"id":133044,"n":"Lessive laine & soie Epsil 25 lavages - 1.25L","p":2.54,"u":"2,03 €/L","img":"https://fd9-photos.leclercdrive.fr/image.ashx?id=2842319&use=l&cat=p&typeid=i","cat":284640},{"id":133071,"n":"Contour yeux bio So Bio Etic Précieux Argan -15ml","p":11.69,"u":"779,33 €/L","img":"https://fd9-photos.leclercdrive.fr/image.ashx?id=2644244&use=l&cat=p&typeid=i","cat":325345},{"id":133073,"n":"Concentré éclat bio So Bio Etic Anti-tâches Précieux Argan-40ml","p":12.74,"u":"318,50 €/L","img":"https://fd9-photos.leclercdrive.fr/image.ashx?id=2185349&use=l&cat=p&typeid=i","cat":325345},{"id":133115,"n":"Sauce Mayomix Heinz Mix mayonnaise & ketchup - 425g","p":2.73,"u":"6,42 €/KG","img":"https://fd9-photos.leclercdrive.fr/image.ashx?id=2926936&use=l&cat=p&typeid=i","cat":318431},{"id":133121,"n":"Poisson Pané Colin Alaska Findus Céréales graines - 250g","p":2.93,"u":"11,72 €/KG","img":"https://fd9-photos.leclercdrive.fr/image.ashx?id=3008764&use=l&cat=p&typeid=i","cat":319788},{"id":133173,"n":"IGP Pays d'Oc blanc Ormes De Cambras Sauvignon 12% 75cl","p":2.93,"u":"3,91 €/L","img":"https://fd9-photos.leclercdrive.fr/image.ashx?id=2105155&use=l&cat=p&typeid=i","cat":289557},{"id":133179,"n":"Yaourt protéiné Hipro Vanille 0%mg - 2x160g","p":2.11,"u":"6,59 €/KG","img":"https://fd9-photos.leclercdrive.fr/image.ashx?id=2807414&use=l&cat=p&typeid=i","cat":315000},{"id":133185,"n":"Tourteau fromagé vache Baillon Légendes du Poitou - 250g","p":2.55,"u":"10,20 €/KG","img":"https://fd9-photos.leclercdrive.fr/image.ashx?id=1988235&use=l&cat=p&typeid=i","cat":284419},{"id":133188,"n":"Douche crème bio So Bio Etic Surgras à l'huile de coco-650ml","p":5.72,"u":"8,80 €/L","img":"https://fd9-photos.leclercdrive.fr/image.ashx?id=2891580&use=l&cat=p&typeid=i","cat":284594},{"id":133464,"n":"Shampooing Bio So Bio Etic Hibiscus Acide laurique - 250ml","p":4.18,"u":"16,72 €/L","img":"https://fd9-photos.leclercdrive.fr/image.ashx?id=2784959&use=l&cat=p&typeid=i","cat":284606},{"id":133472,"n":"Lait corps hydrate So Bio Etic Aloe vera bio extra-doux -200ml","p":6.16,"u":"30,80 €/L","img":"https://fd9-photos.leclercdrive.fr/image.ashx?id=2505558&use=l&cat=p&typeid=i","cat":325349},{"id":133475,"n":"Lait corps nourrit So Bio Etic Surgras Karité bio - 200ml","p":6.16,"u":"30,80 €/L","img":"https://fd9-photos.leclercdrive.fr/image.ashx?id=2997010&use=l&cat=p&typeid=i","cat":325349},{"id":133582,"n":"Steack Haché Charolais 12% Charal - 260g","p":5.66,"u":"21,77 €/KG","img":"https://fd9-photos.leclercdrive.fr/image.ashx?id=1956886&use=l&cat=p&typeid=i","cat":284332},{"id":134047,"n":"Barres de céréales Lion Chocolat caramel - 12x25g","p":3.79,"u":"12,63 €/KG","img":"https://fd9-photos.leclercdrive.fr/image.ashx?id=2846787&use=l&cat=p&typeid=i","cat":285869},{"id":134065,"n":"Porte-mines jetables Siplec 0.7mm - x3","p":0.85,"img":"https://fd9-photos.leclercdrive.fr/image.ashx?id=2943232&use=l&cat=p&typeid=i","cat":284696},{"id":134088,"n":"Applicateur express Baranne Noir - 75ml","p":2.83,"u":"3,77 €/L","img":"https://fd9-photos.leclercdrive.fr/image.ashx?id=2367883&use=l&cat=p&typeid=i","cat":285201},{"id":134117,"n":"Foie gras de canard entier  Maison Montfort - 320g","p":28.95,"u":"90,47 €/KG","img":"https://fd9-photos.leclercdrive.fr/image.ashx?id=2730997&use=l&cat=p&typeid=i","cat":316008},{"id":134118,"n":"Foie gras de canard J.Larnaudie Ma création coque - 220g","p":30.95,"u":"140,68 €/KG","img":"https://fd9-photos.leclercdrive.fr/image.ashx?id=2916785&use=l&cat=p&typeid=i","cat":316008},{"id":134121,"n":"Poivre noir moulu Eco+ 44g","p":0.55,"u":"12,50 €/KG","img":"https://fd9-photos.leclercdrive.fr/image.ashx?id=2717246&use=l&cat=p&typeid=i","cat":284457},{"id":134122,"n":"Poivre noir moulu Eco+ 90g","p":1.15,"u":"12,78 €/KG","img":"https://fd9-photos.leclercdrive.fr/image.ashx?id=2836307&use=l&cat=p&typeid=i","cat":284457},{"id":134124,"n":"Velouté PurSoup' Liebig Poireaux pomme de terre - 1L","p":2.11,"u":"2,11 €/L","img":"https://fd9-photos.leclercdrive.fr/image.ashx?id=2864324&use=l&cat=p&typeid=i","cat":284462},{"id":134131,"n":"Soupe liquide brique Liebig  Velouté de Tomates - 1L","p":2.26,"u":"2,26 €/L","img":"https://fd9-photos.leclercdrive.fr/image.ashx?id=2759439&use=l&cat=p&typeid=i","cat":284462},{"id":134152,"n":"Biscuits Kinder Happy Hippo Au lait et au cacao - 103,5g","p":1.58,"u":"15,19 €/KG","img":"https://fd9-photos.leclercdrive.fr/image.ashx?id=2454499&use=l&cat=p&typeid=i","cat":284488},{"id":134162,"n":"Fromage frais nature Eco+ 9%mg - 6x60g","p":0.93,"u":"2,58 €/KG","img":"https://fd9-photos.leclercdrive.fr/image.ashx?id=2722372&use=l&cat=p&typeid=i","cat":284409},{"id":134165,"n":"Yaourt à la Grecque Délisse Stracciatella - 4x150g","p":2.39,"u":"3,98 €/KG","img":"https://fd9-photos.leclercdrive.fr/image.ashx?id=1960716&use=l&cat=p&typeid=i","cat":314999},{"id":134194,"n":"Yaourt aromatisé Perle de Lait Lit de Mangue Passion - 4x125g","p":2.41,"u":"4,82 €/P","img":"https://fd9-photos.leclercdrive.fr/image.ashx?id=2989213&use=l&cat=p&typeid=i","cat":314999},{"id":134249,"n":"Blé express cuisiné Ebly  Tomate et basilic - 220g","p":1.83,"u":"8,32 €/KG","img":"https://fd9-photos.leclercdrive.fr/image.ashx?id=1963877&use=l&cat=p&typeid=i","cat":287600},{"id":134252,"n":"Feuilleté de mousse la Laitière Chocolat noir - 4x57g","p":1.69,"u":"7,41 €/KG","img":"https://fd9-photos.leclercdrive.fr/image.ashx?id=2875960&use=l&cat=p&typeid=i","cat":284417},{"id":134257,"n":"Corn Flakes Grainéa Nature - 500g","p":2.08,"u":"4,16 €/KG","img":"https://fd9-photos.leclercdrive.fr/image.ashx?id=2617249&use=l&cat=p&typeid=i","cat":309513},{"id":134317,"n":"Biscuit Croc Break P'tit Déli Goût Chocolat - 300g","p":1.15,"u":"3,83 €/KG","img":"https://fd9-photos.leclercdrive.fr/image.ashx?id=2390431&use=l&cat=p&typeid=i","cat":284488},{"id":134319,"n":"Biscuit Croc Break P'tit Déli Goût Tout Chocolat - 300g","p":1.17,"u":"3,90 €/KG","img":"https://fd9-photos.leclercdrive.fr/image.ashx?id=2708898&use=l&cat=p&typeid=i","cat":284488},{"id":134331,"n":"Muesli croustillant Grainéa Chocolat noir - 500g","p":2.29,"u":"4,58 €/KG","img":"https://fd9-photos.leclercdrive.fr/image.ashx?id=2375858&use=l&cat=p&typeid=i","cat":309512},{"id":134333,"n":"Muesli croustillant Grainéa Noix - 500g","p":2.02,"u":"4,04 €/KG","img":"https://fd9-photos.leclercdrive.fr/image.ashx?id=2368653&use=l&cat=p&typeid=i","cat":309512},{"id":134336,"n":"Muesli croustillant Grainéa  Aux fruits - 500g","p":1.87,"u":"3,74 €/KG","img":"https://fd9-photos.leclercdrive.fr/image.ashx?id=2371557&use=l&cat=p&typeid=i","cat":309512},{"id":134352,"n":"Muesli croustillant Grainéa  Fraise - 500g","p":2.27,"u":"4,54 €/KG","img":"https://fd9-photos.leclercdrive.fr/image.ashx?id=2374600&use=l&cat=p&typeid=i","cat":309512},{"id":134353,"n":"Muesli croustillant Grainéa Chocolat lait - 500g","p":2.27,"u":"4,54 €/KG","img":"https://fd9-photos.leclercdrive.fr/image.ashx?id=2363805&use=l&cat=p&typeid=i","cat":309512},{"id":134398,"n":"Saucisson Fuet d'Olot 150g","p":2.36,"u":"15,73 €/KG","img":"https://fd9-photos.leclercdrive.fr/image.ashx?id=1971722&use=l&cat=p&typeid=i","cat":316006},{"id":134521,"n":"Sauce Rouille Bénédicta - 260g","p":1.5,"u":"5,77 €/KG","img":"https://fd9-photos.leclercdrive.fr/image.ashx?id=2341056&use=l&cat=p&typeid=i","cat":318430},{"id":134534,"n":"Café en grains L'OR Absolu N° 7 1kg","p":18.99,"u":"18,99 €/KG","img":"https://fd9-photos.leclercdrive.fr/image.ashx?id=2716837&use=l&cat=p&typeid=i","cat":293237},{"id":134576,"n":"Bicarbonate de soude Biovie 500g","p":3.1,"u":"6,20 €/KG","img":"https://fd9-photos.leclercdrive.fr/image.ashx?id=2990706&use=l&cat=p&typeid=i","cat":325365},{"id":134577,"n":"Vinaigre ménager Biovie 12° - 1L","p":1.99,"u":"1,99 €/L","img":"https://fd9-photos.leclercdrive.fr/image.ashx?id=2967857&use=l&cat=p&typeid=i","cat":325365},{"id":134676,"n":"Friandises chien Pedigree  Schmackos multi mix x20 - 144g","p":2.17,"u":"15,07 €/KG","img":"https://fd9-photos.leclercdrive.fr/image.ashx?id=2338579&use=l&cat=p&typeid=i","cat":294527},{"id":134677,"n":"Friandise petit chien Pedigree  Os à mâcher x4 - 160g","p":2.19,"u":"13,69 €/KG","img":"https://fd9-photos.leclercdrive.fr/image.ashx?id=2997253&use=l&cat=p&typeid=i","cat":294527},{"id":134678,"n":"Friandise moyen chien Pedigree Os à mâcher x2 - 180g","p":2.32,"u":"12,89 €/KG","img":"https://fd9-photos.leclercdrive.fr/image.ashx?id=2981710&use=l&cat=p&typeid=i","cat":294527},{"id":134680,"n":"Biscuits chien Pedigree Markies fourrés - 1,5kg","p":5.03,"u":"3,35 €/KG","img":"https://fd9-photos.leclercdrive.fr/image.ashx?id=2109671&use=l&cat=p&typeid=i","cat":294527},{"id":134688,"n":"Compote Charles & Alice Pommes Pruneaux - 4x100g","p":1.71,"u":"4,28 €/KG","img":"https://fd9-photos.leclercdrive.fr/image.ashx?id=2757335&use=l&cat=p&typeid=i","cat":284416},{"id":134735,"n":"Doonuts nappés Saint michel 360g","p":3.35,"u":"9,31 €/KG","img":"https://fd9-photos.leclercdrive.fr/image.ashx?id=2986275&use=l&cat=p&typeid=i","cat":284495},{"id":134737,"n":"Pate à tartiner Curly Onctueux - 340g","p":3.69,"u":"10,85 €/KG","img":"https://fd9-photos.leclercdrive.fr/image.ashx?id=2176275&use=l&cat=p&typeid=i","cat":284481},{"id":134743,"n":"Foie gras canard entier France Ma création Larnaudie - 220g","p":32.87,"u":"149,41 €/KG","img":"https://fd9-photos.leclercdrive.fr/image.ashx?id=2916782&use=l&cat=p&typeid=i","cat":316008},{"id":134748,"n":"Asperges blanches Eco+ Miniatures - 125g","p":0.99,"u":"7,92 €/KG","img":"https://fd9-photos.leclercdrive.fr/image.ashx?id=2661076&use=l&cat=p&typeid=i","cat":312611},{"id":134754,"n":"Café moulu Bio Village Guatémala Bio - 250g","p":4.9,"u":"19,60 €/KG","img":"https://fd9-photos.leclercdrive.fr/image.ashx?id=2468879&use=l&cat=p&typeid=i","cat":284750},{"id":134757,"n":"Chocolat noir Bio Village Quinoa caramélisé Bio - 100g","p":1.95,"u":"19,50 €/KG","img":"https://fd9-photos.leclercdrive.fr/image.ashx?id=1965926&use=l&cat=p&typeid=i","cat":284956},{"id":134758,"n":"Compote Allégée en sucres Eco+ Coupelle pomme banane - 4x100g","p":0.58,"u":"1,45 €/KG","img":"https://fd9-photos.leclercdrive.fr/image.ashx?id=2953191&use=l&cat=p&typeid=i","cat":284508},{"id":134760,"n":"Confiture extra bio Bio Village Figues - 370g","p":2.31,"u":"6,24 €/KG","img":"https://fd9-photos.leclercdrive.fr/image.ashx?id=2459593&use=l&cat=p&typeid=i","cat":284480},{"id":134770,"n":"Compote bio Bio Village Gourdes multivariétés - 12x90g","p":6.35,"u":"5,88 €/KG","img":"https://fd9-photos.leclercdrive.fr/image.ashx?id=1965920&use=l&cat=p&typeid=i","cat":284508},{"id":134774,"n":"Pur jus de citron jaune - 50 cl jaune - 50 cl","p":2.39,"u":"4,78 €/L","img":"https://fd9-photos.leclercdrive.fr/image.ashx?id=3010449&use=l&cat=p&typeid=i","cat":288383},{"id":134775,"n":"Lait de coco Bio Village Bio - 200ml","p":1.29,"u":"6,45 €/L","img":"https://fd9-photos.leclercdrive.fr/image.ashx?id=1965929&use=l&cat=p&typeid=i","cat":288992},{"id":134777,"n":"Macaronis Bio Village Bio - 500g","p":1.19,"u":"2,38 €/KG","img":"https://fd9-photos.leclercdrive.fr/image.ashx?id=2624923&use=l&cat=p&typeid=i","cat":284429},{"id":134781,"n":"Pain de mie complet Bio Village Grandes tranches Bio - 500g","p":1.7,"u":"3,40 €/KG","img":"https://fd9-photos.leclercdrive.fr/image.ashx?id=2302734&use=l&cat=p&typeid=i","cat":284477},{"id":134786,"n":"Potage poule aux vermicelles Eco+ - 56g","p":0.33,"u":"5,89 €/KG","img":"https://fd9-photos.leclercdrive.fr/image.ashx?id=2663260&use=l&cat=p&typeid=i","cat":284463},{"id":134787,"n":"Ravioli bœuf Bio village Bio 700g","p":3.7,"u":"5,29 €/KG","img":"https://fd9-photos.leclercdrive.fr/image.ashx?id=2717255&use=l&cat=p&typeid=i","cat":284442},{"id":134788,"n":"Spaghetti complets Bio Village Bio - 500g","p":0.89,"u":"1,78 €/KG","img":"https://fd9-photos.leclercdrive.fr/image.ashx?id=2503308&use=l&cat=p&typeid=i","cat":284429},{"id":134792,"n":"Thon blanc Pêche océan MSC Entier nature - France - 112g","p":2.75,"u":"24,55 €/KG","img":"https://fd9-photos.leclercdrive.fr/image.ashx?id=2982913&use=l&cat=p&typeid=i","cat":303867},{"id":134793,"n":"Toasts fins nature Epi d'Or 100g","p":1.65,"u":"16,50 €/KG","img":"https://fd9-photos.leclercdrive.fr/image.ashx?id=2696283&use=l&cat=p&typeid=i","cat":285454},{"id":134794,"n":"Toasts fins sésame Epi d'Or 100g","p":1.65,"u":"16,50 €/KG","img":"https://fd9-photos.leclercdrive.fr/image.ashx?id=2705092&use=l&cat=p&typeid=i","cat":285454},{"id":134796,"n":"Tomates entières pelées Eco+ 240g","p":0.55,"u":"2,29 €/KG","img":"https://fd9-photos.leclercdrive.fr/image.ashx?id=2074927&use=l&cat=p&typeid=i","cat":312608},{"id":134797,"n":"Tuiles goût barbecue Tokapi 170g","p":1.39,"u":"8,18 €/KG","img":"https://fd9-photos.leclercdrive.fr/image.ashx?id=2632891&use=l&cat=p&typeid=i","cat":287899},{"id":134811,"n":"Pur jus d'orange Eco + Brique - 2l","p":3.14,"u":"1,57 €/L","img":"https://fd9-photos.leclercdrive.fr/image.ashx?id=2751859&use=l&cat=p&typeid=i","cat":284521},{"id":134815,"n":"Pur jus 4 agrumes Eco +  1L","p":1.43,"u":"1,43 €/L","img":"https://fd9-photos.leclercdrive.fr/image.ashx?id=2762943&use=l&cat=p&typeid=i","cat":284917},{"id":134816,"n":"Jus d'orange ABC Eco + Brique - 1L","p":1.3,"u":"1,30 €/L","img":"https://fd9-photos.leclercdrive.fr/image.ashx?id=2595049&use=l&cat=p&typeid=i","cat":284521},{"id":134817,"n":"Jus de pamplemousse rose Eco + ABC - 1L","p":0.98,"u":"0,98 €/L","img":"https://fd9-photos.leclercdrive.fr/image.ashx?id=2802266&use=l&cat=p&typeid=i","cat":284914},{"id":134819,"n":"Nectar d'orange Eco + Brique - 2L","p":1.83,"u":"0,92 €/L","img":"https://fd9-photos.leclercdrive.fr/image.ashx?id=2461372&use=l&cat=p&typeid=i","cat":284521},{"id":134829,"n":"Bière forte 7.9% Millbrau 50CL","p":0.85,"u":"1,70 €/L","img":"https://fd9-photos.leclercdrive.fr/image.ashx?id=2955581&use=l&cat=p&typeid=i","cat":334853},{"id":134858,"n":"Brosse à dent enfant Dentamyl Clignotante licorne - 1 pièce","p":1.99,"img":"https://fd9-photos.leclercdrive.fr/image.ashx?id=1965773&use=l&cat=p&typeid=i","cat":288897},{"id":134989,"n":"Amora Cornichons Extra-Fins Bocal Croq'Vert 370g","p":2.78,"u":"7,51 €/KG","img":"https://fd9-photos.leclercdrive.fr/image.ashx?id=2670911&use=l&cat=p&typeid=i","cat":284458},{"id":134990,"n":"Amora Vinaigre de Vin rouge Bouteille 600ml","p":2.19,"u":"3,65 €/L","img":"https://fd9-photos.leclercdrive.fr/image.ashx?id=2279588&use=l&cat=p&typeid=i","cat":298543},{"id":135004,"n":"Baba au rhum Bonne Maman 2x140g","p":2.23,"u":"7,96 €/P","img":"https://fd9-photos.leclercdrive.fr/image.ashx?id=2912329&use=l&cat=p&typeid=i","cat":284419},{"id":135102,"n":"Salade & Cie Sodebo Auvergnate Jambon Bleu Noix Pâtes 320g","p":4.13,"u":"12,91 €/KG","img":"https://fd9-photos.leclercdrive.fr/image.ashx?id=2795716&use=l&cat=p&typeid=i","cat":333657},{"id":135104,"n":"Salade & Cie Sodebo Brooklyn Poulet Rôti Pâtes - 320g","p":4.03,"u":"12,59 €/KG","img":"https://fd9-photos.leclercdrive.fr/image.ashx?id=2795719&use=l&cat=p&typeid=i","cat":333657},{"id":135133,"n":"Moelleux au chocolat Equador 4x80g","p":2.99,"u":"24,92 €/KG","img":"https://fd9-photos.leclercdrive.fr/image.ashx?id=2529614&use=l&cat=p&typeid=i","cat":284419},{"id":135136,"n":"Coeur fondant chocolat Equador 2x90g","p":2.13,"u":"11,83 €/KG","img":"https://fd9-photos.leclercdrive.fr/image.ashx?id=1979707&use=l&cat=p&typeid=i","cat":284419},{"id":135179,"n":"Sauce béchamel Bridélice 50cl","p":2.57,"u":"5,14 €/L","img":"https://fd9-photos.leclercdrive.fr/image.ashx?id=2904718&use=l&cat=p&typeid=i","cat":284382},{"id":135180,"n":"Crème légère fluide Bridélice 12% - 2x25cl","p":2.71,"u":"5,42 €/L","img":"https://fd9-photos.leclercdrive.fr/image.ashx?id=2911291&use=l&cat=p&typeid=i","cat":284381},{"id":135191,"n":"Yaourt aromatisé sucré Eco+ Pack 12x125g","p":1.86,"u":"1,24 €/KG","img":"https://fd9-photos.leclercdrive.fr/image.ashx?id=2759774&use=l&cat=p&typeid=i","cat":286006},{"id":135196,"n":"Flan vanille Eco+ Nappé caramel - 12x100g","p":1.77,"u":"1,48 €/KG","img":"https://fd9-photos.leclercdrive.fr/image.ashx?id=2935211&use=l&cat=p&typeid=i","cat":284420},{"id":135201,"n":"Matière grasse bio St Hubert Doux 55%MG - 230g","p":1.93,"u":"8,39 €/KG","img":"https://fd9-photos.leclercdrive.fr/image.ashx?id=2886097&use=l&cat=p&typeid=i","cat":315229},{"id":135229,"n":"Emmental rapé Eco+ 29%mg - 1kg","p":7.39,"u":"7,39 €/KG","img":"https://fd9-photos.leclercdrive.fr/image.ashx?id=2587097&use=l&cat=p&typeid=i","cat":314035},{"id":135246,"n":"Crème fraiche Eco+ Légère - 15% MG - 50cl","p":1.35,"u":"2,70 €/L","img":"https://fd9-photos.leclercdrive.fr/image.ashx?id=2831568&use=l&cat=p&typeid=i","cat":284381},{"id":135247,"n":"Fromage fondu Eco+ 17%mg - x10 - 200g","p":1.08,"u":"5,40 €/KG","img":"https://fd9-photos.leclercdrive.fr/image.ashx?id=2652290&use=l&cat=p&typeid=i","cat":314028},{"id":135251,"n":"Yaourt nature sucré Yoplait - 8x125g","p":2.04,"u":"2,04 €/KG","img":"https://fd9-photos.leclercdrive.fr/image.ashx?id=2796830&use=l&cat=p&typeid=i","cat":284409},{"id":135278,"n":"Fromage blanc aromatisé Eco+ 2.8%MG - 12x60g","p":1.79,"u":"2,49 €/KG","img":"https://fd9-photos.leclercdrive.fr/image.ashx?id=2794817&use=l&cat=p&typeid=i","cat":284409},{"id":135294,"n":"Crème dessert Eco+ Chocolat - 4x125g","p":0.74,"u":"1,48 €/KG","img":"https://fd9-photos.leclercdrive.fr/image.ashx?id=3003046&use=l&cat=p&typeid=i","cat":285041},{"id":135295,"n":"Tranchette de gouda Eco+ 28%mg - 300g","p":2.53,"u":"8,43 €/KG","img":"https://fd9-photos.leclercdrive.fr/image.ashx?id=1974470&use=l&cat=p&typeid=i","cat":314028},{"id":135296,"n":"Fromage mi-chèvre Eco+ 23%mg - 180g","p":1.65,"u":"9,17 €/KG","img":"https://fd9-photos.leclercdrive.fr/image.ashx?id=2744356&use=l&cat=p&typeid=i","cat":314031},{"id":135299,"n":"Pilon de poulet blanc Eco+ 800g","p":3.79,"u":"4,74 €/KG","img":"https://fd9-photos.leclercdrive.fr/image.ashx?id=2079511&use=l&cat=p&typeid=i","cat":284336},{"id":135301,"n":"Hauts de cuisse Eco+ Poulet blanc - 1kg","p":4.49,"u":"4,49 €/KG","img":"https://fd9-photos.leclercdrive.fr/image.ashx?id=2858971&use=l&cat=p&typeid=i","cat":284336},{"id":135343,"n":"Râpé 3 fromages Les Croisés  Format familial - 350g","p":3.12,"u":"8,91 €/KG","img":"https://fd9-photos.leclercdrive.fr/image.ashx?id=2959734&use=l&cat=p&typeid=i","cat":314035},{"id":135359,"n":"Sandwich Maxi Côté Snack Jambon beurre - 190g","p":1.65,"u":"8,68 €/KG","img":"https://fd9-photos.leclercdrive.fr/image.ashx?id=2729293&use=l&cat=p&typeid=i","cat":333658},{"id":135377,"n":"Rôti de boeuf **           1.1kg","p":22.9,"u":"20,82 €/KG","img":"https://fd9-photos.leclercdrive.fr/image.ashx?id=1495728&use=l&cat=p&typeid=i","cat":284328},{"id":135444,"n":"Croco Baby -30% de sucre Haribo Sachet bonbons - 165g","p":2.04,"u":"12,36 €/KG","img":"https://fd9-photos.leclercdrive.fr/image.ashx?id=2806111&use=l&cat=p&typeid=i","cat":304250},{"id":135454,"n":"Brioche tranchée Harrys Nature sans additif Maxi - 680g","p":3.29,"u":"4,84 €/KG","img":"https://fd9-photos.leclercdrive.fr/image.ashx?id=2503022&use=l&cat=p&typeid=i","cat":284478},{"id":135456,"n":"Brioche tranchée Harrys Nature / Sans additifs - 485 g","p":2.38,"u":"4,91 €/KG","img":"https://fd9-photos.leclercdrive.fr/image.ashx?id=2503019&use=l&cat=p&typeid=i","cat":284478},{"id":135458,"n":"Brioche tranchée nature Harrys Allégée en sucre - 485g","p":2.97,"u":"6,12 €/KG","img":"https://fd9-photos.leclercdrive.fr/image.ashx?id=2503031&use=l&cat=p&typeid=i","cat":284478},{"id":135459,"n":"Brioche Tranchée Harrys Pépites de chocolat - 485g","p":2.93,"u":"6,04 €/KG","img":"https://fd9-photos.leclercdrive.fr/image.ashx?id=2503028&use=l&cat=p&typeid=i","cat":284478},{"id":135476,"n":"Fromage à Tartiner Tartare  Ail et Fines Herbes - 150g","p":1.89,"u":"12,60 €/KG","img":"https://fd9-photos.leclercdrive.fr/image.ashx?id=2243365&use=l&cat=p&typeid=i","cat":314029},{"id":135534,"n":"Bûchettes chocolat noir cerise Les Chevaliers d'Argouges  150g","p":6.85,"u":"45,67 €/KG","img":"https://fd9-photos.leclercdrive.fr/image.ashx?id=2842738&use=l&cat=p&typeid=i","cat":327601},{"id":135535,"n":"Chocolat noir Les orangettes Les Chevaliers d'Argouges  190g","p":7.85,"u":"41,32 €/KG","img":"https://fd9-photos.leclercdrive.fr/image.ashx?id=2842729&use=l&cat=p&typeid=i","cat":327601},{"id":135536,"n":"Chocolat tranche d'oranges Les Chevalier d'Argouges - 180g","p":8.47,"u":"47,06 €/KG","img":"https://fd9-photos.leclercdrive.fr/image.ashx?id=2841415&use=l&cat=p&typeid=i","cat":327601},{"id":135758,"n":"Jambon Supérieur VPF Tradilège A l'étouffée Découennéx10 -400g","p":5.13,"u":"12,83 €/KG","img":"https://fd9-photos.leclercdrive.fr/image.ashx?id=1986838&use=l&cat=p&typeid=i","cat":316009},{"id":136381,"n":"Calendrier de l'Avent Kinder Lutin avec écureuils - 234g","p":11.27,"u":"48,16 €/KG","img":"https://fd9-photos.leclercdrive.fr/image.ashx?id=1984801&use=l&cat=p&typeid=i","cat":336112},{"id":136445,"n":"Gateau marbré Savane Chocolat - 310g","p":2.55,"u":"8,23 €/KG","img":"https://fd9-photos.leclercdrive.fr/image.ashx?id=2870719&use=l&cat=p&typeid=i","cat":294776},{"id":136457,"n":"Pain grillé original Pasquier 415g","p":1.92,"u":"4,63 €/KG","img":"https://fd9-photos.leclercdrive.fr/image.ashx?id=2943957&use=l&cat=p&typeid=i","cat":284479},{"id":136579,"n":"Soupe liquide brique Liebig  Velouté de 12 légumes - 1L","p":1.97,"u":"1,97 €/L","img":"https://fd9-photos.leclercdrive.fr/image.ashx?id=2172645&use=l&cat=p&typeid=i","cat":284462},{"id":136580,"n":"Soupe liquide brique Liebig  Mouliné de 12 légumes - 1L","p":2.68,"u":"2,68 €/L","img":"https://fd9-photos.leclercdrive.fr/image.ashx?id=2172642&use=l&cat=p&typeid=i","cat":284462},{"id":136598,"n":"Compote Bio Village Gourdes Pomme bio - 12x90g","p":5.25,"u":"4,86 €/KG","img":"https://fd9-photos.leclercdrive.fr/image.ashx?id=2330517&use=l&cat=p&typeid=i","cat":284508},{"id":136627,"n":"Pad Thai Céréal Bio  Bio repas express - 220g","p":2.52,"u":"11,45 €/KG","img":"https://fd9-photos.leclercdrive.fr/image.ashx?id=2574089&use=l&cat=p&typeid=i","cat":288992},{"id":136638,"n":"Biscuit cacao céréales Gerblé   - 160g","p":2.55,"u":"15,94 €/KG","img":"https://fd9-photos.leclercdrive.fr/image.ashx?id=2810798&use=l&cat=p&typeid=i","cat":318651},{"id":136645,"n":"Blé gourmand l'Original Ebly Cuisson 10min - 1kg","p":2.6,"u":"2,60 €/KG","img":"https://fd9-photos.leclercdrive.fr/image.ashx?id=2286278&use=l&cat=p&typeid=i","cat":284429},{"id":136659,"n":"Pâtes fraîches Spaetzle Stoeffler - 300g","p":2.92,"u":"9,73 €/KG","img":"https://fd9-photos.leclercdrive.fr/image.ashx?id=2767522&use=l&cat=p&typeid=i","cat":333682},{"id":136692,"n":"Orangettes Révillon Chocolat - 185g","p":9.0,"u":"48,65 €/KG","img":"https://fd9-photos.leclercdrive.fr/image.ashx?id=2966971&use=l&cat=p&typeid=i","cat":327601},{"id":136755,"n":"Tomates rondes grappe HVE Panier du Primeur - 750g","p":2.49,"u":"3,32 €/KG","img":"https://fd9-photos.leclercdrive.fr/image.ashx?id=2376064&use=l&cat=p&typeid=i","cat":284352},{"id":136761,"n":"Attache sapin Père Noël Rohan Aluminium - 200g","p":4.8,"u":"24,00 €/KG","img":"https://fd9-photos.leclercdrive.fr/image.ashx?id=2863461&use=l&cat=p&typeid=i","cat":327592},{"id":136767,"n":"Boite de chocolat Côte d'Or Bouchée au lait - 197g","p":6.37,"u":"32,34 €/KG","img":"https://fd9-photos.leclercdrive.fr/image.ashx?id=2792942&use=l&cat=p&typeid=i","cat":327595},{"id":136808,"n":"Biscuit pistache abricot Gerblé  - 160g","p":2.48,"u":"15,50 €/KG","img":"https://fd9-photos.leclercdrive.fr/image.ashx?id=2812711&use=l&cat=p&typeid=i","cat":318651},{"id":136813,"n":"Biscuits Bruges Delacre Boîte Assortiment - 200g","p":2.74,"u":"13,70 €/KG","img":"https://fd9-photos.leclercdrive.fr/image.ashx?id=2867966&use=l&cat=p&typeid=i","cat":284490},{"id":136907,"n":"Mini Roc Côte d'Or Chocolat au lait - 195g","p":7.49,"u":"38,41 €/KG","img":"https://fd9-photos.leclercdrive.fr/image.ashx?id=2488088&use=l&cat=p&typeid=i","cat":327595},{"id":136910,"n":"Mini Roc Côte d'Or Chocolat au noir - 195g","p":7.97,"u":"40,87 €/KG","img":"https://fd9-photos.leclercdrive.fr/image.ashx?id=2244136&use=l&cat=p&typeid=i","cat":327595},{"id":136925,"n":"Mini bouchée truffé Côte d'Or Chocolat noir - 158g","p":6.37,"u":"40,32 €/KG","img":"https://fd9-photos.leclercdrive.fr/image.ashx?id=2922173&use=l&cat=p&typeid=i","cat":327600},{"id":137060,"n":"Compote Bio Village Gourdes Pomme bio - 4x90g","p":1.91,"u":"5,31 €/KG","img":"https://fd9-photos.leclercdrive.fr/image.ashx?id=2619755&use=l&cat=p&typeid=i","cat":284508},{"id":137070,"n":"Petits pois Bio Village Bio - 420g","p":2.35,"u":"5,60 €/KG","img":"https://fd9-photos.leclercdrive.fr/image.ashx?id=3002707&use=l&cat=p&typeid=i","cat":312607},{"id":137244,"n":"Huile d'Olive vierge  Cauvin Extra Bio - 75cl","p":10.04,"u":"13,39 €/L","img":"https://fd9-photos.leclercdrive.fr/image.ashx?id=2498356&use=l&cat=p&typeid=i","cat":284453},{"id":137289,"n":"Yaourt à boire Ptit Yop Aromatisé Framboise - 6x180g","p":2.65,"u":"2,45 €/KG","img":"https://fd9-photos.leclercdrive.fr/image.ashx?id=2951797&use=l&cat=p&typeid=i","cat":284415},{"id":137298,"n":"Yaourt à boire Ptit Yop Aromatisé Panaché - 6x180g","p":2.62,"u":"2,43 €/KG","img":"https://fd9-photos.leclercdrive.fr/image.ashx?id=2985168&use=l&cat=p&typeid=i","cat":284415},{"id":137342,"n":"Calendrier de l'Avent Kinder Chalet père noël 234g","p":11.27,"u":"48,16 €/KG","img":"https://fd9-photos.leclercdrive.fr/image.ashx?id=1984804&use=l&cat=p&typeid=i","cat":336112},{"id":137384,"n":"Déodorant bille Men Expert Efficacité 48h - 50ml","p":2.55,"u":"51,00 €/L","img":"https://fd9-photos.leclercdrive.fr/image.ashx?id=2300512&use=l&cat=p&typeid=i","cat":284618},{"id":137388,"n":"Gel Douche Bio Sans Savon Cadum Huile d'Amandes Douces - 500ml","p":2.14,"u":"4,28 €/L","img":"https://fd9-photos.leclercdrive.fr/image.ashx?id=2575627&use=l&cat=p&typeid=i","cat":284594},{"id":137433,"n":"Shampooing Fructis Hairfood Macadamia - 350ml","p":6.56,"u":"18,74 €/L","img":"https://fd9-photos.leclercdrive.fr/image.ashx?id=2317251&use=l&cat=p&typeid=i","cat":284606},{"id":137436,"n":"Masque Protection Couleur Elsève Color-Vive - 310ml","p":4.93,"u":"15,90 €/L","img":"https://fd9-photos.leclercdrive.fr/image.ashx?id=2865875&use=l&cat=p&typeid=i","cat":284608},{"id":137437,"n":"gateau Savane Brossard Chocolat - 310g","p":2.54,"u":"8,19 €/KG","img":"https://fd9-photos.leclercdrive.fr/image.ashx?id=2976836&use=l&cat=p&typeid=i","cat":294776},{"id":137440,"n":"Maïs Bonduelle Sans Sucres Ajoutés 3x140g","p":2.04,"u":"4,86 €/KG","img":"https://fd9-photos.leclercdrive.fr/image.ashx?id=2996524&use=l&cat=p&typeid=i","cat":312611},{"id":137516,"n":"Mini roc lait Côte d'Or 279g","p":10.97,"u":"39,32 €/KG","img":"https://fd9-photos.leclercdrive.fr/image.ashx?id=2479465&use=l&cat=p&typeid=i","cat":327595},{"id":137517,"n":"Mini Roc Côte d'Or Praliné - 279g","p":10.97,"u":"39,32 €/KG","img":"https://fd9-photos.leclercdrive.fr/image.ashx?id=2912641&use=l&cat=p&typeid=i","cat":327595},{"id":137525,"n":"Galak Chocolat Noël  Moulage Renne - 88g","p":3.12,"u":"35,45 €/KG","img":"https://fd9-photos.leclercdrive.fr/image.ashx?id=2570604&use=l&cat=p&typeid=i","cat":327592},{"id":137567,"n":"Père Noel Smarties Vert - 85g","p":3.12,"u":"36,71 €/KG","img":"https://fd9-photos.leclercdrive.fr/image.ashx?id=1985745&use=l&cat=p&typeid=i","cat":284958},{"id":137578,"n":"Jambon foué Paul Predault A l'os - 4 tranches - 240g","p":3.93,"u":"16,38 €/KG","img":"https://fd9-photos.leclercdrive.fr/image.ashx?id=1987839&use=l&cat=p&typeid=i","cat":316009},{"id":137669,"n":"Croquette chiens Mix  Fido Volaille/légumes - 2.5kg","p":5.67,"u":"2,27 €/KG","img":"https://fd9-photos.leclercdrive.fr/image.ashx?id=2973309&use=l&cat=p&typeid=i","cat":284672},{"id":137680,"n":"Croquette pour chien  Fido Croq' Mix boeuf et légumes 3kg","p":6.17,"u":"2,06 €/KG","img":"https://fd9-photos.leclercdrive.fr/image.ashx?id=2973306&use=l&cat=p&typeid=i","cat":284672},{"id":137682,"n":"Croquette pour chiens Fido Mix Poulet Légumes - 12 kg","p":21.41,"u":"1,78 €/KG","img":"https://fd9-photos.leclercdrive.fr/image.ashx?id=2973300&use=l&cat=p&typeid=i","cat":284672},{"id":137686,"n":"Croquette pour chiens Fido Boeuf & légumes - 7kg","p":14.04,"u":"2,01 €/KG","img":"https://fd9-photos.leclercdrive.fr/image.ashx?id=2973297&use=l&cat=p&typeid=i","cat":284672},{"id":137700,"n":"Compote Douceur du Verger Coupelle fruits rouges -16x100g","p":4.21,"u":"2,63 €/KG","img":"https://fd9-photos.leclercdrive.fr/image.ashx?id=2663560&use=l&cat=p&typeid=i","cat":284508},{"id":137702,"n":"Compote Douceur du Verger Coupelle fruits jaunes -16x100g","p":3.97,"u":"2,48 €/KG","img":"https://fd9-photos.leclercdrive.fr/image.ashx?id=2834890&use=l&cat=p&typeid=i","cat":284508},{"id":137703,"n":"Compote Douceur du Verger Coupelle pomme - 16x100g","p":3.55,"u":"2,22 €/KG","img":"https://fd9-photos.leclercdrive.fr/image.ashx?id=2663551&use=l&cat=p&typeid=i","cat":284508},{"id":137713,"n":"Préparation Flan Entremets alsa Chocolat - 192g","p":1.75,"u":"7,54 €/KG","img":"https://fd9-photos.leclercdrive.fr/image.ashx?id=2842546&use=l&cat=p&typeid=i","cat":284505},{"id":137746,"n":"Gourmet Purina Poulet / Dinde - 8x85g","p":6.12,"u":"9,00 €/KG","img":"https://fd9-photos.leclercdrive.fr/image.ashx?id=2896795&use=l&cat=p&typeid=i","cat":285286},{"id":137757,"n":"Tarte aux poireaux Marie Gratinée à l'Emmental - 400g","p":3.66,"u":"9,15 €/KG","img":"https://fd9-photos.leclercdrive.fr/image.ashx?id=2996680&use=l&cat=p&typeid=i","cat":284257},{"id":137759,"n":"Tarte au Chèvre Marie Tomates cerises - 400g","p":3.65,"u":"9,13 €/KG","img":"https://fd9-photos.leclercdrive.fr/image.ashx?id=2996677&use=l&cat=p&typeid=i","cat":284257},{"id":137769,"n":"Soupe liquide brique Liebig  Poireaux Pomme de Terre 2x30cl","p":1.83,"u":"3,05 €/L","img":"https://fd9-photos.leclercdrive.fr/image.ashx?id=2864327&use=l&cat=p&typeid=i","cat":284462},{"id":137772,"n":"Pancakes La fournée Dorée 350g","p":2.5,"u":"7,14 €/KG","img":"https://fd9-photos.leclercdrive.fr/image.ashx?id=2581502&use=l&cat=p&typeid=i","cat":284495},{"id":137777,"n":"Haricots verts Bonduelle Extra Fins 440g","p":1.9,"u":"4,32 €/KG","img":"https://fd9-photos.leclercdrive.fr/image.ashx?id=2943927&use=l&cat=p&typeid=i","cat":312606},{"id":137780,"n":"Shampooing Homme Elsève  Renforçateur - 290ml","p":3.53,"u":"12,17 €/L","img":"https://fd9-photos.leclercdrive.fr/image.ashx?id=2439296&use=l&cat=p&typeid=i","cat":284621},{"id":137857,"n":"Petits Pois Bonduelle Sans Arôme Ajouté 280g","p":1.2,"u":"4,29 €/KG","img":"https://fd9-photos.leclercdrive.fr/image.ashx?id=2913157&use=l&cat=p&typeid=i","cat":312607},{"id":137860,"n":"Riz long blanchi Eco+ 1kg","p":1.22,"u":"1,22 €/KG","img":"https://fd9-photos.leclercdrive.fr/image.ashx?id=2076622&use=l&cat=p&typeid=i","cat":284428},{"id":137861,"n":"Thé noir bio Bio Village English Breakfast x20 - 36g","p":1.25,"u":"34,72 €/KG","img":"https://fd9-photos.leclercdrive.fr/image.ashx?id=1987003&use=l&cat=p&typeid=i","cat":293233},{"id":137862,"n":"Riz long étuvé Eco+ 1kg","p":1.35,"u":"1,35 €/KG","img":"https://fd9-photos.leclercdrive.fr/image.ashx?id=2076625&use=l&cat=p&typeid=i","cat":284428},{"id":137864,"n":"Riz long étuvé Eco+ 4x125g","p":0.87,"u":"1,74 €/KG","img":"https://fd9-photos.leclercdrive.fr/image.ashx?id=1991126&use=l&cat=p&typeid=i","cat":284428},{"id":137865,"n":"Compote SSA Douceur du Verger Gourdes Pomme Poire - 4x90g","p":1.23,"u":"3,42 €/KG","img":"https://fd9-photos.leclercdrive.fr/image.ashx?id=2837069&use=l&cat=p&typeid=i","cat":284508},{"id":137892,"n":"Biscottes bio Bio Village sans sel ni sucres ajoutés 100g","p":2.09,"u":"6,97 €/KG","img":"https://fd9-photos.leclercdrive.fr/image.ashx?id=1987015&use=l&cat=p&typeid=i","cat":284479},{"id":137897,"n":"Bretzels bio Bio Village 150g","p":1.99,"u":"13,27 €/KG","img":"https://fd9-photos.leclercdrive.fr/image.ashx?id=2390663&use=l&cat=p&typeid=i","cat":297000},{"id":137900,"n":"Barres de céréales Grainéa Chocolat noir x6 - 126g","p":1.39,"u":"11,03 €/KG","img":"https://fd9-photos.leclercdrive.fr/image.ashx?id=2721370&use=l&cat=p&typeid=i","cat":285869},{"id":137904,"n":"Barre de céréales Grainea 126g","p":1.39,"u":"11,03 €/KG","img":"https://fd9-photos.leclercdrive.fr/image.ashx?id=2034133&use=l&cat=p&typeid=i","cat":285869},{"id":137910,"n":"Compote Douceur du Verger Gourdes multivariétés - 20x90g","p":6.09,"u":"3,38 €/KG","img":"https://fd9-photos.leclercdrive.fr/image.ashx?id=2805048&use=l&cat=p&typeid=i","cat":284508},{"id":137955,"n":"Maïs ultra croquant D'Aucy 3x140g","p":2.14,"u":"5,10 €/KG","img":"https://fd9-photos.leclercdrive.fr/image.ashx?id=2429215&use=l&cat=p&typeid=i","cat":312611},{"id":137957,"n":"Maïs ultra croquant D'Aucy 285g","p":1.06,"u":"3,72 €/KG","img":"https://fd9-photos.leclercdrive.fr/image.ashx?id=2380454&use=l&cat=p&typeid=i","cat":312611},{"id":137970,"n":"Carottes râpées à la ciboulette Pierre Martinet - 300g","p":1.58,"u":"5,27 €/KG","img":"https://fd9-photos.leclercdrive.fr/image.ashx?id=2990535&use=l&cat=p&typeid=i","cat":333657},{"id":137971,"n":"Carottes rapées à la Ciboulette Pierre Martinet - 510g","p":1.97,"u":"3,86 €/KG","img":"https://fd9-photos.leclercdrive.fr/image.ashx?id=2990532&use=l&cat=p&typeid=i","cat":333657},{"id":138050,"n":"Grandes coquillettes Lustucru Aux oeufs - 250g","p":1.04,"u":"4,16 €/KG","img":"https://fd9-photos.leclercdrive.fr/image.ashx?id=2033106&use=l&cat=p&typeid=i","cat":284427},{"id":138076,"n":"Foie gras de canard Delpeyrat Entier du Sud-ouest - 180 g","p":23.5,"pp":15.51,"u":"86,17 €/KG","img":"https://fd9-photos.leclercdrive.fr/image.ashx?id=2905279&use=l&cat=p&typeid=i","cat":316008},{"id":138304,"n":"Fromage apéritif Apéricube Incontournables apéro 48 cubes","p":4.17,"u":"16,68 €/KG","img":"https://fd9-photos.leclercdrive.fr/image.ashx?id=2882671&use=l&cat=p&typeid=i","cat":314027},{"id":138320,"n":"FROMAGE BLANC NATURE AU LAIT  DE BREBIS 4X100g SOIGNON","p":2.93,"u":"7,33 €/KG","img":"https://fd9-photos.leclercdrive.fr/image.ashx?id=2948129&use=l&cat=p&typeid=i","cat":314998},{"id":138504,"n":"Farce à escargot 200g","p":5.2,"pp":3.43,"u":"17,15 €/KG","img":"https://fd9-photos.leclercdrive.fr/image.ashx?id=2658189&use=l&cat=p&typeid=i","cat":284335},{"id":138669,"n":"Masque reconstructeur Elsève Dream Long Cheveu Abîmé - 310ml","p":4.93,"u":"15,90 €/L","img":"https://fd9-photos.leclercdrive.fr/image.ashx?id=2278139&use=l&cat=p&typeid=i","cat":284608},{"id":138927,"n":"Cartouche encre Hp HP305 noir","p":13.99,"u":"Dont 0,02 € d'éco-part.","img":"https://fd9-photos.leclercdrive.fr/image.ashx?id=2005692&use=l&cat=p&typeid=i","cat":316445},{"id":139254,"n":"Boite alcools du monde Abtey Chocolat noir … la liqueur 220g","p":8.87,"u":"35,48 €/KG","img":"https://fd9-photos.leclercdrive.fr/image.ashx?id=2662727&use=l&cat=p&typeid=i","cat":327601},{"id":139255,"n":"Ballotin chocolat  Abtey Royal des lys x17 220g","p":6.57,"u":"29,86 €/KG","img":"https://fd9-photos.leclercdrive.fr/image.ashx?id=2662718&use=l&cat=p&typeid=i","cat":327601},{"id":139322,"n":"Marrons glacés L'Artisan Provençal 250g","p":9.94,"u":"39,76 €/KG","img":"https://fd9-photos.leclercdrive.fr/image.ashx?id=1995723&use=l&cat=p&typeid=i","cat":327603},{"id":139328,"n":"Mug enfant garni Rohan Garni sucettes et moulages 154g","p":8.9,"u":"57,79 €/KG","img":"https://fd9-photos.leclercdrive.fr/image.ashx?id=1997589&use=l&cat=p&typeid=i","cat":327592},{"id":139407,"n":"Coffrets Carrés de fruits Motta x25 - 390g","p":9.57,"u":"24,54 €/KG","img":"https://fd9-photos.leclercdrive.fr/image.ashx?id=2298730&use=l&cat=p&typeid=i","cat":327606},{"id":139408,"n":"Ballotin Lingots de fruits Motta 430g","p":9.01,"u":"20,95 €/KG","img":"https://fd9-photos.leclercdrive.fr/image.ashx?id=2010401&use=l&cat=p&typeid=i","cat":327606},{"id":139453,"n":"KitKat Chocolat Noël Moulage Père Noël - 85g","p":3.12,"u":"36,71 €/KG","img":"https://fd9-photos.leclercdrive.fr/image.ashx?id=2901575&use=l&cat=p&typeid=i","cat":327592},{"id":139901,"n":"Sucette Père Noel Rohan 35g","p":1.86,"u":"53,14 €/KG","img":"https://fd9-photos.leclercdrive.fr/image.ashx?id=2013236&use=l&cat=p&typeid=i","cat":327592},{"id":139902,"n":"Sucette Ourson Rohan 35g","p":1.86,"u":"53,14 €/KG","img":"https://fd9-photos.leclercdrive.fr/image.ashx?id=2013212&use=l&cat=p&typeid=i","cat":327592},{"id":139903,"n":"Sucette Renne Rohan 35g","p":1.86,"u":"53,14 €/KG","img":"https://fd9-photos.leclercdrive.fr/image.ashx?id=2013215&use=l&cat=p&typeid=i","cat":284958},{"id":139905,"n":"Oeufs au sol Eco+ x10","p":1.78,"u":"0,18 €/P","img":"https://fd9-photos.leclercdrive.fr/image.ashx?id=2017244&use=l&cat=p&typeid=i","cat":284378},{"id":141162,"n":"Fond de veau Maggi 110g","p":2.38,"u":"21,64 €/KG","img":"https://fd9-photos.leclercdrive.fr/image.ashx?id=2917546&use=l&cat=p&typeid=i","cat":288379},{"id":141949,"n":"Crème dessert Les 2 vaches Bio Cremeuh café - 4x95g","p":2.08,"u":"5,47 €/KG","img":"https://fd9-photos.leclercdrive.fr/image.ashx?id=2774106&use=l&cat=p&typeid=i","cat":285041},{"id":142200,"n":"Planche à découper Homeside 1 pièce","p":4.0,"img":"https://fd9-photos.leclercdrive.fr/image.ashx?id=2017593&use=l&cat=p&typeid=i","cat":334135},{"id":142764,"n":"Saindoux pur porc extra Lardina Plaquette de 250g","p":1.77,"u":"7,08 €/KG","img":"https://fd9-photos.leclercdrive.fr/image.ashx?id=2677450&use=l&cat=p&typeid=i","cat":316008},{"id":143001,"n":"Dosettes café Plantation CLassique - x60 - 416g","p":6.09,"u":"14,64 €/KG","img":"https://fd9-photos.leclercdrive.fr/image.ashx?id=2824289&use=l&cat=p&typeid=i","cat":293238},{"id":143037,"n":"Toast apéro Pasquier Campagne - 100g","p":1.79,"u":"17,90 €/KG","img":"https://fd9-photos.leclercdrive.fr/image.ashx?id=2600674&use=l&cat=p&typeid=i","cat":285454},{"id":143238,"n":"Piles Eco+ AA/LR06 - x8","p":1.27,"img":"https://fd9-photos.leclercdrive.fr/image.ashx?id=2036224&use=l&cat=p&typeid=i","cat":300572},{"id":143344,"n":"Biscottes Eco+ 90 tranches - 750g","p":2.08,"u":"2,77 €/KG","img":"https://fd9-photos.leclercdrive.fr/image.ashx?id=2662580&use=l&cat=p&typeid=i","cat":284479},{"id":143345,"n":"Biscottes Epi d'Or x108 - 900g","p":2.52,"u":"2,80 €/KG","img":"https://fd9-photos.leclercdrive.fr/image.ashx?id=2047895&use=l&cat=p&typeid=i","cat":284479},{"id":143477,"n":"Dessert liégeois Viennois  Café - 4x100g","p":1.56,"u":"3,90 €/KG","img":"https://fd9-photos.leclercdrive.fr/image.ashx?id=2692110&use=l&cat=p&typeid=i","cat":285042},{"id":143478,"n":"Dessert liégeois Viennois  Chocolat - 4x100g","p":1.56,"u":"3,90 €/KG","img":"https://fd9-photos.leclercdrive.fr/image.ashx?id=2849689&use=l&cat=p&typeid=i","cat":285042},{"id":143528,"n":"Dessert liégeois Viennois  Panaché Chocolat Café - 8x100g","p":2.82,"u":"3,53 €/KG","img":"https://fd9-photos.leclercdrive.fr/image.ashx?id=2675298&use=l&cat=p&typeid=i","cat":285042},{"id":143602,"n":"Barres de céréales Grainéa Chocolat lait, noisette x6-126g","p":1.63,"u":"12,94 €/KG","img":"https://fd9-photos.leclercdrive.fr/image.ashx?id=2721376&use=l&cat=p&typeid=i","cat":285869},{"id":143603,"n":"Barre de céréales Grainéa Fruits rouges x6 - 126g","p":1.4,"u":"11,11 €/KG","img":"https://fd9-photos.leclercdrive.fr/image.ashx?id=2729296&use=l&cat=p&typeid=i","cat":285869},{"id":143604,"n":"Barres de céréales Grainea Figues - 126g","p":1.59,"u":"12,62 €/KG","img":"https://fd9-photos.leclercdrive.fr/image.ashx?id=2757939&use=l&cat=p&typeid=i","cat":285869},{"id":143605,"n":"Barre de céréales Chocolat au lait & coco - 126g","p":1.7,"u":"13,49 €/KG","img":"https://fd9-photos.leclercdrive.fr/image.ashx?id=2721373&use=l&cat=p&typeid=i","cat":285869},{"id":143606,"n":"Barre de céréales Grainea Abricot - 126g","p":1.79,"u":"14,21 €/KG","img":"https://fd9-photos.leclercdrive.fr/image.ashx?id=2912866&use=l&cat=p&typeid=i","cat":285869},{"id":143744,"n":"Chutney d'abricot Labeyrie 50g","p":1.78,"u":"35,60 €/KG","img":"https://fd9-photos.leclercdrive.fr/image.ashx?id=2185208&use=l&cat=p&typeid=i","cat":316008},{"id":143747,"n":"Confiture de figues Labeyrie 110g","p":3.47,"u":"31,55 €/KG","img":"https://fd9-photos.leclercdrive.fr/image.ashx?id=2185205&use=l&cat=p&typeid=i","cat":315999},{"id":143812,"n":"Tomates farcies Marie Riz à la tomate - 360g","p":3.62,"u":"10,06 €/KG","img":"https://fd9-photos.leclercdrive.fr/image.ashx?id=2317483&use=l&cat=p&typeid=i","cat":333665},{"id":144026,"n":"Pain Burgers création graines x4 - 260g","p":2.08,"u":"8,00 €/KG","img":"https://fd9-photos.leclercdrive.fr/image.ashx?id=2446347&use=l&cat=p&typeid=i","cat":325067},{"id":144144,"n":"Foie gras de canard Delpeyrat Sud-Ouest Terroir - Bocal 180g","p":23.5,"pp":15.51,"u":"86,17 €/KG","img":"https://fd9-photos.leclercdrive.fr/image.ashx?id=2905282&use=l&cat=p&typeid=i","cat":316008},{"id":144146,"n":"Bloc de foie gras de canard Sud-Ouest Terroir - 360g","p":23.5,"pp":15.51,"u":"43,08 €/KG","img":"https://fd9-photos.leclercdrive.fr/image.ashx?id=2905291&use=l&cat=p&typeid=i","cat":316008},{"id":144188,"n":"Bloc foie gras Delpeyrat Sud-ouest 30% morceaux 300g","p":23.5,"pp":15.51,"u":"51,70 €/KG","img":"https://fd9-photos.leclercdrive.fr/image.ashx?id=2905288&use=l&cat=p&typeid=i","cat":316008},{"id":144191,"n":"Foie gras de canard Delpeyrat Sud-ouest - 180g","p":23.5,"pp":15.51,"u":"86,17 €/KG","img":"https://fd9-photos.leclercdrive.fr/image.ashx?id=2905285&use=l&cat=p&typeid=i","cat":316008},{"id":144226,"n":"Saucisses au vin de Savoie Socopa - 4x80g","p":3.69,"u":"11,53 €/KG","img":"https://fd9-photos.leclercdrive.fr/image.ashx?id=2263676&use=l&cat=p&typeid=i","cat":284334},{"id":144237,"n":"Petits pains figues Labeyrie x25 - 100g","p":2.99,"u":"29,90 €/KG","img":"https://fd9-photos.leclercdrive.fr/image.ashx?id=2923504&use=l&cat=p&typeid=i","cat":316008},{"id":144475,"n":"Compote Charles & Alice Pommes - 8x100g","p":2.71,"u":"3,39 €/KG","img":"https://fd9-photos.leclercdrive.fr/image.ashx?id=2757689&use=l&cat=p&typeid=i","cat":284416},{"id":144636,"n":"Boisson énergisante Monster Energy Pacific Punch - 50CL","p":1.69,"u":"3,38 €/L","img":"https://fd9-photos.leclercdrive.fr/image.ashx?id=2148407&use=l&cat=p&typeid=i","cat":284533},{"id":144773,"n":"Yaourt ferments lactiques Alsa 4 sachets - 8g","p":2.71,"u":"338,75 €/KG","img":"https://fd9-photos.leclercdrive.fr/image.ashx?id=2813875&use=l&cat=p&typeid=i","cat":284505},{"id":144834,"n":"Dosettes café Plantation  Corsé - x60 - 417g","p":5.79,"u":"13,88 €/KG","img":"https://fd9-photos.leclercdrive.fr/image.ashx?id=2824292&use=l&cat=p&typeid=i","cat":293238},{"id":144845,"n":"Lait Empresuré chocolat Laiterie de Saint Malo 4x125g","p":2.0,"u":"4,00 €/KG","img":"https://fd9-photos.leclercdrive.fr/image.ashx?id=2908612&use=l&cat=p&typeid=i","cat":285041},{"id":144846,"n":"Dessert gourmand Mamie Nova Tiramisu cappuccino - 2x85g","p":2.21,"u":"13,00 €/KG","img":"https://fd9-photos.leclercdrive.fr/image.ashx?id=2921316&use=l&cat=p&typeid=i","cat":284419},{"id":145041,"n":"Dattes Couleurs Vives Moelleuses - 250g","p":1.99,"u":"7,96 €/KG","img":"https://fd9-photos.leclercdrive.fr/image.ashx?id=2543938&use=l&cat=p&typeid=i","cat":284357},{"id":145070,"n":"PIzza l'ovale Sodebo Chorizo poivrons - 200g","p":1.92,"u":"9,60 €/KG","img":"https://fd9-photos.leclercdrive.fr/image.ashx?id=2438567&use=l&cat=p&typeid=i","cat":333679},{"id":145095,"n":"Lames de rasoir Gillette Fusion 5 recharges - x4","p":15.99,"u":"4,00 €/P","img":"https://fd9-photos.leclercdrive.fr/image.ashx?id=2571824&use=l&cat=p&typeid=i","cat":284616},{"id":145103,"n":"Lames de rasoir Gillette Fusion 5 recharges - x6","p":19.84,"u":"3,31 €/P","img":"https://fd9-photos.leclercdrive.fr/image.ashx?id=2457545&use=l&cat=p&typeid=i","cat":284616},{"id":145106,"n":"Lames de rasoir Gillette Fusion 5 recharges - x8","p":22.31,"u":"2,79 €/P","img":"https://fd9-photos.leclercdrive.fr/image.ashx?id=2571827&use=l&cat=p&typeid=i","cat":284616},{"id":145109,"n":"Rasoir 3 lames Gillette Fusion 5 - 1 pièce","p":14.09,"img":"https://fd9-photos.leclercdrive.fr/image.ashx?id=2542621&use=l&cat=p&typeid=i","cat":284616},{"id":145115,"n":"Anti-moustiques Labo Marie Rose Répulsif & apaisant 6h - 100ml","p":6.34,"u":"63,40 €/L","img":"https://fd9-photos.leclercdrive.fr/image.ashx?id=2666743&use=l&cat=p&typeid=i","cat":299654},{"id":145205,"n":"Eau de roses Christian Lenart 200ml","p":3.62,"u":"18,10 €/L","img":"https://fd9-photos.leclercdrive.fr/image.ashx?id=2036140&use=l&cat=p&typeid=i","cat":284603},{"id":145269,"n":"Feuilletés Tomate Mozzarella Côté Table - 2x130g","p":2.89,"u":"11,12 €/KG","img":"https://fd9-photos.leclercdrive.fr/image.ashx?id=2958665&use=l&cat=p&typeid=i","cat":333671},{"id":145349,"n":"Purée Douceur du Verger Pomme banane - x4 - 400g","p":1.41,"u":"3,53 €/KG","img":"https://fd9-photos.leclercdrive.fr/image.ashx?id=2036728&use=l&cat=p&typeid=i","cat":284416},{"id":145355,"n":"Purée Douceur du Verger Pomme fraise - x4 - 400g","p":1.3,"u":"3,25 €/KG","img":"https://fd9-photos.leclercdrive.fr/image.ashx?id=2987166&use=l&cat=p&typeid=i","cat":284416},{"id":145366,"n":"Rapé 3 fromages Bio Village Bio - 200g","p":2.59,"u":"12,95 €/KG","img":"https://fd9-photos.leclercdrive.fr/image.ashx?id=2036821&use=l&cat=p&typeid=i","cat":314035},{"id":145491,"n":"Peau chamoisée multiusage Tech9 Taille S - 30x45cm - 1 pièce","p":5.45,"img":"https://fd9-photos.leclercdrive.fr/image.ashx?id=2068417&use=l&cat=p&typeid=i","cat":298252},{"id":145500,"n":"Chips extra croquante Vico 150g","p":1.1,"u":"7,33 €/KG","img":"https://fd9-photos.leclercdrive.fr/image.ashx?id=2917822&use=l&cat=p&typeid=i","cat":284447},{"id":145513,"n":"Fond de veau Kubor Maggi Dégraissé - 100g","p":2.48,"u":"24,80 €/KG","img":"https://fd9-photos.leclercdrive.fr/image.ashx?id=2917540&use=l&cat=p&typeid=i","cat":288379},{"id":145556,"n":"Crêpes Whaou Chocolat cracky - x15 - 480g","p":4.06,"u":"8,46 €/KG","img":"https://fd9-photos.leclercdrive.fr/image.ashx?id=2971032&use=l&cat=p&typeid=i","cat":284494},{"id":145559,"n":"Fond de volaille Maggi 110g","p":2.59,"u":"23,55 €/KG","img":"https://fd9-photos.leclercdrive.fr/image.ashx?id=2917549&use=l&cat=p&typeid=i","cat":288379},{"id":145560,"n":"Frites rustique Pom'lisse 600g","p":1.99,"u":"3,32 €/KG","img":"https://fd9-photos.leclercdrive.fr/image.ashx?id=2770690&use=l&cat=p&typeid=i","cat":319791},{"id":145767,"n":"Boîte de 50 masques jetables Adulte - Type II","p":1.95,"u":"0,04 €/P","img":"https://fd9-photos.leclercdrive.fr/image.ashx?id=1919042&use=l&cat=p&typeid=i","cat":284630},{"id":145806,"n":"Chocolat Peluche mix Kinder Paresseux -  133g","p":13.92,"u":"104,66 €/KG","img":"https://fd9-photos.leclercdrive.fr/image.ashx?id=2039374&use=l&cat=p&typeid=i","cat":327789},{"id":145808,"n":"Chocolat Peluche mix Kinder Licorne -  133g","p":13.92,"u":"104,66 €/KG","img":"https://fd9-photos.leclercdrive.fr/image.ashx?id=2039377&use=l&cat=p&typeid=i","cat":327789},{"id":145810,"n":"Chocolat Peluche mix Kinder Renne -  133g","p":13.92,"u":"104,66 €/KG","img":"https://fd9-photos.leclercdrive.fr/image.ashx?id=2039380&use=l&cat=p&typeid=i","cat":327789},{"id":145884,"n":"Mogette cuite au naturel NRT De Vendée - 265g","p":1.69,"u":"6,38 €/KG","img":"https://fd9-photos.leclercdrive.fr/image.ashx?id=2771426&use=l&cat=p&typeid=i","cat":312606},{"id":145901,"n":"Film fraîcheur Albal Découpe Facile - 20m","p":1.95,"img":"https://fd9-photos.leclercdrive.fr/image.ashx?id=2551456&use=l&cat=p&typeid=i","cat":334134},{"id":145940,"n":"Torti au surimi Menu Fraicheur 500g","p":2.39,"u":"4,78 €/KG","img":"https://fd9-photos.leclercdrive.fr/image.ashx?id=2965527&use=l&cat=p&typeid=i","cat":333657},{"id":145943,"n":"Salade d'Alaska Menu Fraicheur 500g","p":3.09,"u":"6,18 €/KG","img":"https://fd9-photos.leclercdrive.fr/image.ashx?id=2727647&use=l&cat=p&typeid=i","cat":333657},{"id":146060,"n":"Gazpacho L'Original Alvalle 1L","p":3.55,"u":"3,55 €/L","img":"https://fd9-photos.leclercdrive.fr/image.ashx?id=2672047&use=l&cat=p&typeid=i","cat":284355},{"id":146366,"n":"Quiche Lorraine Marie Pur beurre - 400g","p":3.65,"u":"9,13 €/KG","img":"https://fd9-photos.leclercdrive.fr/image.ashx?id=2996674&use=l&cat=p&typeid=i","cat":284257},{"id":146412,"n":"Infusion bio Jardin Bio Digestion légère x20 - 30g","p":2.46,"u":"82,00 €/KG","img":"https://fd9-photos.leclercdrive.fr/image.ashx?id=2792603&use=l&cat=p&typeid=i","cat":293234},{"id":146413,"n":"Infusion bio Jardin Bio Détente sommeil x20 - 30g","p":2.43,"u":"81,00 €/KG","img":"https://fd9-photos.leclercdrive.fr/image.ashx?id=3011449&use=l&cat=p&typeid=i","cat":293234},{"id":146414,"n":"Infusion bio Jardin Bio Nuits paisibles x20 - 30g","p":2.56,"u":"85,33 €/KG","img":"https://fd9-photos.leclercdrive.fr/image.ashx?id=2792612&use=l&cat=p&typeid=i","cat":293234},{"id":146415,"n":"Infusion Jardin Bio Bio digestion - x20 - 30g","p":2.52,"u":"84,00 €/KG","img":"https://fd9-photos.leclercdrive.fr/image.ashx?id=2792615&use=l&cat=p&typeid=i","cat":293234},{"id":146417,"n":"Infusion Jardin Bio Bio Thym citron - 30g - x20","p":2.7,"u":"90,00 €/KG","img":"https://fd9-photos.leclercdrive.fr/image.ashx?id=2792621&use=l&cat=p&typeid=i","cat":293234},{"id":146418,"n":"Infusion Jardin Bio Bio ventre plat - x20 - 30g","p":2.68,"u":"89,33 €/KG","img":"https://fd9-photos.leclercdrive.fr/image.ashx?id=2986564&use=l&cat=p&typeid=i","cat":293234},{"id":146419,"n":"Infusion Jardin Bio Bio bruleur de graisse x20 -30g","p":2.63,"u":"87,67 €/KG","img":"https://fd9-photos.leclercdrive.fr/image.ashx?id=2968322&use=l&cat=p&typeid=i","cat":293234},{"id":146421,"n":"Infusion Jardin Bio Bio detox - x20 - 30g","p":2.8,"u":"93,33 €/KG","img":"https://fd9-photos.leclercdrive.fr/image.ashx?id=2792630&use=l&cat=p&typeid=i","cat":293234},{"id":146422,"n":"Thé vert Jardin Bio Bio minceur - x20 - 30g","p":2.74,"u":"91,33 €/KG","img":"https://fd9-photos.leclercdrive.fr/image.ashx?id=2948066&use=l&cat=p&typeid=i","cat":293233},{"id":146425,"n":"Thé Jardin Bio Bio détox - x20 - 30g","p":2.64,"u":"88,00 €/KG","img":"https://fd9-photos.leclercdrive.fr/image.ashx?id=2578205&use=l&cat=p&typeid=i","cat":293233},{"id":146426,"n":"Thé vert bio Jardin Bio Gingembre citron vert x20 - 30g","p":2.72,"u":"90,67 €/KG","img":"https://fd9-photos.leclercdrive.fr/image.ashx?id=3011452&use=l&cat=p&typeid=i","cat":293233},{"id":146738,"n":"Café Soluble Nescafé Cappuccino Noisette - 270g","p":4.8,"u":"17,78 €/KG","img":"https://fd9-photos.leclercdrive.fr/image.ashx?id=2867791&use=l&cat=p&typeid=i","cat":284843},{"id":146739,"n":"Maïs Bonduelle Sans Résidu Pesticides - 3x140g","p":2.26,"u":"5,38 €/KG","img":"https://fd9-photos.leclercdrive.fr/image.ashx?id=2913133&use=l&cat=p&typeid=i","cat":312611},{"id":146744,"n":"Serviettes Nana ultra nuit Plus Pure Sensitive x8","p":1.88,"u":"0,24 €/P","img":"https://fd9-photos.leclercdrive.fr/image.ashx?id=2743619&use=l&cat=p&typeid=i","cat":284624},{"id":146914,"n":"Petit Pois, Carotte Bonduelle Sans Arôme Ajouté 265g","p":1.32,"u":"4,98 €/KG","img":"https://fd9-photos.leclercdrive.fr/image.ashx?id=2913151&use=l&cat=p&typeid=i","cat":312607},{"id":146916,"n":"Préparation alsa Crème Pâtissière - 390g","p":2.66,"u":"6,82 €/KG","img":"https://fd9-photos.leclercdrive.fr/image.ashx?id=3007990&use=l&cat=p&typeid=i","cat":284505},{"id":146917,"n":"Préparation Gateau Semoule alsa Nappage Caramel 414g","p":2.54,"u":"6,14 €/KG","img":"https://fd9-photos.leclercdrive.fr/image.ashx?id=2805111&use=l&cat=p&typeid=i","cat":284505},{"id":146930,"n":"Piles rechargeabls Duracell 130mAH AA/LR06 - x4","p":13.99,"u":"3,50 €/P","img":"https://fd9-photos.leclercdrive.fr/image.ashx?id=2862830&use=l&cat=p&typeid=i","cat":300572},{"id":147002,"n":"Feuilleté de Mousse La Laitière Chocolat - 4x57g","p":1.69,"u":"7,41 €/KG","img":"https://fd9-photos.leclercdrive.fr/image.ashx?id=2858594&use=l&cat=p&typeid=i","cat":284417},{"id":147003,"n":"Feuilleté de Mousse La Laitière Vanille - 4x57g","p":1.69,"u":"7,41 €/KG","img":"https://fd9-photos.leclercdrive.fr/image.ashx?id=2764511&use=l&cat=p&typeid=i","cat":284417},{"id":147067,"n":"Gyoza Boeuf et Légumes Ajinomoto - 212g","p":4.16,"u":"19,62 €/KG","img":"https://fd9-photos.leclercdrive.fr/image.ashx?id=2590628&use=l&cat=p&typeid=i","cat":319774},{"id":147076,"n":"Bouillon Cube Maggi Volaille - 80g","p":0.87,"u":"10,88 €/KG","img":"https://fd9-photos.leclercdrive.fr/image.ashx?id=2737036&use=l&cat=p&typeid=i","cat":288379},{"id":147127,"n":"Spray dégraissant Clair Savon noir - 750ml","p":2.05,"u":"2,73 €/L","img":"https://fd9-photos.leclercdrive.fr/image.ashx?id=2460625&use=l&cat=p&typeid=i","cat":325357},{"id":147200,"n":"Escargot de Bourgogne surgelé L'origine du goût x24 - 220g","p":11.99,"u":"54,50 €/KG","img":"https://fd9-photos.leclercdrive.fr/image.ashx?id=2809882&use=l&cat=p&typeid=i","cat":319775},{"id":147214,"n":"Entrecôte de boeuf*** Charal x1 - 220g","p":8.09,"u":"36,77 €/KG","img":"https://fd9-photos.leclercdrive.fr/image.ashx?id=2046515&use=l&cat=p&typeid=i","cat":284328},{"id":147224,"n":"Capsules Nescafé Dolce Gusto  Espresso - x30","p":7.72,"u":"46,79 €/KG","img":"https://fd9-photos.leclercdrive.fr/image.ashx?id=2737105&use=l&cat=p&typeid=i","cat":293239},{"id":147237,"n":"Compote Douceur du Verger    Bocal pomme morceaux - 730g","p":1.74,"u":"2,38 €/KG","img":"https://fd9-photos.leclercdrive.fr/image.ashx?id=2663563&use=l&cat=p&typeid=i","cat":284508},{"id":147248,"n":"Muesli  Grainea chocolat Noisette 350g","p":2.84,"u":"8,11 €/KG","img":"https://fd9-photos.leclercdrive.fr/image.ashx?id=2077358&use=l&cat=p&typeid=i","cat":309512},{"id":147249,"n":"Preparation Gateau de riz Alsa Nappage caramel 370g","p":2.65,"u":"7,16 €/KG","img":"https://fd9-photos.leclercdrive.fr/image.ashx?id=2805114&use=l&cat=p&typeid=i","cat":284504},{"id":147250,"n":"Préparation Flan Entremets alsa Vanille - 192g","p":1.39,"u":"7,24 €/KG","img":"https://fd9-photos.leclercdrive.fr/image.ashx?id=2805117&use=l&cat=p&typeid=i","cat":284504},{"id":147251,"n":"Préparation Crème Anglaise alsa Vanille des Isles - 300g","p":2.61,"u":"8,70 €/KG","img":"https://fd9-photos.leclercdrive.fr/image.ashx?id=2999826&use=l&cat=p&typeid=i","cat":284504},{"id":147253,"n":"Préparation pour dessert Alsa Caramel beurre salé - 120g","p":1.85,"u":"15,42 €/KG","img":"https://fd9-photos.leclercdrive.fr/image.ashx?id=3007996&use=l&cat=p&typeid=i","cat":284504},{"id":147254,"n":"Confiture Eco+ Fraise - 450g","p":1.14,"u":"2,53 €/KG","img":"https://fd9-photos.leclercdrive.fr/image.ashx?id=2721346&use=l&cat=p&typeid=i","cat":284480},{"id":147359,"n":"Boisson tablette d'Or Instantanée cacao 800g","p":3.79,"u":"4,74 €/KG","img":"https://fd9-photos.leclercdrive.fr/image.ashx?id=2047904&use=l&cat=p&typeid=i","cat":293235},{"id":147422,"n":"Bière Brewdog Punk IPA 33cl","p":2.57,"u":"7,79 €/L","img":"https://fd9-photos.leclercdrive.fr/image.ashx?id=2941859&use=l&cat=p&typeid=i","cat":334872},{"id":147431,"n":"Yaourt à la grecque YAOS Nature lit de framboises 4x125g","p":2.64,"u":"5,28 €/KG","img":"https://fd9-photos.leclercdrive.fr/image.ashx?id=2654575&use=l&cat=p&typeid=i","cat":314999},{"id":147438,"n":"Tablette chocolat Milka Chocolat au lait - 5x100g","p":7.3,"u":"14,60 €/KG","img":"https://fd9-photos.leclercdrive.fr/image.ashx?id=2955203&use=l&cat=p&typeid=i","cat":284497},{"id":147442,"n":"Pochons Tous mes amis Sauce viande - 12x100g","p":3.65,"u":"3,04 €/KG","img":"https://fd9-photos.leclercdrive.fr/image.ashx?id=2054993&use=l&cat=p&typeid=i","cat":288578},{"id":147454,"n":"Granola Grainea 350g","p":2.64,"u":"7,54 €/KG","img":"https://fd9-photos.leclercdrive.fr/image.ashx?id=2568340&use=l&cat=p&typeid=i","cat":309512},{"id":147456,"n":"Capsules café Plantation Ristretto n°12 - x30 - 156g","p":5.19,"u":"33,27 €/KG","img":"https://fd9-photos.leclercdrive.fr/image.ashx?id=2867263&use=l&cat=p&typeid=i","cat":284749},{"id":147464,"n":"Infusion bien-être Jardin Bio Bio x20 - 28g","p":2.75,"u":"98,21 €/KG","img":"https://fd9-photos.leclercdrive.fr/image.ashx?id=2792606&use=l&cat=p&typeid=i","cat":293234},{"id":147465,"n":"Infusion Jardin Bio Bio calme & Sérénité x20 - 30g","p":2.42,"u":"80,67 €/KG","img":"https://fd9-photos.leclercdrive.fr/image.ashx?id=2792618&use=l&cat=p&typeid=i","cat":293234},{"id":147474,"n":"Coupe ongles Primoplast 1 pièce","p":2.0,"img":"https://fd9-photos.leclercdrive.fr/image.ashx?id=2955767&use=l&cat=p&typeid=i","cat":325354},{"id":147532,"n":"Crème à récurer Eco + Parfum citron - 750ml","p":0.6,"u":"0,80 €/L","img":"https://fd9-photos.leclercdrive.fr/image.ashx?id=2931754&use=l&cat=p&typeid=i","cat":325357},{"id":147537,"n":"Nettoyant ménager Eco + Citron - 2L","p":1.11,"u":"0,56 €/L","img":"https://fd9-photos.leclercdrive.fr/image.ashx?id=2946148&use=l&cat=p&typeid=i","cat":284907},{"id":147539,"n":"Capsules café Plantation Café au lait - x16 - 152g","p":3.29,"u":"21,64 €/KG","img":"https://fd9-photos.leclercdrive.fr/image.ashx?id=2649750&use=l&cat=p&typeid=i","cat":293239},{"id":147543,"n":"Gel WC détartrant Eco + Citron - 750ml","p":0.58,"u":"0,77 €/L","img":"https://fd9-photos.leclercdrive.fr/image.ashx?id=2396601&use=l&cat=p&typeid=i","cat":284662},{"id":147545,"n":"Pastilles anti-calcaire Eco + x20","p":1.25,"u":"0,06 €/P","img":"https://fd9-photos.leclercdrive.fr/image.ashx?id=2603853&use=l&cat=p&typeid=i","cat":284653},{"id":147546,"n":"Poudre détachante Eco + 1,2kg","p":3.29,"u":"2,74 €/KG","img":"https://fd9-photos.leclercdrive.fr/image.ashx?id=2596769&use=l&cat=p&typeid=i","cat":284651},{"id":147550,"n":"Nettoyant vitres Eco + 1L","p":0.76,"u":"0,76 €/L","img":"https://fd9-photos.leclercdrive.fr/image.ashx?id=2834993&use=l&cat=p&typeid=i","cat":325363},{"id":147626,"n":"Couches Lotus Baby Douceur Naturelle Taille 4 - x37","p":14.07,"u":"0,38 €/P","img":"https://fd9-photos.leclercdrive.fr/image.ashx?id=2914768&use=l&cat=p&typeid=i","cat":284737},{"id":147677,"n":"Sauce béarnaise Rustica 240g","p":1.29,"u":"5,38 €/KG","img":"https://fd9-photos.leclercdrive.fr/image.ashx?id=2954382&use=l&cat=p&typeid=i","cat":318431},{"id":147678,"n":"Rillettes de saumon Ronde des Mers - 125g","p":1.58,"u":"12,64 €/KG","img":"https://fd9-photos.leclercdrive.fr/image.ashx?id=2050978&use=l&cat=p&typeid=i","cat":305147},{"id":147915,"n":"Moutarde Aigre Douce Kuhne - 270g","p":1.31,"u":"4,85 €/KG","img":"https://fd9-photos.leclercdrive.fr/image.ashx?id=2571125&use=l&cat=p&typeid=i","cat":288850},{"id":147947,"n":"Milka choco suprême blanc 180g","p":2.39,"u":"13,28 €/KG","img":"https://fd9-photos.leclercdrive.fr/image.ashx?id=2054367&use=l&cat=p&typeid=i","cat":284488},{"id":148008,"n":"Genoise P'tit Déli Poire - 150g","p":1.15,"u":"7,67 €/KG","img":"https://fd9-photos.leclercdrive.fr/image.ashx?id=2482508&use=l&cat=p&typeid=i","cat":284489},{"id":148023,"n":"Pois cassés Bio Village Bio 500g","p":1.99,"u":"3,98 €/KG","img":"https://fd9-photos.leclercdrive.fr/image.ashx?id=3002701&use=l&cat=p&typeid=i","cat":284430},{"id":148048,"n":"Ravioles aux 3 fromages Persil de la Drôme Saint Jean 310g","p":3.24,"u":"10,45 €/KG","img":"https://fd9-photos.leclercdrive.fr/image.ashx?id=2438651&use=l&cat=p&typeid=i","cat":333682},{"id":148070,"n":"Thermomètre Primoplast Electronique - 1 pièce","p":3.89,"img":"https://fd9-photos.leclercdrive.fr/image.ashx?id=2856594&use=l&cat=p&typeid=i","cat":284630},{"id":148097,"n":"Brosse à dents Oral B Cross action - 1 pièce","p":24.34,"img":"https://fd9-photos.leclercdrive.fr/image.ashx?id=2675562&use=l&cat=p&typeid=i","cat":297133},{"id":148100,"n":"Contour yeux bio So Bio Aloe fraîcheur - 15ml","p":11.74,"u":"782,67 €/L","img":"https://fd9-photos.leclercdrive.fr/image.ashx?id=2359576&use=l&cat=p&typeid=i","cat":325345},{"id":148103,"n":"Soin hydratant bio So Bio Etic Hydra Aloe Vera - 50ml","p":7.58,"u":"151,60 €/L","img":"https://fd9-photos.leclercdrive.fr/image.ashx?id=2640572&use=l&cat=p&typeid=i","cat":325345},{"id":148107,"n":"Pavé au poivre Label Rouge L'Atelier Charcuterie - 100g","p":1.99,"u":"22,11 €/KG","img":"https://fd9-photos.leclercdrive.fr/image.ashx?id=2856651&use=l&cat=p&typeid=i","cat":316007},{"id":148117,"n":"Rosette tranchée Label Rouge L'Atelier Charcuterie - 100g","p":1.79,"u":"17,90 €/KG","img":"https://fd9-photos.leclercdrive.fr/image.ashx?id=2856654&use=l&cat=p&typeid=i","cat":316007},{"id":148124,"n":"Datte ravier Favorite Deglet nour - 500g","p":2.28,"u":"4,56 €/KG","img":"https://fd9-photos.leclercdrive.fr/image.ashx?id=2730610&use=l&cat=p&typeid=i","cat":284357},{"id":148240,"n":"Café dosettes Tassimo L'Or Café Long Doux x16","p":4.78,"u":"53,71 €/KG","img":"https://fd9-photos.leclercdrive.fr/image.ashx?id=2100386&use=l&cat=p&typeid=i","cat":293240},{"id":148250,"n":"Ratatouille  Notre Jardin Provencale - 530g","p":2.76,"u":"5,21 €/KG","img":"https://fd9-photos.leclercdrive.fr/image.ashx?id=2526312&use=l&cat=p&typeid=i","cat":312612},{"id":148291,"n":"Bière Aromatisée Grimbergen Rouge 5,5° - 6x25cl","p":5.21,"u":"3,47 €/L","img":"https://fd9-photos.leclercdrive.fr/image.ashx?id=2873327&use=l&cat=p&typeid=i","cat":334878},{"id":148339,"n":"Embouts jetables Prorhinel Souples - x10","p":5.79,"img":"https://fd9-photos.leclercdrive.fr/image.ashx?id=2148182&use=l&cat=p&typeid=i","cat":284630},{"id":148384,"n":"Donut nappé chocolat 180g","p":1.39,"u":"7,72 €/KG","img":"https://fd9-photos.leclercdrive.fr/image.ashx?id=3014374&use=l&cat=p&typeid=i","cat":284495},{"id":148392,"n":"Filets de merlan L'Atelier Poissonnerie - 250g","p":4.97,"u":"19,88 €/KG","img":"https://fd9-photos.leclercdrive.fr/image.ashx?id=2868696&use=l&cat=p&typeid=i","cat":284342},{"id":148471,"n":"Pizza Crust Sodebo Farmer  Poulet Sauce Barbecue - 600g","p":5.57,"u":"9,28 €/KG","img":"https://fd9-photos.leclercdrive.fr/image.ashx?id=2912101&use=l&cat=p&typeid=i","cat":333679},{"id":148484,"n":"Lames Hydro 5 Wilkinson Skin protect - x4","p":13.93,"u":"3,48 €/P","img":"https://fd9-photos.leclercdrive.fr/image.ashx?id=2924644&use=l&cat=p&typeid=i","cat":284616},{"id":148498,"n":"Pack de 3 microdiscs Brita Filtrants - 1 pièce","p":13.15,"img":"https://fd9-photos.leclercdrive.fr/image.ashx?id=2878264&use=l&cat=p&typeid=i","cat":334135},{"id":148744,"n":"Galette moelleuse Saint Michel Chocolat blanc - 180g","p":1.97,"u":"10,94 €/KG","img":"https://fd9-photos.leclercdrive.fr/image.ashx?id=2949976&use=l&cat=p&typeid=i","cat":284487},{"id":148957,"n":"Pavé saumon Eco+ MSC - x2 - 250g","p":3.07,"u":"12,28 €/KG","img":"https://fd9-photos.leclercdrive.fr/image.ashx?id=2819920&use=l&cat=p&typeid=i","cat":319786},{"id":148966,"n":"Boisson coco Bio Bjorg Sans sucre ajouté - 1L","p":2.17,"u":"2,17 €/L","img":"https://fd9-photos.leclercdrive.fr/image.ashx?id=2972991&use=l&cat=p&typeid=i","cat":316067},{"id":148998,"n":"Papier cuisson Elembal Feuilles - x30","p":0.99,"u":"0,03 €/P","img":"https://fd9-photos.leclercdrive.fr/image.ashx?id=2059971&use=l&cat=p&typeid=i","cat":334134},{"id":149198,"n":"Salière sel moulu Esprit du Sel - 250g","p":2.3,"u":"9,20 €/KG","img":"https://fd9-photos.leclercdrive.fr/image.ashx?id=2144857&use=l&cat=p&typeid=i","cat":284457},{"id":149236,"n":"Brandade à la morue  Maison Briau Gratinée - 550g","p":5.55,"u":"10,09 €/KG","img":"https://fd9-photos.leclercdrive.fr/image.ashx?id=2850013&use=l&cat=p&typeid=i","cat":285340},{"id":149339,"n":"Eponge chamoisee x1","p":2.2,"img":"https://fd9-photos.leclercdrive.fr/image.ashx?id=2068366&use=l&cat=p&typeid=i","cat":298252},{"id":149388,"n":"Shampooing sec Batiste Nude aérosol - 200ml","p":3.43,"u":"17,15 €/L","img":"https://fd9-photos.leclercdrive.fr/image.ashx?id=2558334&use=l&cat=p&typeid=i","cat":289143},{"id":149390,"n":"Croc'Odor Frigo XL  140g","p":2.68,"u":"19,14 €/KG","img":"https://fd9-photos.leclercdrive.fr/image.ashx?id=2952646&use=l&cat=p&typeid=i","cat":311628},{"id":149462,"n":"Lait Corps Le Petit Marseillais  Peau seche noix de coco-250ml","p":3.3,"u":"13,20 €/L","img":"https://fd9-photos.leclercdrive.fr/image.ashx?id=2739812&use=l&cat=p&typeid=i","cat":325349},{"id":149465,"n":"Brosse à Dents Signal Soin Gencives Souple x4","p":2.58,"u":"0,65 €/P","img":"https://fd9-photos.leclercdrive.fr/image.ashx?id=2964234&use=l&cat=p&typeid=i","cat":284614},{"id":149778,"n":"Brewdog Punk IPA Boite 50cl","p":2.56,"u":"5,12 €/L","img":"https://fd9-photos.leclercdrive.fr/image.ashx?id=2941856&use=l&cat=p&typeid=i","cat":334853},{"id":149781,"n":"Crème Visage Jour FPS 50 Nivea Anti-taches Luminous - 40ml","p":14.05,"u":"351,25 €/L","img":"https://fd9-photos.leclercdrive.fr/image.ashx?id=2637580&use=l&cat=p&typeid=i","cat":325345},{"id":149782,"n":"Soin léger nuit So Bio Etic Anti-âge bio - 50ml","p":8.54,"u":"170,80 €/L","img":"https://fd9-photos.leclercdrive.fr/image.ashx?id=2792699&use=l&cat=p&typeid=i","cat":325345},{"id":149819,"n":"Sérum Visage Correcteur Nivea Anti-taches Luminous - 30ml","p":16.7,"u":"556,67 €/L","img":"https://fd9-photos.leclercdrive.fr/image.ashx?id=2639720&use=l&cat=p&typeid=i","cat":325345},{"id":149853,"n":"Miettes généreuses de thon huile d'olive Le Savoureux 160g","p":3.25,"u":"20,31 €/KG","img":"https://fd9-photos.leclercdrive.fr/image.ashx?id=2167985&use=l&cat=p&typeid=i","cat":303867},{"id":149854,"n":"Dentifrice Elmex enfant 0-6ans Anti-caries - 75ml","p":3.39,"u":"45,20 €/L","img":"https://fd9-photos.leclercdrive.fr/image.ashx?id=2745289&use=l&cat=p&typeid=i","cat":288898},{"id":149922,"n":"Foie gras d'Oie du Périgord L'Origine du Goût Entier - 125g","p":17.95,"u":"143,60 €/KG","img":"https://fd9-photos.leclercdrive.fr/image.ashx?id=2791434&use=l&cat=p&typeid=i","cat":316008},{"id":149958,"n":"Brosse à Dents Signal Soin Classique Souple x1","p":1.72,"img":"https://fd9-photos.leclercdrive.fr/image.ashx?id=2950894&use=l&cat=p&typeid=i","cat":284614},{"id":150053,"n":"Gnocchi à poeler Bio Village Bio - 300g","p":1.84,"u":"6,13 €/KG","img":"https://fd9-photos.leclercdrive.fr/image.ashx?id=2064660&use=l&cat=p&typeid=i","cat":333682},{"id":150216,"n":"Canelloni Ricotta & Epinards Tomates - Weight Watcher - 290g","p":3.85,"u":"13,28 €/KG","img":"https://fd9-photos.leclercdrive.fr/image.ashx?id=2610864&use=l&cat=p&typeid=i","cat":333665},{"id":150228,"n":"Chichis Le Gaulois Poulet - 200g","p":2.72,"u":"13,60 €/KG","img":"https://fd9-photos.leclercdrive.fr/image.ashx?id=2416721&use=l&cat=p&typeid=i","cat":333684},{"id":150229,"n":"Céleri Pierre Martinet rémoulade moutarde - 300g","p":1.7,"u":"5,67 €/KG","img":"https://fd9-photos.leclercdrive.fr/image.ashx?id=2733082&use=l&cat=p&typeid=i","cat":333657},{"id":150235,"n":"Sachet pieces de monnaie Rohan Vert - 100g","p":2.39,"u":"23,90 €/KG","img":"https://fd9-photos.leclercdrive.fr/image.ashx?id=2068438&use=l&cat=p&typeid=i","cat":284958},{"id":150236,"n":"Sachet pieces de monnaie Rohan Bleu - 100g","p":2.39,"u":"23,90 €/KG","img":"https://fd9-photos.leclercdrive.fr/image.ashx?id=2068441&use=l&cat=p&typeid=i","cat":284958},{"id":150237,"n":"Sachet pieces de monnaie Rohan Rouge - 100g","p":2.39,"u":"23,90 €/KG","img":"https://fd9-photos.leclercdrive.fr/image.ashx?id=2068444&use=l&cat=p&typeid=i","cat":284958},{"id":150238,"n":"Escalope Cordon Bleu Père Dodu  Double Cheese x2 - 200g","p":2.6,"u":"13,00 €/KG","img":"https://fd9-photos.leclercdrive.fr/image.ashx?id=2957185&use=l&cat=p&typeid=i","cat":333683},{"id":150241,"n":"Filets de limande Meunière MSC Maison Briau - 200g","p":3.44,"u":"17,20 €/KG","img":"https://fd9-photos.leclercdrive.fr/image.ashx?id=2841852&use=l&cat=p&typeid=i","cat":284342},{"id":150246,"n":"Pâte à tarte sablée Marie Pur beurre - 250g","p":2.01,"u":"8,04 €/KG","img":"https://fd9-photos.leclercdrive.fr/image.ashx?id=2785877&use=l&cat=p&typeid=i","cat":333681},{"id":150307,"n":"Liquide refroidissement TECH9 -25°C - 5L","p":9.99,"u":"2,00 €/L","img":"https://fd9-photos.leclercdrive.fr/image.ashx?id=2162711&use=l&cat=p&typeid=i","cat":298253},{"id":150444,"n":"Douceur nature Bio Vrai Au lait de brebis - 2x125g","p":1.56,"u":"6,24 €/KG","img":"https://fd9-photos.leclercdrive.fr/image.ashx?id=2786450&use=l&cat=p&typeid=i","cat":314998},{"id":150485,"n":"Chocolat Pâtissier Lindt Noir - 70% cacao - 200g","p":2.97,"u":"14,85 €/KG","img":"https://fd9-photos.leclercdrive.fr/image.ashx?id=2730223&use=l&cat=p&typeid=i","cat":285562},{"id":150486,"n":"Chocolat Pâtissier Lindt Noir - 51% cacao - 200g","p":3.49,"u":"17,45 €/KG","img":"https://fd9-photos.leclercdrive.fr/image.ashx?id=2088726&use=l&cat=p&typeid=i","cat":285562},{"id":150488,"n":"Tartine pain campagne Pasquier - 180g","p":1.97,"u":"10,94 €/KG","img":"https://fd9-photos.leclercdrive.fr/image.ashx?id=2967028&use=l&cat=p&typeid=i","cat":285543},{"id":150763,"n":"Imperméabilisant protecteur Cuir Daim Nubuck 250ml","p":2.68,"u":"10,72 €/L","img":"https://fd9-photos.leclercdrive.fr/image.ashx?id=2068263&use=l&cat=p&typeid=i","cat":285201},{"id":150788,"n":"HERTA Tendre Croc Jambon Fromage sans nitrite 200g x2","p":1.84,"u":"9,20 €/KG","img":"https://fd9-photos.leclercdrive.fr/image.ashx?id=2752885&use=l&cat=p&typeid=i","cat":333671},{"id":150789,"n":"Détartrant multi-usages Melitta 375ml","p":3.72,"u":"9,92 €/L","img":"https://fd9-photos.leclercdrive.fr/image.ashx?id=2871070&use=l&cat=p&typeid=i","cat":325362},{"id":150791,"n":"HERTA Tendre Croc Maxi Jambon Fromage sans nitrite x2 - 300g","p":3.01,"u":"10,03 €/KG","img":"https://fd9-photos.leclercdrive.fr/image.ashx?id=2070150&use=l&cat=p&typeid=i","cat":333671},{"id":150793,"n":"HERTA Tendre Croc Jambon Fromage sans nitrite 400g x4","p":3.57,"u":"8,93 €/KG","img":"https://fd9-photos.leclercdrive.fr/image.ashx?id=2070144&use=l&cat=p&typeid=i","cat":333671},{"id":150798,"n":"HERTA Tendre Croc Comté Jambon sans nitrite 200g x2","p":2.05,"u":"10,25 €/KG","img":"https://fd9-photos.leclercdrive.fr/image.ashx?id=2070147&use=l&cat=p&typeid=i","cat":333671},{"id":150799,"n":"HERTA Tendre Croc Jambon Fromg ss croûte ss nitrite 200g","p":2.02,"u":"10,10 €/KG","img":"https://fd9-photos.leclercdrive.fr/image.ashx?id=2070153&use=l&cat=p&typeid=i","cat":333671},{"id":150804,"n":"Shampoing hydratant Fructis Hair food Aloe Vera - 350ml","p":3.83,"u":"10,94 €/L","img":"https://fd9-photos.leclercdrive.fr/image.ashx?id=2830594&use=l&cat=p&typeid=i","cat":284606},{"id":150821,"n":"Kinder Mix peluche Kinder 133g","p":13.92,"u":"104,66 €/KG","img":"https://fd9-photos.leclercdrive.fr/image.ashx?id=2428914&use=l&cat=p&typeid=i","cat":327789},{"id":151112,"n":"Prosciutto alle erbe Tradizioni d'Italia - 120g","p":2.46,"u":"20,50 €/KG","img":"https://fd9-photos.leclercdrive.fr/image.ashx?id=2925234&use=l&cat=p&typeid=i","cat":316007},{"id":151160,"n":"Crème gourmande Mamie Nova Chocolat banane - 2x150g","p":1.63,"u":"5,43 €/KG","img":"https://fd9-photos.leclercdrive.fr/image.ashx?id=2909041&use=l&cat=p&typeid=i","cat":285041},{"id":151168,"n":"Mousse au chocolat Bonne Maman 4x50g","p":2.47,"u":"12,35 €/KG","img":"https://fd9-photos.leclercdrive.fr/image.ashx?id=2912323&use=l&cat=p&typeid=i","cat":284417},{"id":151169,"n":"Liégeois lait d'amande chocolat Andros - 4x90g","p":2.95,"u":"8,19 €/KG","img":"https://fd9-photos.leclercdrive.fr/image.ashx?id=2871985&use=l&cat=p&typeid=i","cat":316071},{"id":151235,"n":"HERTA Blanc de poulet nature sans nitrite - 140g 4T","p":1.93,"u":"13,79 €/KG","img":"https://fd9-photos.leclercdrive.fr/image.ashx?id=2731348&use=l&cat=p&typeid=i","cat":316010},{"id":151290,"n":"Herta Blanc de poulet -25% de sel sans nitrite 140g 4T","p":2.27,"u":"16,21 €/KG","img":"https://fd9-photos.leclercdrive.fr/image.ashx?id=2307733&use=l&cat=p&typeid=i","cat":316010},{"id":151464,"n":"Fromage blanc Calin Extra Nature - 8x100g","p":2.11,"u":"2,64 €/KG","img":"https://fd9-photos.leclercdrive.fr/image.ashx?id=2973736&use=l&cat=p&typeid=i","cat":284409},{"id":151472,"n":"Fromage blanc Calin Extra Nature - 850g","p":2.29,"u":"2,69 €/KG","img":"https://fd9-photos.leclercdrive.fr/image.ashx?id=2973739&use=l&cat=p&typeid=i","cat":284409},{"id":151486,"n":"Galette moelleuse Saint Michel Pépite de chocolat - 180g","p":2.02,"u":"11,22 €/KG","img":"https://fd9-photos.leclercdrive.fr/image.ashx?id=2936245&use=l&cat=p&typeid=i","cat":284495},{"id":151508,"n":"Colin MSC haché Yooji 6 mois - 120g","p":4.23,"u":"35,25 €/KG","img":"https://fd9-photos.leclercdrive.fr/image.ashx?id=2529072&use=l&cat=p&typeid=i","cat":290631},{"id":151523,"n":"Beurre de baratte Isigny  Demi-sel - 80% MG - 250g","p":3.1,"u":"12,40 €/KG","img":"https://fd9-photos.leclercdrive.fr/image.ashx?id=2580946&use=l&cat=p&typeid=i","cat":284379},{"id":151602,"n":"Papier cuisson Albal Rouleau - 8m","p":2.43,"u":"0,30 €/MT","img":"https://fd9-photos.leclercdrive.fr/image.ashx?id=2551450&use=l&cat=p&typeid=i","cat":334134},{"id":151613,"n":"Eau minérale naturelle Evian  6L","p":2.97,"u":"0,50 €/L","img":"https://fd9-photos.leclercdrive.fr/image.ashx?id=2969025&use=l&cat=p&typeid=i","cat":284535},{"id":151680,"n":"Macédoine de Légumes Bonduelle 3x130g","p":2.17,"u":"5,56 €/KG","img":"https://fd9-photos.leclercdrive.fr/image.ashx?id=2910022&use=l&cat=p&typeid=i","cat":312612},{"id":151936,"n":"Yaourt brassé Bio Les 2 Vaches Vanille - 4x115g","p":1.96,"u":"4,26 €/KG","img":"https://fd9-photos.leclercdrive.fr/image.ashx?id=2571542&use=l&cat=p&typeid=i","cat":284410},{"id":151957,"n":"Poudre fondante L'Oréal Paris Accord Parfait 5D Sable doré","p":12.9,"img":"https://fd9-photos.leclercdrive.fr/image.ashx?id=2278055&use=l&cat=p&typeid=i","cat":287029},{"id":151959,"n":"Mascara Allongeant L'OréalParis Telescopic Carbone Noir","p":10.63,"img":"https://fd9-photos.leclercdrive.fr/image.ashx?id=2886178&use=l&cat=p&typeid=i","cat":287029},{"id":151960,"n":"Poudre fondante L'Oréal Paris Accord Parfait Beige Rosé - x1","p":12.9,"img":"https://fd9-photos.leclercdrive.fr/image.ashx?id=2471316&use=l&cat=p&typeid=i","cat":287029},{"id":151962,"n":"Fond de Teint L'Oréal Paris Accord Parfait 1.R Ivoire Rosé","p":12.9,"u":"430,00 €/L","img":"https://fd9-photos.leclercdrive.fr/image.ashx?id=2395550&use=l&cat=p&typeid=i","cat":287029},{"id":151963,"n":"Fond de teint L'Oréal Paris Accord Parfait Ambre Doré -30ml","p":12.9,"u":"430,00 €/L","img":"https://fd9-photos.leclercdrive.fr/image.ashx?id=2300521&use=l&cat=p&typeid=i","cat":287029},{"id":151964,"n":"BB Crème Teintée L'Oréal Paris Nuance 04 médium - 30ml","p":12.9,"u":"430,00 €/L","img":"https://fd9-photos.leclercdrive.fr/image.ashx?id=3014551&use=l&cat=p&typeid=i","cat":287029},{"id":151968,"n":"Mascara Maybelline  Colossal Volum'express Noir","p":9.9,"img":"https://fd9-photos.leclercdrive.fr/image.ashx?id=2592180&use=l&cat=p&typeid=i","cat":287029},{"id":151969,"n":"Mascara Intense L'Oréal Paris Lash Paradise Noir Intense","p":12.95,"img":"https://fd9-photos.leclercdrive.fr/image.ashx?id=2559595&use=l&cat=p&typeid=i","cat":287029},{"id":151971,"n":"Encre à lèvres mat Maybelline Superstay Matte Ink 20 Pioneer","p":12.9,"img":"https://fd9-photos.leclercdrive.fr/image.ashx?id=2423181&use=l&cat=p&typeid=i","cat":287029},{"id":151972,"n":"Correcteur anticerne Maybelline Instant Anti-Age 00 Ivoire","p":8.49,"img":"https://fd9-photos.leclercdrive.fr/image.ashx?id=2770545&use=l&cat=p&typeid=i","cat":287029},{"id":151973,"n":"Mascara Maybelline The Falsies Lash noir - x1","p":9.9,"img":"https://fd9-photos.leclercdrive.fr/image.ashx?id=2482390&use=l&cat=p&typeid=i","cat":287029},{"id":151980,"n":"Blush en poudre L'Oréal Paris Wake up and Glow Peach Addict","p":12.9,"img":"https://fd9-photos.leclercdrive.fr/image.ashx?id=2887008&use=l&cat=p&typeid=i","cat":287029},{"id":151983,"n":"Recharge liquide vaisselle & mains Briochin Ecocert 450ml","p":2.42,"u":"5,38 €/L","img":"https://fd9-photos.leclercdrive.fr/image.ashx?id=3000743&use=l&cat=p&typeid=i","cat":284655},{"id":151985,"n":"Crayon yeux Maybelline Tattoo Liner Bold Brown - x1","p":6.29,"img":"https://fd9-photos.leclercdrive.fr/image.ashx?id=2908177&use=l&cat=p&typeid=i","cat":287029},{"id":151996,"n":"Fromage enfant Kiri crème 24 portions à tartiner - 432g","p":5.02,"u":"0,21 €/P","img":"https://fd9-photos.leclercdrive.fr/image.ashx?id=2973568&use=l&cat=p&typeid=i","cat":314030},{"id":152001,"n":"Gnocchi à poêler Roll Lustucru  300g","p":1.73,"u":"5,77 €/KG","img":"https://fd9-photos.leclercdrive.fr/image.ashx?id=2792408&use=l&cat=p&typeid=i","cat":333682},{"id":152028,"n":"Quiches Lorraines L'Atelier Traiteur x2 - 280g","p":3.99,"u":"7,13 €/KG","img":"https://fd9-photos.leclercdrive.fr/image.ashx?id=2636272&use=l&cat=p&typeid=i","cat":333680},{"id":152073,"n":"Roulés au fromage L'Atelier Traiteur x2 - 240g","p":3.25,"u":"13,54 €/KG","img":"https://fd9-photos.leclercdrive.fr/image.ashx?id=2814462&use=l&cat=p&typeid=i","cat":333671},{"id":152074,"n":"Feuilletés jambon Emmental L'Atelier Traiteur x2 - 220g","p":3.59,"u":"16,32 €/KG","img":"https://fd9-photos.leclercdrive.fr/image.ashx?id=3012448&use=l&cat=p&typeid=i","cat":333671},{"id":152349,"n":"Sérum nuit anti-âge L'Oréal Revitalift Rétinol Pur - 30ml","p":13.96,"u":"465,33 €/L","img":"https://fd9-photos.leclercdrive.fr/image.ashx?id=2867530&use=l&cat=p&typeid=i","cat":325345},{"id":152365,"n":"Crème éclat La Provençale Bio Jouvence Anti-Âge - 50ml","p":10.41,"u":"208,20 €/L","img":"https://fd9-photos.leclercdrive.fr/image.ashx?id=2948147&use=l&cat=p&typeid=i","cat":325345},{"id":152381,"n":"Moutarde Maille Fine & douce - 370g","p":2.48,"u":"6,70 €/KG","img":"https://fd9-photos.leclercdrive.fr/image.ashx?id=2570763&use=l&cat=p&typeid=i","cat":288850},{"id":152414,"n":"Crème hydratante Scholl Adoucissante - 75ml","p":4.75,"u":"63,33 €/L","img":"https://fd9-photos.leclercdrive.fr/image.ashx?id=2980884&use=l&cat=p&typeid=i","cat":325354},{"id":152433,"n":"Semelles Gel Soft Femme Talons Hauts et Aiguilles","p":18.04,"img":"https://fd9-photos.leclercdrive.fr/image.ashx?id=2630214&use=l&cat=p&typeid=i","cat":325354},{"id":152474,"n":"Soupe de poisson La Rétaise 400g","p":3.5,"u":"8,75 €/KG","img":"https://fd9-photos.leclercdrive.fr/image.ashx?id=2089137&use=l&cat=p&typeid=i","cat":287366},{"id":152475,"n":"Croûtons nature La Rétaise 75g","p":0.97,"u":"12,93 €/KG","img":"https://fd9-photos.leclercdrive.fr/image.ashx?id=2089140&use=l&cat=p&typeid=i","cat":284464},{"id":152502,"n":"Quatre-quart Ker Cadélac 500g","p":3.93,"u":"7,86 €/KG","img":"https://fd9-photos.leclercdrive.fr/image.ashx?id=2958848&use=l&cat=p&typeid=i","cat":294776},{"id":152505,"n":"Boisson végétale Bio Bjorg 1L","p":1.59,"u":"1,59 €/L","img":"https://fd9-photos.leclercdrive.fr/image.ashx?id=2972994&use=l&cat=p&typeid=i","cat":316067},{"id":152506,"n":"Boisson avoine Bio Bjorg Sans sucres - 1L","p":2.19,"u":"2,19 €/L","img":"https://fd9-photos.leclercdrive.fr/image.ashx?id=2939454&use=l&cat=p&typeid=i","cat":316067},{"id":152596,"n":"Câpres Maille Surfines - 85g","p":3.03,"u":"35,65 €/KG","img":"https://fd9-photos.leclercdrive.fr/image.ashx?id=2539674&use=l&cat=p&typeid=i","cat":284458},{"id":152610,"n":"Pasta Box Sodebo Fusilli à la Bolognaise - 330g","p":2.53,"u":"7,67 €/KG","img":"https://fd9-photos.leclercdrive.fr/image.ashx?id=2991996&use=l&cat=p&typeid=i","cat":334983},{"id":152611,"n":"Gâteaux Kinder Délice coconut Noix de coco et cacao - 10x37g","p":3.68,"u":"9,95 €/KG","img":"https://fd9-photos.leclercdrive.fr/image.ashx?id=2832482&use=l&cat=p&typeid=i","cat":284495},{"id":152612,"n":"Pasta Box Sodebo Fusilli à la Carbonara - 330g","p":2.51,"u":"7,61 €/KG","img":"https://fd9-photos.leclercdrive.fr/image.ashx?id=2919781&use=l&cat=p&typeid=i","cat":334983},{"id":152615,"n":"Pasta Box Sodebo Fusilli Fromages Italiens -330g","p":2.52,"u":"7,64 €/KG","img":"https://fd9-photos.leclercdrive.fr/image.ashx?id=2919784&use=l&cat=p&typeid=i","cat":334983},{"id":152616,"n":"Pasta Box Sodebo Fusilli Saumon - 280g","p":3.33,"u":"11,10 €/KG","img":"https://fd9-photos.leclercdrive.fr/image.ashx?id=2985078&use=l&cat=p&typeid=i","cat":334983},{"id":152617,"n":"Happy Cherry Haribo Sachet bonbons - 220g","p":1.65,"u":"7,50 €/KG","img":"https://fd9-photos.leclercdrive.fr/image.ashx?id=2984901&use=l&cat=p&typeid=i","cat":304250},{"id":152736,"n":"Camembert Le Rustique Extra coulant - 240g","p":3.32,"u":"13,83 €/KG","img":"https://fd9-photos.leclercdrive.fr/image.ashx?id=2797479&use=l&cat=p&typeid=i","cat":314033},{"id":152774,"n":"Sauce Algérienne Heinz - 220g","p":1.81,"u":"8,23 €/KG","img":"https://fd9-photos.leclercdrive.fr/image.ashx?id=2926846&use=l&cat=p&typeid=i","cat":318431},{"id":153015,"n":"Cassonade pure canne Daddy 750g","p":2.23,"u":"2,97 €/KG","img":"https://fd9-photos.leclercdrive.fr/image.ashx?id=2944702&use=l&cat=p&typeid=i","cat":284502},{"id":153059,"n":"Cônes glacés Trium Chocolat - x6 - 423g","p":2.13,"u":"5,04 €/KG","img":"https://fd9-photos.leclercdrive.fr/image.ashx?id=2079194&use=l&cat=p&typeid=i","cat":284264},{"id":153060,"n":"Cônes glacés Trium Vanille caramel - x6 - 432g","p":2.53,"u":"5,86 €/KG","img":"https://fd9-photos.leclercdrive.fr/image.ashx?id=2931835&use=l&cat=p&typeid=i","cat":284264},{"id":153061,"n":"Cônes glacés Trium Vanille fraise - x6 - 426g","p":1.69,"u":"3,97 €/KG","img":"https://fd9-photos.leclercdrive.fr/image.ashx?id=2931808&use=l&cat=p&typeid=i","cat":284264},{"id":153062,"n":"Cônes glacés Trium Vanille nougatine x6 - 402g","p":1.59,"u":"3,96 €/KG","img":"https://fd9-photos.leclercdrive.fr/image.ashx?id=2931805&use=l&cat=p&typeid=i","cat":284264},{"id":153072,"n":"Cônes glacés Trium Café - x6 - 426g","p":2.19,"u":"5,14 €/KG","img":"https://fd9-photos.leclercdrive.fr/image.ashx?id=2931838&use=l&cat=p&typeid=i","cat":284264},{"id":153108,"n":"Rhum blanc Clement 50° - 1L","p":20.48,"pp":18.43,"u":"18,43 €/L","img":"https://fd9-photos.leclercdrive.fr/image.ashx?id=2093244&use=l&cat=p&typeid=i","cat":284550},{"id":153151,"n":"Jambon Supérieur Fleury Michon sans nitrite x4 - 140g","p":2.15,"u":"15,36 €/KG","img":"https://fd9-photos.leclercdrive.fr/image.ashx?id=2889475&use=l&cat=p&typeid=i","cat":316009},{"id":153153,"n":"Jambon Supérieur Fleury Michon -25% sel sans nitrite- x2 - 70g","p":1.85,"u":"26,43 €/KG","img":"https://fd9-photos.leclercdrive.fr/image.ashx?id=2889484&use=l&cat=p&typeid=i","cat":316009},{"id":153158,"n":"Jambon Simplement Bon Fleury  Michon -25% de sel - x6 - 210g","p":2.92,"u":"13,90 €/KG","img":"https://fd9-photos.leclercdrive.fr/image.ashx?id=2842696&use=l&cat=p&typeid=i","cat":316009},{"id":153165,"n":"Jambon Fleury Michon Simplement  Bio sans nitrite - x4 - 120g","p":4.76,"u":"39,67 €/KG","img":"https://fd9-photos.leclercdrive.fr/image.ashx?id=2959040&use=l&cat=p&typeid=i","cat":316009},{"id":153167,"n":"Jambon Simplement Bon  Fleury Michon - x8 - 320g","p":4.07,"u":"12,72 €/KG","img":"https://fd9-photos.leclercdrive.fr/image.ashx?id=3008383&use=l&cat=p&typeid=i","cat":316009},{"id":153229,"n":"Mayonnaise de Dijon Amora Tube - 175g","p":1.38,"u":"7,89 €/KG","img":"https://fd9-photos.leclercdrive.fr/image.ashx?id=2082711&use=l&cat=p&typeid=i","cat":298295},{"id":153248,"n":"Rôti de porc Fleury Michon Extra tendre - x4 - 160g","p":3.47,"u":"21,69 €/KG","img":"https://fd9-photos.leclercdrive.fr/image.ashx?id=2314050&use=l&cat=p&typeid=i","cat":316009},{"id":153313,"n":"Gateau Savane Brossard Pocket chocolat - x7  210g","p":2.18,"u":"10,38 €/KG","img":"https://fd9-photos.leclercdrive.fr/image.ashx?id=2870722&use=l&cat=p&typeid=i","cat":284495},{"id":153328,"n":"Gâteaux fourrés Napolitain LU Chocolat - 180g","p":1.55,"u":"8,61 €/KG","img":"https://fd9-photos.leclercdrive.fr/image.ashx?id=3002225&use=l&cat=p&typeid=i","cat":284495},{"id":153494,"n":"Desserts Lactés P'TIT BRASSE Abricot BIO 6M+ - 4x90g","p":2.41,"u":"6,69 €/KG","img":"https://fd9-photos.leclercdrive.fr/image.ashx?id=2672581&use=l&cat=p&typeid=i","cat":312392},{"id":153822,"n":"Savane chocolat noir Brossard Pocket x7 - 210g","p":2.27,"u":"10,81 €/KG","img":"https://fd9-photos.leclercdrive.fr/image.ashx?id=2881452&use=l&cat=p&typeid=i","cat":284495},{"id":153929,"n":"Bûche de chèvre frais cendrée L'Atelier Fromagerie - 200g","p":3.19,"u":"15,95 €/KG","img":"https://fd9-photos.leclercdrive.fr/image.ashx?id=2999646&use=l&cat=p&typeid=i","cat":314036},{"id":153994,"n":"Lentilles vertes Vivien Paille 500g","p":1.65,"u":"3,30 €/KG","img":"https://fd9-photos.leclercdrive.fr/image.ashx?id=2247697&use=l&cat=p&typeid=i","cat":312609},{"id":154629,"n":"Bière Blonde Leffe 6,6% - 20x25cl","p":15.19,"u":"3,04 €/L","img":"https://fd9-photos.leclercdrive.fr/image.ashx?id=2995427&use=l&cat=p&typeid=i","cat":334852},{"id":155123,"n":"Biscuits fourrés  BN Fraises - 285g","p":1.33,"u":"4,67 €/KG","img":"https://fd9-photos.leclercdrive.fr/image.ashx?id=2878804&use=l&cat=p&typeid=i","cat":284489},{"id":155134,"n":"Knacki original Herta x4 - 140g","p":1.36,"u":"9,71 €/KG","img":"https://fd9-photos.leclercdrive.fr/image.ashx?id=2289840&use=l&cat=p&typeid=i","cat":316012},{"id":155158,"n":"Vin de pays Charentais de Ré Soif d'évasion rosé - 75cl","p":6.65,"u":"8,87 €/L","img":"https://fd9-photos.leclercdrive.fr/image.ashx?id=2115430&use=l&cat=p&typeid=i","cat":289558},{"id":155160,"n":"Vin de pays Charentais de Ré Chardonnay - 75cl","p":6.65,"u":"8,87 €/L","img":"https://fd9-photos.leclercdrive.fr/image.ashx?id=2115427&use=l&cat=p&typeid=i","cat":289557},{"id":155162,"n":"Vin de pays Charentais de Ré Sauvignon blanc - 75cl","p":6.65,"u":"8,87 €/L","img":"https://fd9-photos.leclercdrive.fr/image.ashx?id=2115421&use=l&cat=p&typeid=i","cat":289557},{"id":155163,"n":"Vin de pays Charentais de Ré Azuré rosé Bio  - 75cl","p":7.95,"u":"10,60 €/L","img":"https://fd9-photos.leclercdrive.fr/image.ashx?id=2095875&use=l&cat=p&typeid=i","cat":289558},{"id":155165,"n":"Vin de pays Charentais de Ré Azuré rouge Bio  - 75cl","p":8.0,"u":"10,67 €/L","img":"https://fd9-photos.leclercdrive.fr/image.ashx?id=2095878&use=l&cat=p&typeid=i","cat":289556},{"id":155169,"n":"Vin de pays Charentais de Ré Soif d'évasion rouge - 75cl","p":6.65,"u":"8,87 €/L","img":"https://fd9-photos.leclercdrive.fr/image.ashx?id=2115424&use=l&cat=p&typeid=i","cat":289556},{"id":155244,"n":"Mini cônes Extrême  Vanille  - 8x39g","p":4.49,"u":"14,39 €/KG","img":"https://fd9-photos.leclercdrive.fr/image.ashx?id=2737741&use=l&cat=p&typeid=i","cat":284264},{"id":155295,"n":"Préparation Cookies alsa Pépites de Chocolat - 240g","p":2.19,"u":"9,13 €/KG","img":"https://fd9-photos.leclercdrive.fr/image.ashx?id=2996446&use=l&cat=p&typeid=i","cat":284505},{"id":155300,"n":"Capsules Starbucks by Nespresso  Italian Style Int 11 - x10","p":3.48,"u":"62,14 €/KG","img":"https://fd9-photos.leclercdrive.fr/image.ashx?id=2654068&use=l&cat=p&typeid=i","cat":284749},{"id":155301,"n":"Biscuit BN chocolat 285g","p":1.33,"u":"4,67 €/KG","img":"https://fd9-photos.leclercdrive.fr/image.ashx?id=2810705&use=l&cat=p&typeid=i","cat":284488},{"id":155302,"n":"Biscuits BN casse croute 400g","p":1.41,"u":"3,53 €/KG","img":"https://fd9-photos.leclercdrive.fr/image.ashx?id=2503900&use=l&cat=p&typeid=i","cat":284491},{"id":155303,"n":"Briochettes Pasquier x12 - 480g","p":2.28,"u":"4,75 €/KG","img":"https://fd9-photos.leclercdrive.fr/image.ashx?id=2417857&use=l&cat=p&typeid=i","cat":284478},{"id":155448,"n":"Gâche tranchée Pasquier 500g","p":2.63,"u":"5,26 €/KG","img":"https://fd9-photos.leclercdrive.fr/image.ashx?id=2650516&use=l&cat=p&typeid=i","cat":284478},{"id":155484,"n":"Gel WC Domestos Protect Eucalyptus Menthe - 700ml","p":2.28,"u":"3,26 €/L","img":"https://fd9-photos.leclercdrive.fr/image.ashx?id=2811755&use=l&cat=p&typeid=i","cat":284662},{"id":155511,"n":"Nettoyant Lave-Linge Destop  Désinfectant - x2","p":4.93,"u":"9,86 €/L","img":"https://fd9-photos.leclercdrive.fr/image.ashx?id=2831735&use=l&cat=p&typeid=i","cat":284653},{"id":155546,"n":"Assiettes dessert 17cm Blanc sans film PE - x50","p":2.69,"u":"0,05 €/P","img":"https://fd9-photos.leclercdrive.fr/image.ashx?id=2096688&use=l&cat=p&typeid=i","cat":334134},{"id":155549,"n":"Glace Bâtonnet MAGNUM Double Gold Caramel 4x85ml","p":2.99,"u":"10,53 €/KG","img":"https://fd9-photos.leclercdrive.fr/image.ashx?id=2770620&use=l&cat=p&typeid=i","cat":284265},{"id":155551,"n":"Mini bâtonnet Magnum  Double gold caramel x6 - 282g","p":4.42,"u":"15,67 €/KG","img":"https://fd9-photos.leclercdrive.fr/image.ashx?id=2769239&use=l&cat=p&typeid=i","cat":284265},{"id":155598,"n":"Miel de printemps L'Abeille de Ré - 1kg","p":13.29,"u":"13,29 €/KG","img":"https://fd9-photos.leclercdrive.fr/image.ashx?id=2096761&use=l&cat=p&typeid=i","cat":287643},{"id":155599,"n":"Miel d'été L'Abeille de Ré - 1kg","p":13.29,"u":"13,29 €/KG","img":"https://fd9-photos.leclercdrive.fr/image.ashx?id=2109920&use=l&cat=p&typeid=i","cat":287643},{"id":155600,"n":"Miel de printemps L'Abeille de Ré - 500g","p":9.36,"u":"18,72 €/KG","img":"https://fd9-photos.leclercdrive.fr/image.ashx?id=2096764&use=l&cat=p&typeid=i","cat":287643},{"id":155601,"n":"Miel de fleurs L'Abeille de Ré - 500g","p":8.59,"u":"17,18 €/KG","img":"https://fd9-photos.leclercdrive.fr/image.ashx?id=2096767&use=l&cat=p&typeid=i","cat":287643},{"id":155602,"n":"Miel d'été L'Abeille de Ré - 500g","p":8.59,"u":"17,18 €/KG","img":"https://fd9-photos.leclercdrive.fr/image.ashx?id=2109917&use=l&cat=p&typeid=i","cat":287643},{"id":155603,"n":"IGP Confiture mara des bois Les Confitures du Clocher 240g","p":4.48,"u":"18,67 €/KG","img":"https://fd9-photos.leclercdrive.fr/image.ashx?id=2099420&use=l&cat=p&typeid=i","cat":284480},{"id":155604,"n":"Confiture framboise Les Confitures du Clocher 240g","p":5.26,"u":"21,92 €/KG","img":"https://fd9-photos.leclercdrive.fr/image.ashx?id=2099426&use=l&cat=p&typeid=i","cat":284480},{"id":155605,"n":"Confiture cerise noire Les Confitures du Clocher 240g","p":5.28,"u":"22,00 €/KG","img":"https://fd9-photos.leclercdrive.fr/image.ashx?id=2099438&use=l&cat=p&typeid=i","cat":284480},{"id":155606,"n":"Confiture abricot amande Les Confitures du Clocher 240g","p":5.2,"u":"21,67 €/KG","img":"https://fd9-photos.leclercdrive.fr/image.ashx?id=2099432&use=l&cat=p&typeid=i","cat":284480},{"id":155607,"n":"Confiture fraise hibiscus Les Confitures du Clocher 240g","p":5.44,"u":"22,67 €/KG","img":"https://fd9-photos.leclercdrive.fr/image.ashx?id=2115529&use=l&cat=p&typeid=i","cat":284480},{"id":155608,"n":"Confiture orange confite Les Confitures du Clocher 240g","p":5.37,"u":"22,38 €/KG","img":"https://fd9-photos.leclercdrive.fr/image.ashx?id=2099435&use=l&cat=p&typeid=i","cat":284480},{"id":155609,"n":"Confiture 3 fruits rouges Les Confitures du Clocher 240g","p":5.18,"u":"21,58 €/KG","img":"https://fd9-photos.leclercdrive.fr/image.ashx?id=2099423&use=l&cat=p&typeid=i","cat":284480},{"id":155610,"n":"Confiture pêche de vigne Les Confitures du Clocher 240g","p":5.2,"u":"21,67 €/KG","img":"https://fd9-photos.leclercdrive.fr/image.ashx?id=2099429&use=l&cat=p&typeid=i","cat":284480},{"id":155615,"n":"Fleur de sel de l'île de Ré Sachet toile - 125g","p":4.53,"u":"36,24 €/KG","img":"https://fd9-photos.leclercdrive.fr/image.ashx?id=2098781&use=l&cat=p&typeid=i","cat":284457},{"id":155616,"n":"Fleur de sel de l'île de Ré Sachet - 125g","p":2.74,"u":"21,92 €/KG","img":"https://fd9-photos.leclercdrive.fr/image.ashx?id=2873946&use=l&cat=p&typeid=i","cat":284457},{"id":155617,"n":"Fleur de sel de l'île de Ré Pot - 125g","p":3.19,"u":"25,52 €/KG","img":"https://fd9-photos.leclercdrive.fr/image.ashx?id=2861009&use=l&cat=p&typeid=i","cat":284457},{"id":155618,"n":"Fleur de sel de l'île de Ré Bocal verre  - 180g","p":9.43,"u":"52,39 €/KG","img":"https://fd9-photos.leclercdrive.fr/image.ashx?id=2861012&use=l&cat=p&typeid=i","cat":284457},{"id":155621,"n":"Gros sel séché de l'île de Ré Sachet toile - 750g","p":4.37,"u":"5,83 €/KG","img":"https://fd9-photos.leclercdrive.fr/image.ashx?id=2098772&use=l&cat=p&typeid=i","cat":284457},{"id":155625,"n":"Fleur de sel de l'île de Ré Sachet - 500g","p":8.73,"u":"17,46 €/KG","img":"https://fd9-photos.leclercdrive.fr/image.ashx?id=2861018&use=l&cat=p&typeid=i","cat":284457},{"id":155626,"n":"Fleur de sel de l'île de Ré Sachet debout - 200g","p":4.86,"u":"24,30 €/KG","img":"https://fd9-photos.leclercdrive.fr/image.ashx?id=2861015&use=l&cat=p&typeid=i","cat":284457},{"id":155627,"n":"Fleur de sel de l'île de Ré Moulin verre - 80g","p":4.29,"u":"53,63 €/KG","img":"https://fd9-photos.leclercdrive.fr/image.ashx?id=2861006&use=l&cat=p&typeid=i","cat":284457},{"id":155628,"n":"Salière sel fin de l'île de Ré 250g","p":1.98,"u":"7,92 €/KG","img":"https://fd9-photos.leclercdrive.fr/image.ashx?id=2861021&use=l&cat=p&typeid=i","cat":284457},{"id":155629,"n":"Sel fin de l'île de Ré Sachet - 500g","p":1.68,"u":"3,36 €/KG","img":"https://fd9-photos.leclercdrive.fr/image.ashx?id=2098796&use=l&cat=p&typeid=i","cat":284457},{"id":155630,"n":"Fleur de sel de l'île de Ré Rivesaline - 500g","p":9.39,"u":"18,78 €/KG","img":"https://fd9-photos.leclercdrive.fr/image.ashx?id=2099255&use=l&cat=p&typeid=i","cat":284457},{"id":155631,"n":"Fleur de sel de l'île de Ré Rivesaline - 250g","p":4.75,"u":"19,00 €/KG","img":"https://fd9-photos.leclercdrive.fr/image.ashx?id=2099252&use=l&cat=p&typeid=i","cat":284457},{"id":155633,"n":"Crème de caramel Bio Fleur de sel - 220g","p":4.99,"u":"22,68 €/KG","img":"https://fd9-photos.leclercdrive.fr/image.ashx?id=2190611&use=l&cat=p&typeid=i","cat":285041},{"id":155636,"n":"Fleur de sel de l'île de Ré Rivesaline salière - 50g","p":3.99,"u":"79,80 €/KG","img":"https://fd9-photos.leclercdrive.fr/image.ashx?id=2110896&use=l&cat=p&typeid=i","cat":284457},{"id":155639,"n":"Fleur de sel de l'île de Ré 74g","p":3.09,"u":"41,76 €/KG","img":"https://fd9-photos.leclercdrive.fr/image.ashx?id=2110893&use=l&cat=p&typeid=i","cat":284457},{"id":155714,"n":"Déboucheur Gel Destop  Spécial Cheveux - 1L","p":2.73,"u":"2,73 €/L","img":"https://fd9-photos.leclercdrive.fr/image.ashx?id=2625388&use=l&cat=p&typeid=i","cat":284908},{"id":155717,"n":"Sauce apéritif  Doritos Goût salsa douce -280g","p":2.38,"u":"8,50 €/KG","img":"https://fd9-photos.leclercdrive.fr/image.ashx?id=3014476&use=l&cat=p&typeid=i","cat":284451},{"id":155772,"n":"Spray Détachant à Sec Vanish  500ml","p":5.13,"u":"10,26 €/L","img":"https://fd9-photos.leclercdrive.fr/image.ashx?id=2680410&use=l&cat=p&typeid=i","cat":284651},{"id":155795,"n":"Soda Coca-Cola - SANS SUCRES Canette - 6x33cl","p":3.35,"u":"1,69 €/L","img":"https://fd9-photos.leclercdrive.fr/image.ashx?id=2736805&use=l&cat=p&typeid=i","cat":284530},{"id":155815,"n":"Compote avec morceaux Andros Cerise - 4x100g","p":2.69,"u":"6,73 €/KG","img":"https://fd9-photos.leclercdrive.fr/image.ashx?id=2887011&use=l&cat=p&typeid=i","cat":284416},{"id":155816,"n":"Compote avec morceaux Andros Framboise - 4x100g","p":2.66,"u":"6,65 €/KG","img":"https://fd9-photos.leclercdrive.fr/image.ashx?id=2908201&use=l&cat=p&typeid=i","cat":284416},{"id":155819,"n":"Yaourt brassé Perle de Lait Saveur Amande - 4x125g","p":2.07,"u":"4,14 €/KG","img":"https://fd9-photos.leclercdrive.fr/image.ashx?id=2939655&use=l&cat=p&typeid=i","cat":286006},{"id":155820,"n":"Salade Batavia verte 1p","p":1.7,"img":"https://fd9-photos.leclercdrive.fr/image.ashx?id=1633577&use=l&cat=p&typeid=i","cat":284352},{"id":155828,"n":"Chou rouge 1p","p":1.95,"img":"https://fd9-photos.leclercdrive.fr/image.ashx?id=560850&use=l&cat=p&typeid=i","cat":284352},{"id":155829,"n":"Salade laitue verte 1p","p":1.7,"img":"https://fd9-photos.leclercdrive.fr/image.ashx?id=1633040&use=l&cat=p&typeid=i","cat":284352},{"id":155833,"n":"Feuille de chêne rouge 1p","p":1.0,"img":"https://fd9-photos.leclercdrive.fr/image.ashx?id=1633670&use=l&cat=p&typeid=i","cat":284352},{"id":155905,"n":"Ciseaux classic universel Orange droitier - 21cm","p":17.9,"img":"https://fd9-photos.leclercdrive.fr/image.ashx?id=2736853&use=l&cat=p&typeid=i","cat":334135},{"id":155965,"n":"Tasse en verre 33cl","p":2.0,"img":"https://fd9-photos.leclercdrive.fr/image.ashx?id=2118036&use=l&cat=p&typeid=i","cat":334134},{"id":156020,"n":"Soda Sprite Canette - 6x33cl","p":3.18,"u":"1,61 €/L","img":"https://fd9-photos.leclercdrive.fr/image.ashx?id=2973994&use=l&cat=p&typeid=i","cat":284531},{"id":156022,"n":"Soda Coca Cola Cherry Canette 6x33cl","p":4.32,"u":"2,18 €/L","img":"https://fd9-photos.leclercdrive.fr/image.ashx?id=2997226&use=l&cat=p&typeid=i","cat":284530},{"id":156028,"n":"Sucre Poudre Daddy Extra Fin profil pack 750g","p":1.79,"u":"2,39 €/KG","img":"https://fd9-photos.leclercdrive.fr/image.ashx?id=2936074&use=l&cat=p&typeid=i","cat":284502},{"id":156047,"n":"Sardines  Connétable Huile d'olive et échalotes 135g","p":2.62,"u":"19,41 €/KG","img":"https://fd9-photos.leclercdrive.fr/image.ashx?id=2902711&use=l&cat=p&typeid=i","cat":305146},{"id":156067,"n":"Soda Coca-Cola Canette - 6x33cl","p":4.22,"u":"2,13 €/L","img":"https://fd9-photos.leclercdrive.fr/image.ashx?id=2997229&use=l&cat=p&typeid=i","cat":284530},{"id":156135,"n":"Soda Coca-Cola canettes 12x33cl","p":8.31,"u":"2,10 €/L","img":"https://fd9-photos.leclercdrive.fr/image.ashx?id=2192940&use=l&cat=p&typeid=i","cat":284530},{"id":156138,"n":"Soda Coca-Cola Original Canettes - 20x33cl","p":14.08,"u":"2,13 €/L","img":"https://fd9-photos.leclercdrive.fr/image.ashx?id=2846766&use=l&cat=p&typeid=i","cat":284530},{"id":156145,"n":"Thé glacé Fuze tea Saveur pêche - 1,75L","p":1.9,"u":"1,09 €/L","img":"https://fd9-photos.leclercdrive.fr/image.ashx?id=2944395&use=l&cat=p&typeid=i","cat":295019},{"id":156156,"n":"Fromage enfant Kiri crème 8 portions à tartiner - 144g","p":2.07,"u":"0,26 €/P","img":"https://fd9-photos.leclercdrive.fr/image.ashx?id=2973562&use=l&cat=p&typeid=i","cat":314030},{"id":156165,"n":"Sauce bolognaise Bolo Balls 400g","p":2.59,"u":"6,48 €/KG","img":"https://fd9-photos.leclercdrive.fr/image.ashx?id=2918571&use=l&cat=p&typeid=i","cat":287599},{"id":156171,"n":"Sablés Michel et Augustin Parmigiano reggiano - 100g","p":2.57,"u":"25,70 €/KG","img":"https://fd9-photos.leclercdrive.fr/image.ashx?id=2114218&use=l&cat=p&typeid=i","cat":297000},{"id":156174,"n":"Biscuits fourrés BN Framboise - 285g","p":1.49,"u":"5,23 €/KG","img":"https://fd9-photos.leclercdrive.fr/image.ashx?id=2474999&use=l&cat=p&typeid=i","cat":284489},{"id":156175,"n":"Doomino St Michel Chocolat - x6","p":1.94,"u":"10,78 €/KG","img":"https://fd9-photos.leclercdrive.fr/image.ashx?id=2949979&use=l&cat=p&typeid=i","cat":284495},{"id":156188,"n":"Préparation Flan Pâtissier alsa Vanille - 740g","p":2.73,"u":"3,69 €/KG","img":"https://fd9-photos.leclercdrive.fr/image.ashx?id=2790591&use=l&cat=p&typeid=i","cat":284505},{"id":156189,"n":"Préparation Gâteau alsa Brownies - 305g","p":3.14,"u":"10,30 €/KG","img":"https://fd9-photos.leclercdrive.fr/image.ashx?id=2996440&use=l&cat=p&typeid=i","cat":284505},{"id":156193,"n":"Farine blé T45 Francine 750g","p":1.51,"u":"2,01 €/KG","img":"https://fd9-photos.leclercdrive.fr/image.ashx?id=2989141&use=l&cat=p&typeid=i","cat":284503},{"id":156198,"n":"Bière blonde Tripel Karmeliet 8,4% - 6x33cl","p":12.27,"u":"6,20 €/L","img":"https://fd9-photos.leclercdrive.fr/image.ashx?id=2675586&use=l&cat=p&typeid=i","cat":334872},{"id":156223,"n":"Croquette Truite One Sterilcat Indoor formula","p":13.93,"u":"4,64 €/KG","img":"https://fd9-photos.leclercdrive.fr/image.ashx?id=2488076&use=l&cat=p&typeid=i","cat":284680},{"id":156271,"n":"Smarties Hexatube Bonbons Chocolat - 6x34g","p":2.77,"u":"13,58 €/KG","img":"https://fd9-photos.leclercdrive.fr/image.ashx?id=2917690&use=l&cat=p&typeid=i","cat":304238},{"id":156354,"n":"Saint Nectaire laitier AOP L'Atelier Fromagerie - 300g","p":4.7,"u":"15,67 €/KG","img":"https://fd9-photos.leclercdrive.fr/image.ashx?id=2115917&use=l&cat=p&typeid=i","cat":329184},{"id":156397,"n":"Glaces Ferrero Rocher x4 chocolat lait noisettes - 200g","p":3.46,"img":"https://fd9-photos.leclercdrive.fr/image.ashx?id=2759065&use=l&cat=p&typeid=i","cat":284265},{"id":156412,"n":"Glaces Nui Caramel White chocolate & Texan pecan x4 264g","p":4.47,"u":"16,93 €/KG","img":"https://fd9-photos.leclercdrive.fr/image.ashx?id=2519900&use=l&cat=p&typeid=i","cat":284265},{"id":156428,"n":"Friandises chien Pedigree Schmackos volaille x20 - 144g","p":2.24,"u":"15,56 €/KG","img":"https://fd9-photos.leclercdrive.fr/image.ashx?id=2850174&use=l&cat=p&typeid=i","cat":294527},{"id":156476,"n":"Fromage Feta Grecque Islos AOP - 150g","p":2.8,"u":"18,67 €/KG","img":"https://fd9-photos.leclercdrive.fr/image.ashx?id=2892625&use=l&cat=p&typeid=i","cat":314026},{"id":156493,"n":"Petit pot bébé Blédina 6 mois  Légumes bœuf - 2x200g","p":2.14,"u":"5,35 €/KG","img":"https://fd9-photos.leclercdrive.fr/image.ashx?id=2968091&use=l&cat=p&typeid=i","cat":312236},{"id":156495,"n":"Petit pot bébé Blédina 6 mois Légumes lieu - 2x200g","p":1.8,"u":"4,50 €/KG","img":"https://fd9-photos.leclercdrive.fr/image.ashx?id=2935771&use=l&cat=p&typeid=i","cat":312236},{"id":156496,"n":"Petit pot bébé Blédina 6 mois Potimarron jambon - 2x200g","p":2.1,"u":"5,25 €/KG","img":"https://fd9-photos.leclercdrive.fr/image.ashx?id=2935768&use=l&cat=p&typeid=i","cat":312236},{"id":156497,"n":"Petit pot bébé Blédina 8 mois Riz ratatouille poisson -2x200g","p":2.05,"u":"5,13 €/KG","img":"https://fd9-photos.leclercdrive.fr/image.ashx?id=2911208&use=l&cat=p&typeid=i","cat":312236},{"id":156498,"n":"Compote bébé Blédina 4-6 mois Pomme poire - 4x130g","p":2.89,"u":"5,56 €/KG","img":"https://fd9-photos.leclercdrive.fr/image.ashx?id=2911873&use=l&cat=p&typeid=i","cat":312387},{"id":156499,"n":"Petit pot bébé Blédina 8 mois Légumes poulet - 2x200g","p":1.96,"u":"4,90 €/KG","img":"https://fd9-photos.leclercdrive.fr/image.ashx?id=2935765&use=l&cat=p&typeid=i","cat":312236},{"id":156501,"n":"Petit pot bébé Blédina 6 mois Légumes jambon - 2x200g","p":1.95,"u":"4,88 €/KG","img":"https://fd9-photos.leclercdrive.fr/image.ashx?id=2948767&use=l&cat=p&typeid=i","cat":312236},{"id":156503,"n":"Petit pot bébé Blédina 6 mois  Légumes verts poulet - 2x200g","p":1.98,"u":"4,95 €/KG","img":"https://fd9-photos.leclercdrive.fr/image.ashx?id=2983063&use=l&cat=p&typeid=i","cat":312236},{"id":156527,"n":"Capsules Starbucks by Nespresso  Blonde Espresso Int 6 - x18","p":6.05,"u":"64,36 €/KG","img":"https://fd9-photos.leclercdrive.fr/image.ashx?id=2668177&use=l&cat=p&typeid=i","cat":284749},{"id":156528,"n":"Petit pot bébé Blédina 4-6 mois Carotte - 2x130g","p":1.2,"u":"4,62 €/KG","img":"https://fd9-photos.leclercdrive.fr/image.ashx?id=2911870&use=l&cat=p&typeid=i","cat":312234},{"id":156529,"n":"Compote bébé Blédina 4-6 mois Pomme banane - 4x130g","p":2.62,"u":"5,04 €/KG","img":"https://fd9-photos.leclercdrive.fr/image.ashx?id=2911193&use=l&cat=p&typeid=i","cat":312387},{"id":156539,"n":"Petit pot bébé Blédina 6 mois Semoule carotte dinde - 2x200g","p":2.16,"u":"5,40 €/KG","img":"https://fd9-photos.leclercdrive.fr/image.ashx?id=2935774&use=l&cat=p&typeid=i","cat":312236},{"id":156540,"n":"Petit pot bébé Blédina 6 mois Patate douce carotte-2x200g","p":1.92,"u":"4,80 €/KG","img":"https://fd9-photos.leclercdrive.fr/image.ashx?id=2951617&use=l&cat=p&typeid=i","cat":312235},{"id":156563,"n":"Petit pot bébé Blédina 6 mois Purée carotte jambon - 2x200g","p":2.02,"u":"5,05 €/KG","img":"https://fd9-photos.leclercdrive.fr/image.ashx?id=2935762&use=l&cat=p&typeid=i","cat":312236},{"id":156569,"n":"Vin rouge Merlot Cabernet Domaine Pelletier - 75cl","p":4.1,"u":"5,47 €/L","img":"https://fd9-photos.leclercdrive.fr/image.ashx?id=2147271&use=l&cat=p&typeid=i","cat":289556},{"id":156570,"n":"Vin blanc Colombard Domaine Pelletier - 75cl","p":8.5,"u":"11,33 €/L","img":"https://fd9-photos.leclercdrive.fr/image.ashx?id=2642723&use=l&cat=p&typeid=i","cat":289557},{"id":156588,"n":"Pastis bleu artisanal Le Pertuis - 70cl","p":29.0,"u":"41,43 €/L","img":"https://fd9-photos.leclercdrive.fr/image.ashx?id=2327150&use=l&cat=p&typeid=i","cat":284548},{"id":156589,"n":"Pastis jaune artisanal Le Pertuis - 70cl","p":29.0,"u":"41,43 €/L","img":"https://fd9-photos.leclercdrive.fr/image.ashx?id=2327147&use=l&cat=p&typeid=i","cat":284548},{"id":156590,"n":"Bière ambrée extra au Cognac 5.5% - 33cl","p":3.58,"u":"10,85 €/L","img":"https://fd9-photos.leclercdrive.fr/image.ashx?id=2280197&use=l&cat=p&typeid=i","cat":334852},{"id":156591,"n":"Bière blonde au miel 7.5% - 33cl","p":3.6,"u":"10,91 €/L","img":"https://fd9-photos.leclercdrive.fr/image.ashx?id=2367952&use=l&cat=p&typeid=i","cat":334872},{"id":156593,"n":"Bière Blanche de Ré 5% - 75cl","p":5.95,"u":"7,93 €/L","img":"https://fd9-photos.leclercdrive.fr/image.ashx?id=2288431&use=l&cat=p&typeid=i","cat":334878},{"id":156594,"n":"Bière Blonde de Ré 5,8% - 75cl","p":5.8,"u":"7,73 €/L","img":"https://fd9-photos.leclercdrive.fr/image.ashx?id=2288434&use=l&cat=p&typeid=i","cat":334872},{"id":156595,"n":"Bière Ambrée de Ré 5,8% - 75cl","p":5.8,"u":"7,73 €/L","img":"https://fd9-photos.leclercdrive.fr/image.ashx?id=2288437&use=l&cat=p&typeid=i","cat":334852},{"id":156598,"n":"Biscuits fourrés bio Jardin Bio Chocolat - 300g","p":2.5,"u":"8,33 €/KG","img":"https://fd9-photos.leclercdrive.fr/image.ashx?id=2903353&use=l&cat=p&typeid=i","cat":284488},{"id":157628,"n":"Crème corps Mixa  Peaux Sèches, Sensibles - 400ml","p":4.54,"u":"11,35 €/L","img":"https://fd9-photos.leclercdrive.fr/image.ashx?id=2338432&use=l&cat=p&typeid=i","cat":325350},{"id":157643,"n":"Sandwich Mega Club Sodebo  Pain Suédois Poulet Œuf - 230g","p":2.39,"u":"10,39 €/KG","img":"https://fd9-photos.leclercdrive.fr/image.ashx?id=2962542&use=l&cat=p&typeid=i","cat":333658},{"id":157655,"n":"Crème main Le Petit Marseillais Réparation - Karité - 75ml","p":1.98,"u":"26,40 €/L","img":"https://fd9-photos.leclercdrive.fr/image.ashx?id=2901893&use=l&cat=p&typeid=i","cat":325354},{"id":157729,"n":"Baguette du phare 250g","p":1.28,"u":"5,12 €/KG","img":"https://fd9-photos.leclercdrive.fr/image.ashx?id=597464&use=l&cat=p&typeid=i","cat":284359},{"id":157730,"n":"Baguette réthaise 250g","p":1.2,"u":"4,80 €/KG","img":"https://fd9-photos.leclercdrive.fr/image.ashx?id=597464&use=l&cat=p&typeid=i","cat":284359},{"id":157954,"n":"Pomme de terre de consommation Frites - 2kg","p":2.29,"u":"1,15 €/KG","img":"https://fd9-photos.leclercdrive.fr/image.ashx?id=2757503&use=l&cat=p&typeid=i","cat":284352},{"id":157968,"n":"Capsules café Plantation Espresso Caramel n°7- x10 - 52g","p":2.4,"u":"46,15 €/KG","img":"https://fd9-photos.leclercdrive.fr/image.ashx?id=2929882&use=l&cat=p&typeid=i","cat":284749},{"id":157973,"n":"Capsules café Plantation Lungo Forte n°8 - x10 - 52g","p":2.24,"u":"43,08 €/KG","img":"https://fd9-photos.leclercdrive.fr/image.ashx?id=2867266&use=l&cat=p&typeid=i","cat":284749},{"id":157982,"n":"Boisson P'tit Déli Instantanée chocolatée - 1kg","p":4.65,"u":"4,65 €/KG","img":"https://fd9-photos.leclercdrive.fr/image.ashx?id=2124642&use=l&cat=p&typeid=i","cat":293235},{"id":158181,"n":"Gel Douche Le Petit Marseillais  Bio peche & nectarine-250ml","p":2.41,"u":"9,64 €/L","img":"https://fd9-photos.leclercdrive.fr/image.ashx?id=2685141&use=l&cat=p&typeid=i","cat":284594},{"id":158220,"n":"Rhum Havana Club 3 ans 37,5% vol - 70cl","p":15.88,"u":"22,69 €/L","img":"https://fd9-photos.leclercdrive.fr/image.ashx?id=2874096&use=l&cat=p&typeid=i","cat":284550},{"id":158234,"n":"Soin yeux La Provençale Bio  Anti-âge rose éclat - 15ml","p":10.98,"u":"732,00 €/L","img":"https://fd9-photos.leclercdrive.fr/image.ashx?id=2958854&use=l&cat=p&typeid=i","cat":325345},{"id":158285,"n":"Glace Ben & Jerry's Mini pots Cool-loction 4x100ml","p":6.27,"u":"21,77 €/KG","img":"https://fd9-photos.leclercdrive.fr/image.ashx?id=3009278&use=l&cat=p&typeid=i","cat":284725},{"id":158329,"n":"Gel Douche Le Petit Marseillais  Bio amande douce - 250ml","p":2.54,"u":"10,16 €/L","img":"https://fd9-photos.leclercdrive.fr/image.ashx?id=2685144&use=l&cat=p&typeid=i","cat":284594},{"id":158352,"n":"Gel Douche Le Petit Marseillais Bio Recharge Amande - 250ml","p":1.77,"u":"7,08 €/L","img":"https://fd9-photos.leclercdrive.fr/image.ashx?id=2128914&use=l&cat=p&typeid=i","cat":284594},{"id":158363,"n":"Crème Douche Surgras Bio Cadum Karité - 500ml","p":2.14,"u":"4,28 €/L","img":"https://fd9-photos.leclercdrive.fr/image.ashx?id=2575630&use=l&cat=p&typeid=i","cat":284594},{"id":158374,"n":"Shampoing Le Petit Marseillais  Thym & the vert - 250ml","p":2.03,"u":"8,12 €/L","img":"https://fd9-photos.leclercdrive.fr/image.ashx?id=2684176&use=l&cat=p&typeid=i","cat":284606},{"id":158598,"n":"Sirop La Maison Guiot Pêche au jasmin - 70cl","p":2.94,"u":"4,20 €/L","img":"https://fd9-photos.leclercdrive.fr/image.ashx?id=2857162&use=l&cat=p&typeid=i","cat":295020},{"id":158715,"n":"Doomino St Michel Choco Noisette x6 - 180g","p":1.78,"u":"9,89 €/KG","img":"https://fd9-photos.leclercdrive.fr/image.ashx?id=2953495&use=l&cat=p&typeid=i","cat":284495},{"id":158762,"n":"Film multi-usages Alfapac 30m","p":2.08,"u":"0,08 €/MT","img":"https://fd9-photos.leclercdrive.fr/image.ashx?id=2918277&use=l&cat=p&typeid=i","cat":334134},{"id":158779,"n":"Céréales Fitness  Chocolat au lait - 450g","p":2.72,"u":"6,04 €/KG","img":"https://fd9-photos.leclercdrive.fr/image.ashx?id=2922167&use=l&cat=p&typeid=i","cat":309512},{"id":158803,"n":"Rotella Haribo Sachet bonbons réglisse - 300g","p":1.26,"u":"4,20 €/KG","img":"https://fd9-photos.leclercdrive.fr/image.ashx?id=2982402&use=l&cat=p&typeid=i","cat":304250},{"id":158805,"n":"Quinoa gourmand Tipiak Aux épices douces 240g","p":2.28,"u":"9,50 €/KG","img":"https://fd9-photos.leclercdrive.fr/image.ashx?id=2947054&use=l&cat=p&typeid=i","cat":284429},{"id":158817,"n":"Capsules café L'Or Espresso Bio N°7 x10","p":3.59,"u":"69,04 €/KG","img":"https://fd9-photos.leclercdrive.fr/image.ashx?id=2133545&use=l&cat=p&typeid=i","cat":284749},{"id":158828,"n":"Café grains Temps des Cerises L'Amateur - 1kg","p":16.29,"u":"16,29 €/KG","img":"https://fd9-photos.leclercdrive.fr/image.ashx?id=2881437&use=l&cat=p&typeid=i","cat":293237},{"id":158834,"n":"Céréales Fitness Nature 475g","p":2.79,"u":"5,87 €/KG","img":"https://fd9-photos.leclercdrive.fr/image.ashx?id=2874084&use=l&cat=p&typeid=i","cat":309512},{"id":158891,"n":"Boisson aux fruits Jafun Tropical - 1L","p":1.19,"u":"1,19 €/L","img":"https://fd9-photos.leclercdrive.fr/image.ashx?id=2913763&use=l&cat=p&typeid=i","cat":295018},{"id":158936,"n":"Pains au lait La Boulangère x10 - 350g","p":1.85,"u":"5,29 €/KG","img":"https://fd9-photos.leclercdrive.fr/image.ashx?id=2912437&use=l&cat=p&typeid=i","cat":293505},{"id":158949,"n":"Gaufres aux oeufs Lotus 371g","p":3.28,"u":"8,84 €/KG","img":"https://fd9-photos.leclercdrive.fr/image.ashx?id=2133849&use=l&cat=p&typeid=i","cat":294777},{"id":158970,"n":"Sauce Tomacouli Panzani - 200G","p":0.81,"u":"4,05 €/KG","img":"https://fd9-photos.leclercdrive.fr/image.ashx?id=2872853&use=l&cat=p&typeid=i","cat":288384},{"id":158977,"n":"Tripe Paul et Louise 400g","p":2.17,"u":"5,43 €/KG","img":"https://fd9-photos.leclercdrive.fr/image.ashx?id=2367565&use=l&cat=p&typeid=i","cat":284441},{"id":158980,"n":"Tripe Paul et Louise Catalane - 400g","p":2.15,"u":"5,38 €/KG","img":"https://fd9-photos.leclercdrive.fr/image.ashx?id=2367574&use=l&cat=p&typeid=i","cat":284441},{"id":159212,"n":"Bloc WC Bref Deluxe Magnolia  Toilettes propres - 50g x1","p":1.82,"u":"36,40 €/KG","img":"https://fd9-photos.leclercdrive.fr/image.ashx?id=2907581&use=l&cat=p&typeid=i","cat":284662},{"id":159220,"n":"Dos de Cabillaud Findus MSC - x4 - 440g","p":11.13,"u":"25,30 €/KG","img":"https://fd9-photos.leclercdrive.fr/image.ashx?id=2735347&use=l&cat=p&typeid=i","cat":319786},{"id":159364,"n":"Houmous Tables du Monde 175g","p":2.25,"u":"12,86 €/KG","img":"https://fd9-photos.leclercdrive.fr/image.ashx?id=2860079&use=l&cat=p&typeid=i","cat":315999},{"id":159407,"n":"Fromage blanc lissé 0%mg Laiterie les fayes - 1,5kg","p":5.04,"u":"3,36 €/KG","img":"https://fd9-photos.leclercdrive.fr/image.ashx?id=2144923&use=l&cat=p&typeid=i","cat":284409},{"id":159410,"n":"Fromage blanc 7.9%mg Laiterie les Fayes - 1,5kg","p":5.93,"u":"3,95 €/KG","img":"https://fd9-photos.leclercdrive.fr/image.ashx?id=2963679&use=l&cat=p&typeid=i","cat":284409},{"id":159413,"n":"Fromage blanc 3.2%mg Laiterie les Fayes - 1,5kg","p":5.32,"u":"3,55 €/KG","img":"https://fd9-photos.leclercdrive.fr/image.ashx?id=2140380&use=l&cat=p&typeid=i","cat":284409},{"id":159423,"n":"Préparation Flan Entremets alsa Pistache - 192g","p":2.0,"u":"11,11 €/KG","img":"https://fd9-photos.leclercdrive.fr/image.ashx?id=2939181&use=l&cat=p&typeid=i","cat":284504},{"id":159448,"n":"Boisson aux fruits Jafun Pomme Cassis Framboise - 2L","p":1.49,"u":"0,75 €/L","img":"https://fd9-photos.leclercdrive.fr/image.ashx?id=2956924&use=l&cat=p&typeid=i","cat":295018},{"id":159505,"n":"Saké Miyako Nihonshu 72cl","p":15.83,"u":"21,99 €/L","img":"https://fd9-photos.leclercdrive.fr/image.ashx?id=2148675&use=l&cat=p&typeid=i","cat":284913},{"id":159521,"n":"Pizza Crust Sodebo Sweety  Chèvre Miel - 580g","p":5.79,"u":"9,98 €/KG","img":"https://fd9-photos.leclercdrive.fr/image.ashx?id=2649085&use=l&cat=p&typeid=i","cat":333679},{"id":159522,"n":"Cremio Box Sodebo Jambon Emmental 280g","p":2.93,"u":"10,46 €/KG","img":"https://fd9-photos.leclercdrive.fr/image.ashx?id=2860196&use=l&cat=p&typeid=i","cat":334983},{"id":159548,"n":"Veau haché BioYooji 6 mois - 80g","p":4.48,"u":"56,00 €/KG","img":"https://fd9-photos.leclercdrive.fr/image.ashx?id=2832260&use=l&cat=p&typeid=i","cat":290631},{"id":159627,"n":"Fromage Fol Epi  Originale 8 Tranches - 150g","p":2.09,"u":"13,93 €/KG","img":"https://fd9-photos.leclercdrive.fr/image.ashx?id=2456801&use=l&cat=p&typeid=i","cat":314028},{"id":159702,"n":"Piles alcalines Duracell Plus 9V 6LR61 MN1604 - x1","p":4.97,"img":"https://fd9-photos.leclercdrive.fr/image.ashx?id=2929113&use=l&cat=p&typeid=i","cat":300572},{"id":159733,"n":"Banane Bio Good Goût Gourde - 4x85g","p":3.73,"u":"10,97 €/KG","img":"https://fd9-photos.leclercdrive.fr/image.ashx?id=2736115&use=l&cat=p&typeid=i","cat":312387},{"id":159734,"n":"Pomme Figue Bio Good Goût Gourde - 120g","p":1.78,"u":"14,83 €/KG","img":"https://fd9-photos.leclercdrive.fr/image.ashx?id=2736082&use=l&cat=p&typeid=i","cat":312387},{"id":159846,"n":"Ampoule Led Standard Osram B22 6,5W=60 verre dépoli - x2","p":10.9,"u":"Dont 0,58 € d'éco-part.","img":"https://fd9-photos.leclercdrive.fr/image.ashx?id=2655508&use=l&cat=p&typeid=i","cat":300573},{"id":159897,"n":"Fromage Enfant Kiri Crème 12 portions à tartiner - 216g","p":2.85,"u":"13,19 €/KG","img":"https://fd9-photos.leclercdrive.fr/image.ashx?id=2973565&use=l&cat=p&typeid=i","cat":314030},{"id":159903,"n":"Boisson aux fruits Jafun Tropical - 2L","p":1.75,"u":"0,88 €/L","img":"https://fd9-photos.leclercdrive.fr/image.ashx?id=2366376&use=l&cat=p&typeid=i","cat":295018},{"id":159950,"n":"Desserts Lactés P'TIT GOURMAND  BIO Cacao  6M+ - 4x90g","p":2.46,"u":"27,33 €/KG","img":"https://fd9-photos.leclercdrive.fr/image.ashx?id=2481691&use=l&cat=p&typeid=i","cat":312392},{"id":159965,"n":"Capsules Starbucks by Nespresso  Colombia Int 7 - x18","p":6.05,"u":"59,90 €/KG","img":"https://fd9-photos.leclercdrive.fr/image.ashx?id=2668174&use=l&cat=p&typeid=i","cat":284749},{"id":160101,"n":"Yaourt brassé Perle de Lait Panaché - 8x125g","p":3.43,"u":"3,43 €/KG","img":"https://fd9-photos.leclercdrive.fr/image.ashx?id=2989222&use=l&cat=p&typeid=i","cat":286006},{"id":160106,"n":"Jus innocent  tutti frutti 1.5L","p":3.99,"u":"2,66 €/L","img":"https://fd9-photos.leclercdrive.fr/image.ashx?id=2907449&use=l&cat=p&typeid=i","cat":284354},{"id":160107,"n":"Jus innocent  pomme 1.5L","p":4.1,"u":"2,73 €/L","img":"https://fd9-photos.leclercdrive.fr/image.ashx?id=2893522&use=l&cat=p&typeid=i","cat":284354},{"id":160134,"n":"Tartare Végétal Lait d'Amande  Ail et Fines Herbes - 140g","p":2.21,"u":"15,79 €/KG","img":"https://fd9-photos.leclercdrive.fr/image.ashx?id=2928618&use=l&cat=p&typeid=i","cat":316070},{"id":160140,"n":"Dessert fruitier Andros Onctueux abricot - 4x97g","p":2.44,"u":"6,29 €/KG","img":"https://fd9-photos.leclercdrive.fr/image.ashx?id=2884009&use=l&cat=p&typeid=i","cat":284416},{"id":160143,"n":"Dessert fruitier Andros Pomme/vanille - 4x100g","p":1.5,"u":"3,75 €/KG","img":"https://fd9-photos.leclercdrive.fr/image.ashx?id=2883937&use=l&cat=p&typeid=i","cat":284416},{"id":160264,"n":"Billes chocolatées Lindt Crispy Céréale grillée - 140g","p":2.96,"u":"21,14 €/KG","img":"https://fd9-photos.leclercdrive.fr/image.ashx?id=2208942&use=l&cat=p&typeid=i","cat":304238},{"id":160428,"n":"Lessive liquide fraicheur Epsil 40 lavages - 2L","p":4.6,"u":"2,30 €/L","img":"https://fd9-photos.leclercdrive.fr/image.ashx?id=2602982&use=l&cat=p&typeid=i","cat":284640},{"id":160429,"n":"Lessive liquide printemps Epsil 40 Lavages - 2L","p":4.6,"u":"2,30 €/L","img":"https://fd9-photos.leclercdrive.fr/image.ashx?id=2602988&use=l&cat=p&typeid=i","cat":284640},{"id":160430,"n":"Lessive liquide sensitive Epsil 40 lavages - 2L","p":5.99,"u":"3,00 €/L","img":"https://fd9-photos.leclercdrive.fr/image.ashx?id=2838951&use=l&cat=p&typeid=i","cat":284640},{"id":160725,"n":"Asperges blanches Géant Vert grosses - 205g","p":3.82,"u":"18,63 €/KG","img":"https://fd9-photos.leclercdrive.fr/image.ashx?id=2840551&use=l&cat=p&typeid=i","cat":312611},{"id":160726,"n":"Cerise bigarreau St Mamet 240g","p":3.06,"u":"12,75 €/KG","img":"https://fd9-photos.leclercdrive.fr/image.ashx?id=2628425&use=l&cat=p&typeid=i","cat":284507},{"id":160756,"n":"Papier Toilette Humide - Aloe Vera Lotus - x80","p":3.6,"u":"0,05 €/P","img":"https://fd9-photos.leclercdrive.fr/image.ashx?id=2842927&use=l&cat=p&typeid=i","cat":284634},{"id":160820,"n":"Mozza Sticks Pickers by McCain Batonnets de mozzarella - 230g","p":3.33,"u":"14,48 €/KG","img":"https://fd9-photos.leclercdrive.fr/image.ashx?id=2920021&use=l&cat=p&typeid=i","cat":319822},{"id":160821,"n":"Onion rings Pickers by McCain 350g","p":3.17,"u":"9,06 €/KG","img":"https://fd9-photos.leclercdrive.fr/image.ashx?id=2920024&use=l&cat=p&typeid=i","cat":319822},{"id":160822,"n":"Italian Pops Pickers by McCain Bouchées tomates mozza - 230g","p":3.33,"u":"14,48 €/KG","img":"https://fd9-photos.leclercdrive.fr/image.ashx?id=2911588&use=l&cat=p&typeid=i","cat":319822},{"id":161003,"n":"Mayonnaise Bénédicta Nature - 510g","p":2.47,"u":"4,84 €/KG","img":"https://fd9-photos.leclercdrive.fr/image.ashx?id=2548225&use=l&cat=p&typeid=i","cat":298295},{"id":161082,"n":"Café capsules DOLCE GUSTO Starbucks vanilla macchiato 2x6","p":4.39,"u":"33,26 €/KG","img":"https://fd9-photos.leclercdrive.fr/image.ashx?id=2986912&use=l&cat=p&typeid=i","cat":293239},{"id":161410,"n":"Pains hot dog La Fournée Dorée Brioch' x6 - 270g","p":1.85,"u":"6,85 €/KG","img":"https://fd9-photos.leclercdrive.fr/image.ashx?id=2406136&use=l&cat=p&typeid=i","cat":284985},{"id":161413,"n":"Confiture fraises Léonce Blanc 70% de fruits - 320g","p":2.89,"u":"9,03 €/KG","img":"https://fd9-photos.leclercdrive.fr/image.ashx?id=2181164&use=l&cat=p&typeid=i","cat":284480},{"id":161414,"n":"Confiture aux framboises Léonce Blanc 70% de fruits-320g","p":3.53,"u":"11,03 €/KG","img":"https://fd9-photos.leclercdrive.fr/image.ashx?id=2285660&use=l&cat=p&typeid=i","cat":284480},{"id":161432,"n":"Lessive liquide Briochin Peaux sensibles - 2,27L","p":8.29,"u":"3,65 €/L","img":"https://fd9-photos.leclercdrive.fr/image.ashx?id=3000770&use=l&cat=p&typeid=i","cat":284640},{"id":161433,"n":"Dragibus Doypack Haribo Sachet bonbons - 220g","p":1.61,"u":"7,32 €/KG","img":"https://fd9-photos.leclercdrive.fr/image.ashx?id=2984940&use=l&cat=p&typeid=i","cat":304250},{"id":161434,"n":"Lessive détachante savon noir  50 lavages - 2,27L","p":7.98,"u":"3,52 €/L","img":"https://fd9-photos.leclercdrive.fr/image.ashx?id=3000767&use=l&cat=p&typeid=i","cat":284640},{"id":161436,"n":"Fleur de sel Croque au sel - 250g","p":5.17,"u":"20,68 €/KG","img":"https://fd9-photos.leclercdrive.fr/image.ashx?id=2365198&use=l&cat=p&typeid=i","cat":284457},{"id":161437,"n":"Happy Cola Pik Haribo Sachet bonbons acidulés - 200g","p":1.82,"u":"9,10 €/KG","img":"https://fd9-photos.leclercdrive.fr/image.ashx?id=2984928&use=l&cat=p&typeid=i","cat":304250},{"id":161619,"n":"IGP pâtes Grand-Mère Coquillettes - 500g","p":1.93,"u":"3,86 €/KG","img":"https://fd9-photos.leclercdrive.fr/image.ashx?id=2191993&use=l&cat=p&typeid=i","cat":284427},{"id":161693,"n":"Yaourt brassé végétal Andros Vanille Lait de coco - 4x100g","p":1.99,"u":"19,90 €/KG","img":"https://fd9-photos.leclercdrive.fr/image.ashx?id=2299202&use=l&cat=p&typeid=i","cat":316071},{"id":161709,"n":"Déodorant bille Men Expert Thermic Resist - 50ml","p":2.55,"u":"51,00 €/L","img":"https://fd9-photos.leclercdrive.fr/image.ashx?id=2300518&use=l&cat=p&typeid=i","cat":284618},{"id":161846,"n":"Sucre roux Tablier blanc En morceaux - 1kg","p":1.81,"u":"1,81 €/KG","img":"https://fd9-photos.leclercdrive.fr/image.ashx?id=2166518&use=l&cat=p&typeid=i","cat":284502},{"id":161891,"n":"Pain burger Beau & Bon Harry's Brioché x4 - 300g","p":2.14,"u":"7,13 €/KG","img":"https://fd9-photos.leclercdrive.fr/image.ashx?id=2526830&use=l&cat=p&typeid=i","cat":325067},{"id":161894,"n":"Pain de mie 100% Mie Harrys Complet sans sucre ajouté- 500g","p":2.66,"u":"5,32 €/KG","img":"https://fd9-photos.leclercdrive.fr/image.ashx?id=2565780&use=l&cat=p&typeid=i","cat":284477},{"id":161914,"n":"Boisson aux fruits Jafun Tropical light - 2L","p":1.39,"u":"0,70 €/L","img":"https://fd9-photos.leclercdrive.fr/image.ashx?id=2720184&use=l&cat=p&typeid=i","cat":295018},{"id":162161,"n":"Compotes Pom'Potes Gourdes  5 Fruits Rouges&Jaunes -12x90g","p":5.73,"u":"5,31 €/KG","img":"https://fd9-photos.leclercdrive.fr/image.ashx?id=3010945&use=l&cat=p&typeid=i","cat":284508},{"id":162163,"n":"Compotes Pom'Potes Gourdes  Pomme, Pomme Fraise - 12x90g","p":6.64,"u":"6,15 €/KG","img":"https://fd9-photos.leclercdrive.fr/image.ashx?id=3007927&use=l&cat=p&typeid=i","cat":284508},{"id":162194,"n":"Steak haché Charal Label rouge - 5%mg - 260g","p":6.82,"u":"26,23 €/KG","img":"https://fd9-photos.leclercdrive.fr/image.ashx?id=2162902&use=l&cat=p&typeid=i","cat":284332},{"id":162196,"n":"Pur jus de pomme Bio Village Bio - 75cl","p":1.66,"u":"2,21 €/L","img":"https://fd9-photos.leclercdrive.fr/image.ashx?id=2739745&use=l&cat=p&typeid=i","cat":285435},{"id":162271,"n":"Tablette de chocolat noir Lindt Intense 70% - 2x200g","p":6.46,"pp":4.26,"u":"10,65 €/KG","img":"https://fd9-photos.leclercdrive.fr/image.ashx?id=2208936&use=l&cat=p&typeid=i","cat":285562},{"id":162274,"n":"Sauce Crudités Benedicta  Nature légère - 295g","p":1.87,"u":"6,34 €/KG","img":"https://fd9-photos.leclercdrive.fr/image.ashx?id=2755206&use=l&cat=p&typeid=i","cat":284456},{"id":162275,"n":"Sauce Pita Heinz - 230g","p":1.82,"u":"7,91 €/KG","img":"https://fd9-photos.leclercdrive.fr/image.ashx?id=2973165&use=l&cat=p&typeid=i","cat":318431},{"id":162380,"n":"Pur Jus d'orange frais Bio  Bio Village - 75 cl","p":2.37,"u":"3,16 €/L","img":"https://fd9-photos.leclercdrive.fr/image.ashx?id=2739748&use=l&cat=p&typeid=i","cat":285435},{"id":162563,"n":"Vin rosé premium l'ile de Ré Pelletier - 12% - Bio 75cl","p":10.2,"u":"13,60 €/L","img":"https://fd9-photos.leclercdrive.fr/image.ashx?id=2171093&use=l&cat=p&typeid=i","cat":289558},{"id":162570,"n":"Sauce apéritif Doritos Goût salsa épicée -280g","p":2.38,"u":"8,50 €/KG","img":"https://fd9-photos.leclercdrive.fr/image.ashx?id=3014473&use=l&cat=p&typeid=i","cat":284451},{"id":162571,"n":"Sauce apéritif Doritos Goût fromage -280g","p":2.44,"u":"8,71 €/KG","img":"https://fd9-photos.leclercdrive.fr/image.ashx?id=2170208&use=l&cat=p&typeid=i","cat":284451},{"id":162572,"n":"Sauce apéritif Doritos Goût sour cream -280g","p":2.38,"u":"8,50 €/KG","img":"https://fd9-photos.leclercdrive.fr/image.ashx?id=2167528&use=l&cat=p&typeid=i","cat":284451},{"id":162575,"n":"Maquereaux Petit Navire Vin blanc citron&romarin - 175g","p":2.15,"u":"12,72 €/KG","img":"https://fd9-photos.leclercdrive.fr/image.ashx?id=2523906&use=l&cat=p&typeid=i","cat":303868},{"id":162597,"n":"Lait concentré Régilait Sucré demi-écrémé - 300g","p":1.69,"u":"5,63 €/KG","img":"https://fd9-photos.leclercdrive.fr/image.ashx?id=2169956&use=l&cat=p&typeid=i","cat":293236},{"id":162615,"n":"Gratin dauphinois L'Atelier Traiteur - 750g","p":7.29,"u":"9,72 €/KG","img":"https://fd9-photos.leclercdrive.fr/image.ashx?id=2976657&use=l&cat=p&typeid=i","cat":333666},{"id":162777,"n":"Compote Andros Pommes/Pêches - 730g","p":2.13,"u":"2,92 €/KG","img":"https://fd9-photos.leclercdrive.fr/image.ashx?id=2395559&use=l&cat=p&typeid=i","cat":284508},{"id":163021,"n":"Biscuits Knoppers Lait / Noisettes - 6x25g","p":2.01,"u":"13,40 €/KG","img":"https://fd9-photos.leclercdrive.fr/image.ashx?id=2659151&use=l&cat=p&typeid=i","cat":284488},{"id":163022,"n":"Lait Corps Le Petit Marseillais  Peau sensible aloe vera-250ml","p":3.41,"u":"13,64 €/L","img":"https://fd9-photos.leclercdrive.fr/image.ashx?id=2739815&use=l&cat=p&typeid=i","cat":325349},{"id":163032,"n":"Déodorant Homme AXE Dark Temptation 48h 200ml","p":3.35,"u":"16,75 €/L","img":"https://fd9-photos.leclercdrive.fr/image.ashx?id=2894557&use=l&cat=p&typeid=i","cat":284618},{"id":163033,"n":"Tablette chocolat Villars Lait - 100g","p":2.87,"u":"28,70 €/KG","img":"https://fd9-photos.leclercdrive.fr/image.ashx?id=2464318&use=l&cat=p&typeid=i","cat":284497},{"id":163115,"n":"Piles alcalines Duracell MX1500 Optimum Type AA/LR06 1,5V - x4","p":5.9,"u":"1,48 €/P","img":"https://fd9-photos.leclercdrive.fr/image.ashx?id=2941823&use=l&cat=p&typeid=i","cat":300572},{"id":163129,"n":"Petits pains grillés Krisprolls Complet - 425g","p":2.87,"u":"6,75 €/KG","img":"https://fd9-photos.leclercdrive.fr/image.ashx?id=2793716&use=l&cat=p&typeid=i","cat":284479},{"id":163130,"n":"Petits pains grillés Krisprolls Complet sans sucre ajoutés 425g","p":3.08,"u":"7,25 €/KG","img":"https://fd9-photos.leclercdrive.fr/image.ashx?id=2985558&use=l&cat=p&typeid=i","cat":284479},{"id":163133,"n":"Bière ambrée Kwak 8.4% - 75cl","p":4.6,"u":"6,13 €/L","img":"https://fd9-photos.leclercdrive.fr/image.ashx?id=2948423&use=l&cat=p&typeid=i","cat":334872},{"id":163143,"n":"Dragibus Soft Haribo Sachet bonbons - 300g","p":1.35,"u":"4,50 €/KG","img":"https://fd9-photos.leclercdrive.fr/image.ashx?id=2806123&use=l&cat=p&typeid=i","cat":304250},{"id":163144,"n":"Piles alcalines Duracell MN2400 Optimum AAA/LR03 1,5V - x4","p":5.9,"u":"1,48 €/P","img":"https://fd9-photos.leclercdrive.fr/image.ashx?id=2929095&use=l&cat=p&typeid=i","cat":300572},{"id":163145,"n":"Dragibus Original Haribo Multipack bonbons - 250g","p":1.69,"u":"6,76 €/KG","img":"https://fd9-photos.leclercdrive.fr/image.ashx?id=2984943&use=l&cat=p&typeid=i","cat":304250},{"id":163147,"n":"Bonbons Haribo Dragolo - 750g","p":4.41,"u":"5,88 €/KG","img":"https://fd9-photos.leclercdrive.fr/image.ashx?id=2803586&use=l&cat=p&typeid=i","cat":304250},{"id":163148,"n":"Piles alcalines Duracell MN2400 Optimum AAA/LR03 1,5V - x6","p":9.27,"u":"1,55 €/P","img":"https://fd9-photos.leclercdrive.fr/image.ashx?id=2855370&use=l&cat=p&typeid=i","cat":300572},{"id":163162,"n":"Amandine aux poires La Laitière 4x85g","p":2.95,"u":"8,68 €/KG","img":"https://fd9-photos.leclercdrive.fr/image.ashx?id=2683640&use=l&cat=p&typeid=i","cat":284419},{"id":163180,"n":"Piles alcalines Duracell Plus D/LR20 1.5V MN1300 - x4","p":8.9,"u":"2,23 €/P","img":"https://fd9-photos.leclercdrive.fr/image.ashx?id=2929110&use=l&cat=p&typeid=i","cat":300572},{"id":163317,"n":"Assiettes plates Homeside 23cm blanc sans film PE - x50","p":2.69,"u":"0,05 €/P","img":"https://fd9-photos.leclercdrive.fr/image.ashx?id=2177415&use=l&cat=p&typeid=i","cat":334134},{"id":163350,"n":"Gobelets 25cl Homeside Chaud/froid - 25","p":1.9,"u":"0,08 €/P","img":"https://fd9-photos.leclercdrive.fr/image.ashx?id=2177355&use=l&cat=p&typeid=i","cat":334134},{"id":163420,"n":"Smarties Mini Bonbons Chocolats 21 boites - 315g","p":3.86,"u":"12,25 €/KG","img":"https://fd9-photos.leclercdrive.fr/image.ashx?id=2740862&use=l&cat=p&typeid=i","cat":304238},{"id":163526,"n":"Petit pot bébé bledina 6 mois  Purée légumes agneau - 2x200g","p":2.24,"u":"5,60 €/KG","img":"https://fd9-photos.leclercdrive.fr/image.ashx?id=2976770&use=l&cat=p&typeid=i","cat":312236},{"id":163541,"n":"Isey Skyr Stracciatella - 400g","p":2.88,"u":"7,20 €/KG","img":"https://fd9-photos.leclercdrive.fr/image.ashx?id=2598621&use=l&cat=p&typeid=i","cat":315000},{"id":163613,"n":"Mozzarella fromage râpé  Les Croisés - 150g","p":1.39,"u":"9,27 €/KG","img":"https://fd9-photos.leclercdrive.fr/image.ashx?id=2178848&use=l&cat=p&typeid=i","cat":314035},{"id":163640,"n":"Poireaux émincés Bio Bio Village - 600g","p":1.99,"u":"3,32 €/KG","img":"https://fd9-photos.leclercdrive.fr/image.ashx?id=2898098&use=l&cat=p&typeid=i","cat":319805},{"id":163643,"n":"Patates douces en morceaux Bio Bio Village - 600g","p":2.08,"u":"3,47 €/KG","img":"https://fd9-photos.leclercdrive.fr/image.ashx?id=2898101&use=l&cat=p&typeid=i","cat":319805},{"id":163749,"n":"Mousseline Purina Gourmet Boeuf nappé de sauce - 4x57g","p":2.86,"u":"12,54 €/KG","img":"https://fd9-photos.leclercdrive.fr/image.ashx?id=2861773&use=l&cat=p&typeid=i","cat":285286},{"id":163750,"n":"Mousseline Purina Gourmet Poulet nappé de sauce - 4x57g","p":2.85,"u":"12,50 €/KG","img":"https://fd9-photos.leclercdrive.fr/image.ashx?id=2864197&use=l&cat=p&typeid=i","cat":285286},{"id":163837,"n":"Liquide Vaisselle Paic Cylindre orange -Recyclable-550ml","p":2.32,"u":"4,22 €/L","img":"https://fd9-photos.leclercdrive.fr/image.ashx?id=2471613&use=l&cat=p&typeid=i","cat":284655},{"id":163910,"n":"Daddy pure canne bio 750g","p":2.89,"u":"3,85 €/KG","img":"https://fd9-photos.leclercdrive.fr/image.ashx?id=2936077&use=l&cat=p&typeid=i","cat":284502},{"id":163930,"n":"Chorizo doux tranché L'Atelier Charcuterie - 100g","p":2.46,"u":"24,60 €/KG","img":"https://fd9-photos.leclercdrive.fr/image.ashx?id=2856666&use=l&cat=p&typeid=i","cat":316007},{"id":164367,"n":"Pizza Turini 4 fromages - 200g","p":1.31,"u":"6,55 €/KG","img":"https://fd9-photos.leclercdrive.fr/image.ashx?id=2839941&use=l&cat=p&typeid=i","cat":333679},{"id":164417,"n":"Macédoine de légumes Menu Fraîcheur - 500g","p":2.49,"u":"4,98 €/KG","img":"https://fd9-photos.leclercdrive.fr/image.ashx?id=2901482&use=l&cat=p&typeid=i","cat":333657},{"id":164464,"n":"Dessert Charles & Alice Coco/Stracciatella - 2x110g","p":1.45,"u":"6,59 €/KG","img":"https://fd9-photos.leclercdrive.fr/image.ashx?id=2911354&use=l&cat=p&typeid=i","cat":316071},{"id":164537,"n":"Duo poivre sel Sainte Lucie 63g","p":2.03,"u":"32,22 €/KG","img":"https://fd9-photos.leclercdrive.fr/image.ashx?id=2775065&use=l&cat=p&typeid=i","cat":284457},{"id":164539,"n":"Noix de pécan Sainte Lucie Cerneaux - 50g","p":2.71,"u":"54,20 €/KG","img":"https://fd9-photos.leclercdrive.fr/image.ashx?id=2187751&use=l&cat=p&typeid=i","cat":284504},{"id":164541,"n":"Maïs Bonduelle Sans Résidu De Pesticides 285g","p":1.3,"u":"4,56 €/KG","img":"https://fd9-photos.leclercdrive.fr/image.ashx?id=2972892&use=l&cat=p&typeid=i","cat":312611},{"id":164542,"n":"Cumin entier Sainte Lucie 38g","p":2.54,"u":"66,84 €/KG","img":"https://fd9-photos.leclercdrive.fr/image.ashx?id=2774412&use=l&cat=p&typeid=i","cat":298297},{"id":164546,"n":"Arôme naturel Sainte Lucie Citron - 20ml","p":2.58,"u":"129,00 €/L","img":"https://fd9-photos.leclercdrive.fr/image.ashx?id=2187745&use=l&cat=p&typeid=i","cat":284504},{"id":164548,"n":"Levure boulangère Sainte Lucie Traditionnelle - 40g","p":1.32,"u":"33,00 €/KG","img":"https://fd9-photos.leclercdrive.fr/image.ashx?id=2829949&use=l&cat=p&typeid=i","cat":284504},{"id":164551,"n":"Cannelle poudre Sainte Lucie 45g","p":2.2,"u":"48,89 €/KG","img":"https://fd9-photos.leclercdrive.fr/image.ashx?id=2972934&use=l&cat=p&typeid=i","cat":298297},{"id":164554,"n":"Origan sèche Sainte Lucie 13g","p":1.77,"u":"136,15 €/KG","img":"https://fd9-photos.leclercdrive.fr/image.ashx?id=2975182&use=l&cat=p&typeid=i","cat":298297},{"id":164555,"n":"Ail Sainte Lucie Saveurs du potager - 2","p":3.13,"u":"130,42 €/KG","img":"https://fd9-photos.leclercdrive.fr/image.ashx?id=2968166&use=l&cat=p&typeid=i","cat":298297},{"id":164556,"n":"Chili poudre Sainte Lucie 45g","p":2.28,"u":"50,67 €/KG","img":"https://fd9-photos.leclercdrive.fr/image.ashx?id=2187739&use=l&cat=p&typeid=i","cat":298297},{"id":164567,"n":"Eau nettoyante Cadum Bébé  Douceur - 750ml","p":3.3,"u":"4,40 €/L","img":"https://fd9-photos.leclercdrive.fr/image.ashx?id=2278451&use=l&cat=p&typeid=i","cat":284741},{"id":164569,"n":"Gel nettoyant Cadum Bébé  Corps et Cheveux - 750ml","p":3.3,"u":"4,40 €/L","img":"https://fd9-photos.leclercdrive.fr/image.ashx?id=2377799&use=l&cat=p&typeid=i","cat":284740},{"id":164570,"n":"Gel Douche Sans Savon Cadum Huile d'Amandes Douces - 750ml","p":3.23,"u":"4,31 €/L","img":"https://fd9-photos.leclercdrive.fr/image.ashx?id=2352870&use=l&cat=p&typeid=i","cat":284594},{"id":164581,"n":"Démaquillant Maybelline  Lotion fraîcheur yeux - 150ml","p":2.35,"u":"15,67 €/L","img":"https://fd9-photos.leclercdrive.fr/image.ashx?id=2505657&use=l&cat=p&typeid=i","cat":284603},{"id":164583,"n":"Gel Lavant enfant Cadum Corps & cheveux - 750ml","p":4.18,"u":"5,57 €/L","img":"https://fd9-photos.leclercdrive.fr/image.ashx?id=2839496&use=l&cat=p&typeid=i","cat":284594},{"id":164584,"n":"Crème Douche surgras Cadum Beurre de Karité - 750ml","p":3.23,"u":"4,31 €/L","img":"https://fd9-photos.leclercdrive.fr/image.ashx?id=2395020&use=l&cat=p&typeid=i","cat":284594},{"id":164598,"n":"40 sacs congélation Alfapac avec lien Moyen modèle","p":1.97,"u":"0,05 €/P","img":"https://fd9-photos.leclercdrive.fr/image.ashx?id=2918700&use=l&cat=p&typeid=i","cat":334134},{"id":164602,"n":"Lessive liquide fraîcheur ECO+ 40 lavages - 2L","p":2.16,"u":"1,08 €/L","img":"https://fd9-photos.leclercdrive.fr/image.ashx?id=2597988&use=l&cat=p&typeid=i","cat":284640},{"id":164603,"n":"Lessive liquide fleurie Epsil 25 lavages - 1,25L","p":3.91,"u":"3,13 €/L","img":"https://fd9-photos.leclercdrive.fr/image.ashx?id=2955053&use=l&cat=p&typeid=i","cat":284640},{"id":164604,"n":"Lessive liquide fraîcheur Epsil 25 lavages - 1,25L","p":3.33,"u":"2,66 €/L","img":"https://fd9-photos.leclercdrive.fr/image.ashx?id=2602994&use=l&cat=p&typeid=i","cat":284640},{"id":164656,"n":"Jus de Citron Jardin Bio Etic bio -1L","p":6.1,"u":"6,10 €/L","img":"https://fd9-photos.leclercdrive.fr/image.ashx?id=3002102&use=l&cat=p&typeid=i","cat":288383},{"id":164919,"n":"Pommes de terre vapeur sautées Panier du Primeur - 2kg","p":2.29,"u":"1,15 €/KG","img":"https://fd9-photos.leclercdrive.fr/image.ashx?id=2757506&use=l&cat=p&typeid=i","cat":284352},{"id":164921,"n":"Bain de Bouche Listerine   Total care - 500ml","p":3.88,"u":"7,76 €/L","img":"https://fd9-photos.leclercdrive.fr/image.ashx?id=2685156&use=l&cat=p&typeid=i","cat":284613},{"id":165037,"n":"Recharge pour diffuseur Glade Lavandin & Santal - 17.5ml","p":6.43,"u":"357,22 €/L","img":"https://fd9-photos.leclercdrive.fr/image.ashx?id=2661448&use=l&cat=p&typeid=i","cat":311629},{"id":165038,"n":"Recharge pour diffuseur Glade Orange & Néroli - 17.5ml","p":5.71,"u":"317,22 €/L","img":"https://fd9-photos.leclercdrive.fr/image.ashx?id=2673869&use=l&cat=p&typeid=i","cat":311629},{"id":165039,"n":"Recharge pour diffuseur Glade Bergamote Citronnelle - 17.5ml","p":5.57,"u":"327,65 €/L","img":"https://fd9-photos.leclercdrive.fr/image.ashx?id=2673872&use=l&cat=p&typeid=i","cat":311629},{"id":165040,"n":"Diffuseur Glade avec bâtonnets Orange & Néroli - 80ml","p":7.49,"u":"93,63 €/L","img":"https://fd9-photos.leclercdrive.fr/image.ashx?id=2867710&use=l&cat=p&typeid=i","cat":311627},{"id":165041,"n":"Diffuseur Glade avec bâtonnets Bergamote & Citronnelle - 80ml","p":7.04,"img":"https://fd9-photos.leclercdrive.fr/image.ashx?id=2867181&use=l&cat=p&typeid=i","cat":311627},{"id":165062,"n":"Gel Lubrifiant Intime Cherry Arome Cerise Durex 100ml","p":8.98,"u":"89,80 €/L","img":"https://fd9-photos.leclercdrive.fr/image.ashx?id=2960696&use=l&cat=p&typeid=i","cat":285160},{"id":165064,"n":"Lessive poudre Eco + 60 lavages - 3kg","p":4.81,"u":"1,60 €/KG","img":"https://fd9-photos.leclercdrive.fr/image.ashx?id=2638524&use=l&cat=p&typeid=i","cat":284642},{"id":165131,"n":"Crème de cassis d'Anjou  Giffard 16% - 50cl","p":5.5,"pp":4.95,"u":"9,90 €/L","img":"https://fd9-photos.leclercdrive.fr/image.ashx?id=2219150&use=l&cat=p&typeid=i","cat":286032},{"id":165149,"n":"Douche douceurs d'enfance DOP Bonbon cola - 250 ml","p":2.1,"u":"8,40 €/L","img":"https://fd9-photos.leclercdrive.fr/image.ashx?id=2300821&use=l&cat=p&typeid=i","cat":284594},{"id":165199,"n":"Pate à tartiner Bonne Maman Noisette et cacao - 360g","p":3.67,"u":"10,19 €/KG","img":"https://fd9-photos.leclercdrive.fr/image.ashx?id=2891106&use=l&cat=p&typeid=i","cat":284481},{"id":165200,"n":"Pate à tartiner Bonne Maman Noisette et cacao - 580g","p":5.98,"u":"10,31 €/KG","img":"https://fd9-photos.leclercdrive.fr/image.ashx?id=2891109&use=l&cat=p&typeid=i","cat":284481},{"id":165210,"n":"Compotes Pom'Potes Gourdes  5 Fruits Roses - 4x90g","p":2.52,"u":"7,00 €/KG","img":"https://fd9-photos.leclercdrive.fr/image.ashx?id=3010906&use=l&cat=p&typeid=i","cat":284508},{"id":165255,"n":"Merguez de boeuf La Nouvelle Agriculture x6 - 330g","p":6.11,"u":"18,52 €/KG","img":"https://fd9-photos.leclercdrive.fr/image.ashx?id=2194975&use=l&cat=p&typeid=i","cat":284334},{"id":165644,"n":"Fromage Caprice Des Dieux En cas de Caprice - 150g","p":2.39,"u":"15,93 €/KG","img":"https://fd9-photos.leclercdrive.fr/image.ashx?id=2785859&use=l&cat=p&typeid=i","cat":314033},{"id":165655,"n":"Diffuseur Glade Aromatherapy Lavandin & Santal - 17.5ml","p":19.42,"u":"Dont 0,02 € d'éco-part.","img":"https://fd9-photos.leclercdrive.fr/image.ashx?id=2498446&use=l&cat=p&typeid=i","cat":311629},{"id":165656,"n":"Diffuseur Glade avec bâtonnets Lavandin & Santal - 80ml","p":7.53,"u":"94,13 €/L","img":"https://fd9-photos.leclercdrive.fr/image.ashx?id=2266083&use=l&cat=p&typeid=i","cat":311627},{"id":165657,"n":"Bougie Glade Aromatherapy Lavandin & Santal - 260g","p":7.26,"u":"27,92 €/KG","img":"https://fd9-photos.leclercdrive.fr/image.ashx?id=2267897&use=l&cat=p&typeid=i","cat":284666},{"id":165665,"n":"Confitures aux Myrtilles 70% 320g","p":3.79,"u":"11,84 €/KG","img":"https://fd9-photos.leclercdrive.fr/image.ashx?id=2285663&use=l&cat=p&typeid=i","cat":284480},{"id":165666,"n":"Confitures Léonce Blanc 70% 4 agrumes - 320g","p":2.88,"u":"9,00 €/KG","img":"https://fd9-photos.leclercdrive.fr/image.ashx?id=2362591&use=l&cat=p&typeid=i","cat":284480},{"id":165696,"n":"Smarties Chocolat Noël Moulage Père Noël - 85g","p":3.12,"u":"36,71 €/KG","img":"https://fd9-photos.leclercdrive.fr/image.ashx?id=2202968&use=l&cat=p&typeid=i","cat":327592},{"id":165699,"n":"Chocolats à la liqueur Abtey Extra fins x17 - 240g","p":5.95,"u":"24,79 €/KG","img":"https://fd9-photos.leclercdrive.fr/image.ashx?id=2870263&use=l&cat=p&typeid=i","cat":327601},{"id":165700,"n":"Chocolats à la liqueur Abtey Poire Williams x11 - 240g","p":5.95,"u":"24,79 €/KG","img":"https://fd9-photos.leclercdrive.fr/image.ashx?id=2870266&use=l&cat=p&typeid=i","cat":327601},{"id":165725,"n":"Marrons glacés L'Artisan Provençal x8 - 145g","p":13.5,"u":"93,10 €/KG","img":"https://fd9-photos.leclercdrive.fr/image.ashx?id=2390245&use=l&cat=p&typeid=i","cat":327603},{"id":165801,"n":"Sauce bolognaise Eco+ 420g","p":1.13,"u":"2,69 €/KG","img":"https://fd9-photos.leclercdrive.fr/image.ashx?id=2634845&use=l&cat=p&typeid=i","cat":287599},{"id":166221,"n":"Acide citrique Biovie 350g","p":5.78,"u":"16,51 €/KG","img":"https://fd9-photos.leclercdrive.fr/image.ashx?id=2997007&use=l&cat=p&typeid=i","cat":325365},{"id":166304,"n":"Croquettes poisson pané Findus MSC Ail Fines Herbes x6 - 300g","p":2.9,"u":"9,67 €/KG","img":"https://fd9-photos.leclercdrive.fr/image.ashx?id=3008752&use=l&cat=p&typeid=i","cat":319788},{"id":166377,"n":"Lessive eco-recharge Uni Vert Fleur x30 lavages - 1,05L","p":4.12,"u":"3,92 €/L","img":"https://fd9-photos.leclercdrive.fr/image.ashx?id=2838942&use=l&cat=p&typeid=i","cat":284640},{"id":166403,"n":"Lessive eco-recharge Uni Vert Aloe x30 lavages - 1.05L","p":4.12,"u":"3,92 €/L","img":"https://fd9-photos.leclercdrive.fr/image.ashx?id=2669780&use=l&cat=p&typeid=i","cat":284640},{"id":166404,"n":"Lessive eco-recharge Uni Vert  Aloe Vera x42 lavages - 1.5L","p":5.91,"u":"3,94 €/L","img":"https://fd9-photos.leclercdrive.fr/image.ashx?id=2838954&use=l&cat=p&typeid=i","cat":284640},{"id":166419,"n":"Signature Patato Pops McCain Pommes de terre - 650g","p":2.97,"u":"4,57 €/KG","img":"https://fd9-photos.leclercdrive.fr/image.ashx?id=2752233&use=l&cat=p&typeid=i","cat":319792},{"id":166456,"n":"Shampooing Elsève  Full Resist - 250ml","p":4.79,"u":"19,16 €/L","img":"https://fd9-photos.leclercdrive.fr/image.ashx?id=2467408&use=l&cat=p&typeid=i","cat":284606},{"id":166460,"n":"Shampoing solide Ultra Doux Cheveux fragiles à secs - 60g","p":4.26,"u":"71,00 €/KG","img":"https://fd9-photos.leclercdrive.fr/image.ashx?id=2647095&use=l&cat=p&typeid=i","cat":284606},{"id":166478,"n":"Démaquillant Maybelline  Waterproof biphase 2en1 - 150ml","p":2.35,"u":"15,67 €/L","img":"https://fd9-photos.leclercdrive.fr/image.ashx?id=2278169&use=l&cat=p&typeid=i","cat":284603},{"id":166513,"n":"Coquilles Saint-Jacques Tipiak A la Bretonne - 2x110g","p":3.75,"u":"17,05 €/KG","img":"https://fd9-photos.leclercdrive.fr/image.ashx?id=2604695&use=l&cat=p&typeid=i","cat":319775},{"id":166598,"n":"Sauce spaghetti bio Jardin Bio 510g","p":3.37,"u":"6,61 €/KG","img":"https://fd9-photos.leclercdrive.fr/image.ashx?id=2811164&use=l&cat=p&typeid=i","cat":288384},{"id":166601,"n":"Compote bio Jardin Bio Pomme banane - 680g","p":3.46,"u":"5,09 €/KG","img":"https://fd9-photos.leclercdrive.fr/image.ashx?id=2918307&use=l&cat=p&typeid=i","cat":284508},{"id":166602,"n":"Compote bio Jardin Bio Pomme fraise - 680g","p":3.25,"u":"4,78 €/KG","img":"https://fd9-photos.leclercdrive.fr/image.ashx?id=2918835&use=l&cat=p&typeid=i","cat":284508},{"id":166674,"n":"Confiture Douceur du Verger Fraise - 750g","p":2.15,"u":"2,87 €/KG","img":"https://fd9-photos.leclercdrive.fr/image.ashx?id=2251974&use=l&cat=p&typeid=i","cat":284480},{"id":166686,"n":"Yaourt protéiné Hipro  Coco 0%mg - 2x160g","p":2.2,"u":"6,88 €/KG","img":"https://fd9-photos.leclercdrive.fr/image.ashx?id=2807423&use=l&cat=p&typeid=i","cat":315000},{"id":166707,"n":"Saumon fumé Delpierre Norvège 10 tranches - 320g","p":11.45,"u":"35,78 €/KG","img":"https://fd9-photos.leclercdrive.fr/image.ashx?id=2961915&use=l&cat=p&typeid=i","cat":285188},{"id":166751,"n":"Lessive en poudre Epsil 10 lavages - 500g","p":2.69,"u":"5,38 €/KG","img":"https://fd9-photos.leclercdrive.fr/image.ashx?id=2450158&use=l&cat=p&typeid=i","cat":284642},{"id":166752,"n":"Lessive tri-dose Orient Epsil x20 - 490ml","p":4.49,"u":"9,16 €/L","img":"https://fd9-photos.leclercdrive.fr/image.ashx?id=2450116&use=l&cat=p&typeid=i","cat":284641},{"id":166753,"n":"Apéritif Apérol Spritz 12.5% vol - 1L","p":14.73,"u":"14,73 €/L","img":"https://fd9-photos.leclercdrive.fr/image.ashx?id=2957287&use=l&cat=p&typeid=i","cat":286032},{"id":166759,"n":"Filet poulet rôti Fleury Michon  sans nitrite x4 - 116g","p":2.15,"u":"18,53 €/KG","img":"https://fd9-photos.leclercdrive.fr/image.ashx?id=2955173&use=l&cat=p&typeid=i","cat":316010},{"id":166818,"n":"Petit Pois, Carotte Bonduelle Sans Arôme Ajouté 530g","p":1.86,"u":"3,51 €/KG","img":"https://fd9-photos.leclercdrive.fr/image.ashx?id=2975840&use=l&cat=p&typeid=i","cat":312607},{"id":166819,"n":"Sucre en poudre Tablier Blanc 1kg","p":1.53,"u":"1,53 €/KG","img":"https://fd9-photos.leclercdrive.fr/image.ashx?id=2211857&use=l&cat=p&typeid=i","cat":284502},{"id":166828,"n":"Blanc de poulet Fleury Michon Sans nitrite x6 - 195g","p":3.27,"u":"16,77 €/KG","img":"https://fd9-photos.leclercdrive.fr/image.ashx?id=2962848&use=l&cat=p&typeid=i","cat":316010},{"id":166878,"n":"Lessive bi-doses Xeor Savon de Marseille x30","p":5.24,"u":"7,13 €/L","img":"https://fd9-photos.leclercdrive.fr/image.ashx?id=2838948&use=l&cat=p&typeid=i","cat":284641},{"id":167011,"n":"Pur jus de clémentine Jafaden 90cl","p":2.15,"u":"2,39 €/L","img":"https://fd9-photos.leclercdrive.fr/image.ashx?id=2441745&use=l&cat=p&typeid=i","cat":285435},{"id":167081,"n":"Mug enfant garni Rohan Sucette en chocolat Bleu - 154g","p":8.9,"u":"57,79 €/KG","img":"https://fd9-photos.leclercdrive.fr/image.ashx?id=2261019&use=l&cat=p&typeid=i","cat":284958},{"id":167082,"n":"Mug enfant garni Rohan Blanc Sucette en chocolat 154g","p":8.9,"u":"57,79 €/KG","img":"https://fd9-photos.leclercdrive.fr/image.ashx?id=2261022&use=l&cat=p&typeid=i","cat":284958},{"id":167086,"n":"Mug enfant garni Rohan Rose - 154g","p":8.9,"u":"57,79 €/KG","img":"https://fd9-photos.leclercdrive.fr/image.ashx?id=2261025&use=l&cat=p&typeid=i","cat":284958},{"id":167148,"n":"Calendrier de l'Avent Kinder Chalet du Père Noël - 234g","p":11.27,"u":"48,16 €/KG","img":"https://fd9-photos.leclercdrive.fr/image.ashx?id=2402484&use=l&cat=p&typeid=i","cat":336112},{"id":167183,"n":"Tubo père noël  lait Libeert Moulage lait décoré - 150g","p":7.63,"u":"50,87 €/KG","img":"https://fd9-photos.leclercdrive.fr/image.ashx?id=2306447&use=l&cat=p&typeid=i","cat":327592},{"id":167202,"n":"Nougat noir  Chabert & Guillot  - 100g","p":4.35,"u":"43,50 €/KG","img":"https://fd9-photos.leclercdrive.fr/image.ashx?id=2491310&use=l&cat=p&typeid=i","cat":327605},{"id":167239,"n":"Festif Truffes Revillon Noir 70% - 370g","p":11.57,"u":"31,27 €/KG","img":"https://fd9-photos.leclercdrive.fr/image.ashx?id=2661199&use=l&cat=p&typeid=i","cat":327597},{"id":167240,"n":"Festif rochers Revillon Noir 70% & lait - 370g","p":11.57,"u":"31,27 €/KG","img":"https://fd9-photos.leclercdrive.fr/image.ashx?id=2661661&use=l&cat=p&typeid=i","cat":327597},{"id":167242,"n":"Nougats noir et lait  Revillon Noir 70% & lait - 300g","p":11.57,"u":"38,57 €/KG","img":"https://fd9-photos.leclercdrive.fr/image.ashx?id=2661658&use=l&cat=p&typeid=i","cat":327597},{"id":167243,"n":"Papillotes Révillon Noir 70% Féerique- 360g","p":11.57,"u":"32,14 €/KG","img":"https://fd9-photos.leclercdrive.fr/image.ashx?id=2863272&use=l&cat=p&typeid=i","cat":327597},{"id":167244,"n":"Papillotes Revillon Lait   Féerique - 360g","p":10.99,"u":"30,53 €/KG","img":"https://fd9-photos.leclercdrive.fr/image.ashx?id=2863269&use=l&cat=p&typeid=i","cat":327597},{"id":167247,"n":"Papillotes Révillon Lait et Blanc - 360g","p":11.57,"u":"32,14 €/KG","img":"https://fd9-photos.leclercdrive.fr/image.ashx?id=2863278&use=l&cat=p&typeid=i","cat":327597},{"id":167248,"n":"Papillote Révillon Noir Lait et Blanc Féerique - 360g","p":11.37,"u":"31,58 €/KG","img":"https://fd9-photos.leclercdrive.fr/image.ashx?id=2863121&use=l&cat=p&typeid=i","cat":327597},{"id":167267,"n":"Sucette noel/renne/ourson Rohan 35g","p":1.86,"u":"53,14 €/KG","img":"https://fd9-photos.leclercdrive.fr/image.ashx?id=2213685&use=l&cat=p&typeid=i","cat":327592},{"id":167306,"n":"Soupe Déshydratée Oignon KNORR 4 portions - 94g","p":1.36,"u":"14,47 €/KG","img":"https://fd9-photos.leclercdrive.fr/image.ashx?id=2780088&use=l&cat=p&typeid=i","cat":284463},{"id":167338,"n":"Croustilles Star Belin Salé - 90g","p":1.5,"u":"16,67 €/KG","img":"https://fd9-photos.leclercdrive.fr/image.ashx?id=3002222&use=l&cat=p&typeid=i","cat":284449},{"id":167375,"n":"Pois chiches d'aucy Bien Cultivés - 250g","p":2.0,"u":"8,00 €/KG","img":"https://fd9-photos.leclercdrive.fr/image.ashx?id=2800764&use=l&cat=p&typeid=i","cat":312609},{"id":167389,"n":"Pur jus d'orange Jafaden Sans pulpe - 90cl","p":2.15,"u":"2,39 €/L","img":"https://fd9-photos.leclercdrive.fr/image.ashx?id=2441742&use=l&cat=p&typeid=i","cat":285435},{"id":167390,"n":"Pur jus de pamplemousse Jafaden Avec pulpe - 90cl","p":1.88,"u":"2,09 €/L","img":"https://fd9-photos.leclercdrive.fr/image.ashx?id=2819639&use=l&cat=p&typeid=i","cat":285435},{"id":167392,"n":"Jus d'ananas Jafaden 90cl","p":2.21,"u":"2,46 €/L","img":"https://fd9-photos.leclercdrive.fr/image.ashx?id=2624016&use=l&cat=p&typeid=i","cat":285435},{"id":167393,"n":"Boisson au jus de citron Jafaden - 90cl","p":1.87,"u":"2,08 €/L","img":"https://fd9-photos.leclercdrive.fr/image.ashx?id=2490861&use=l&cat=p&typeid=i","cat":285435},{"id":167395,"n":"Pur jus d'orange frais Jafaden Avec pulpe - 1,5L","p":3.66,"u":"2,44 €/L","img":"https://fd9-photos.leclercdrive.fr/image.ashx?id=2442857&use=l&cat=p&typeid=i","cat":285435},{"id":167397,"n":"Pur jus d'orange Jafaden Avec pulpe - 90cl","p":2.21,"u":"2,46 €/L","img":"https://fd9-photos.leclercdrive.fr/image.ashx?id=2637988&use=l&cat=p&typeid=i","cat":285435},{"id":167416,"n":"Gel douche Le Petit Marseillais Noix de coco - 250ml","p":1.49,"u":"5,96 €/L","img":"https://fd9-photos.leclercdrive.fr/image.ashx?id=2681856&use=l&cat=p&typeid=i","cat":284594},{"id":167422,"n":"Petit pot bébé Blédina 6 mois Légume viande poisson - 4x200g","p":4.11,"u":"5,14 €/KG","img":"https://fd9-photos.leclercdrive.fr/image.ashx?id=2908888&use=l&cat=p&typeid=i","cat":312236},{"id":167529,"n":"Lait bébé en poudre Gallia Calisma 1er âge 0-6 mois 830g","p":16.09,"u":"19,39 €/KG","img":"https://fd9-photos.leclercdrive.fr/image.ashx?id=2456201&use=l&cat=p&typeid=i","cat":284726},{"id":167530,"n":"Lait bébé en poudre Gallia Calisma 2e âge 6-12 mois 830g","p":15.36,"u":"18,51 €/KG","img":"https://fd9-photos.leclercdrive.fr/image.ashx?id=2479730&use=l&cat=p&typeid=i","cat":284727},{"id":167531,"n":"Lait bébé poudre Gallia Relais Calisma  1er âge 0-6 mois 830g","p":19.48,"u":"23,47 €/KG","img":"https://fd9-photos.leclercdrive.fr/image.ashx?id=2462460&use=l&cat=p&typeid=i","cat":284726},{"id":167533,"n":"Tagliatelle Lustucru Selection  360g","p":1.44,"u":"4,00 €/KG","img":"https://fd9-photos.leclercdrive.fr/image.ashx?id=2885351&use=l&cat=p&typeid=i","cat":333682},{"id":167534,"n":"Tagliatelle Lustucru Selection  Maxi 600g","p":2.36,"u":"3,93 €/KG","img":"https://fd9-photos.leclercdrive.fr/image.ashx?id=2792399&use=l&cat=p&typeid=i","cat":333682},{"id":167535,"n":"Fettucini Lustucru Selection  350g","p":1.8,"u":"5,14 €/KG","img":"https://fd9-photos.leclercdrive.fr/image.ashx?id=2792402&use=l&cat=p&typeid=i","cat":333682},{"id":167545,"n":"Briochettes Navettes La Fournée dorée pepites chocolat x8 -360g","p":2.49,"u":"6,92 €/KG","img":"https://fd9-photos.leclercdrive.fr/image.ashx?id=2842780&use=l&cat=p&typeid=i","cat":284478},{"id":167549,"n":"Découpe de canard  La Nouvelle Agriculture - 200g","p":6.98,"u":"34,90 €/KG","img":"https://fd9-photos.leclercdrive.fr/image.ashx?id=2364285&use=l&cat=p&typeid=i","cat":284339},{"id":167558,"n":"Filet de poulet jaune  Plein Champ Loué x2 - 280g","p":5.79,"u":"20,68 €/KG","img":"https://fd9-photos.leclercdrive.fr/image.ashx?id=2561694&use=l&cat=p&typeid=i","cat":284336},{"id":167559,"n":"Viande hachée charolaise 5%MG Socopa Délice du chef  - 300g","p":5.31,"u":"17,70 €/KG","img":"https://fd9-photos.leclercdrive.fr/image.ashx?id=2456198&use=l&cat=p&typeid=i","cat":284332},{"id":167612,"n":"Lessive Epsil Perfect Tri Doses Pure fraîcheur x20 - 490ml","p":4.99,"u":"10,18 €/L","img":"https://fd9-photos.leclercdrive.fr/image.ashx?id=2450122&use=l&cat=p&typeid=i","cat":284641},{"id":167783,"n":"Tarte en Or feuilletée Herta Sans huile de palme - 230g","p":1.76,"u":"7,65 €/KG","img":"https://fd9-photos.leclercdrive.fr/image.ashx?id=2907938&use=l&cat=p&typeid=i","cat":333681},{"id":167852,"n":"Pain au chocolat x4  1P","p":3.45,"img":"https://fd9-photos.leclercdrive.fr/image.ashx?id=2071037&use=l&cat=p&typeid=i","cat":284984},{"id":167868,"n":"Couscous parfumé Tipiak Aux épices du monde - 4x65g","p":2.13,"u":"8,19 €/KG","img":"https://fd9-photos.leclercdrive.fr/image.ashx?id=2846694&use=l&cat=p&typeid=i","cat":284429},{"id":167899,"n":"Truite fumée des Charentes  Ovive 4 tranches - 120g","p":6.17,"u":"51,42 €/KG","img":"https://fd9-photos.leclercdrive.fr/image.ashx?id=2786846&use=l&cat=p&typeid=i","cat":285188},{"id":167959,"n":"Tzatziki dégustation Tables du Monde - 175g","p":2.25,"u":"12,86 €/KG","img":"https://fd9-photos.leclercdrive.fr/image.ashx?id=2222528&use=l&cat=p&typeid=i","cat":315999},{"id":168168,"n":"Huile d'olive Cauvin Vierge Extra - 75cl","p":8.91,"u":"11,88 €/L","img":"https://fd9-photos.leclercdrive.fr/image.ashx?id=2498353&use=l&cat=p&typeid=i","cat":284453},{"id":168169,"n":"Ferments Lactiques Tablier Blanc - 8g","p":2.42,"u":"302,50 €/KG","img":"https://fd9-photos.leclercdrive.fr/image.ashx?id=2487488&use=l&cat=p&typeid=i","cat":284504},{"id":168171,"n":"Grandi girasoli Rana Ricotta, Épinards, Mascarpone - 250g","p":3.43,"u":"13,72 €/KG","img":"https://fd9-photos.leclercdrive.fr/image.ashx?id=2433759&use=l&cat=p&typeid=i","cat":333682},{"id":168301,"n":"Skyr Yoplait  Nature 0%Mg - 850g","p":3.21,"u":"3,78 €/KG","img":"https://fd9-photos.leclercdrive.fr/image.ashx?id=2884444&use=l&cat=p&typeid=i","cat":315000},{"id":168316,"n":"Steaks hachés Charal Pur Bœuf 5% MG 4x100g - 400g","p":8.43,"u":"21,08 €/KG","img":"https://fd9-photos.leclercdrive.fr/image.ashx?id=2741994&use=l&cat=p&typeid=i","cat":319778},{"id":168361,"n":"Démaquillant La Provençale Bio  Yeux biphase - 125ml","p":5.69,"u":"45,52 €/L","img":"https://fd9-photos.leclercdrive.fr/image.ashx?id=2508204&use=l&cat=p&typeid=i","cat":284603},{"id":168367,"n":"Lait Corps La Provençale Bio Peaux très sèches - 200ml","p":5.55,"u":"27,75 €/L","img":"https://fd9-photos.leclercdrive.fr/image.ashx?id=2534941&use=l&cat=p&typeid=i","cat":325349},{"id":168371,"n":"Masque Peel-Off Charbon Garnier Anti-Points Noirs - 50ml","p":4.34,"u":"86,80 €/L","img":"https://fd9-photos.leclercdrive.fr/image.ashx?id=2634193&use=l&cat=p&typeid=i","cat":325346},{"id":168372,"n":"Mascara L'Oréal Paris Volume  Millions de cils baume Noir","p":12.0,"img":"https://fd9-photos.leclercdrive.fr/image.ashx?id=2418420&use=l&cat=p&typeid=i","cat":287029},{"id":168391,"n":"Jus de pomme désucré Jafaden 1L","p":1.39,"u":"1,39 €/L","img":"https://fd9-photos.leclercdrive.fr/image.ashx?id=2227035&use=l&cat=p&typeid=i","cat":284522},{"id":168569,"n":"Boulettes au bœuf Charal x30 - 900g","p":8.49,"u":"9,43 €/KG","img":"https://fd9-photos.leclercdrive.fr/image.ashx?id=2901845&use=l&cat=p&typeid=i","cat":319779},{"id":168576,"n":"Liégeois au café Andros  Au lait d'amande - 4x90g","p":2.77,"u":"7,69 €/KG","img":"https://fd9-photos.leclercdrive.fr/image.ashx?id=2871994&use=l&cat=p&typeid=i","cat":316071},{"id":168656,"n":"Schoko-bons white Kinder Chocolat - 300g","p":6.77,"u":"22,57 €/KG","img":"https://fd9-photos.leclercdrive.fr/image.ashx?id=2918071&use=l&cat=p&typeid=i","cat":327592},{"id":168675,"n":"Dentifrice Signal antibactérien Interdentaire Intégral 8 - 75ml","p":2.15,"u":"28,67 €/L","img":"https://fd9-photos.leclercdrive.fr/image.ashx?id=2659178&use=l&cat=p&typeid=i","cat":284612},{"id":168725,"n":"Riz au lait La Laitière Nature - 4x115g","p":1.79,"u":"3,89 €/KG","img":"https://fd9-photos.leclercdrive.fr/image.ashx?id=2642201&use=l&cat=p&typeid=i","cat":284418},{"id":168871,"n":"Mouchoirs Boîte 3 plis Univert Mouchoir papier non blanchi x80","p":1.26,"u":"0,02 €/P","img":"https://fd9-photos.leclercdrive.fr/image.ashx?id=2571941&use=l&cat=p&typeid=i","cat":284638},{"id":168992,"n":"Nuggets de volaille Eco+ 500g","p":2.18,"u":"4,36 €/KG","img":"https://fd9-photos.leclercdrive.fr/image.ashx?id=2233397&use=l&cat=p&typeid=i","cat":319780},{"id":168993,"n":"Viande hachée Eco+  800g","p":9.49,"u":"11,86 €/KG","img":"https://fd9-photos.leclercdrive.fr/image.ashx?id=2966526&use=l&cat=p&typeid=i","cat":319779},{"id":168994,"n":"Yaourt Enfant Petits Filous Tubs Aromatisés - x15","p":2.97,"u":"5,35 €/KG","img":"https://fd9-photos.leclercdrive.fr/image.ashx?id=2811038&use=l&cat=p&typeid=i","cat":284415},{"id":168995,"n":"Yaourt brassé Perle de Lait Vanille - 4x125g","p":1.95,"u":"3,90 €/KG","img":"https://fd9-photos.leclercdrive.fr/image.ashx?id=2939715&use=l&cat=p&typeid=i","cat":314999},{"id":169003,"n":"Yaourt brassé Perle de Lait Nature - 4x125g","p":1.87,"u":"3,74 €/KG","img":"https://fd9-photos.leclercdrive.fr/image.ashx?id=2939706&use=l&cat=p&typeid=i","cat":314999},{"id":169006,"n":"Cocktail de fruits de mer Eco+ Précuit - 500g","p":3.77,"u":"7,54 €/KG","img":"https://fd9-photos.leclercdrive.fr/image.ashx?id=2800219&use=l&cat=p&typeid=i","cat":319787},{"id":169028,"n":"Filet de colin d'Alaska Eco MSC - 1kg","p":5.87,"u":"5,87 €/KG","img":"https://fd9-photos.leclercdrive.fr/image.ashx?id=2545924&use=l&cat=p&typeid=i","cat":319786},{"id":169216,"n":"Yaourt brassé Perle de Lait Coco - 4x125g","p":2.02,"u":"4,04 €/KG","img":"https://fd9-photos.leclercdrive.fr/image.ashx?id=2939709&use=l&cat=p&typeid=i","cat":286006},{"id":169218,"n":"Yaourt brassé Perle de Lait Nature - 8x125g","p":3.31,"u":"3,31 €/KG","img":"https://fd9-photos.leclercdrive.fr/image.ashx?id=2989225&use=l&cat=p&typeid=i","cat":284409},{"id":169228,"n":"Rillettes Les Mouettes d'Arvor Thon au fromage frais - 125g","p":3.09,"u":"24,72 €/KG","img":"https://fd9-photos.leclercdrive.fr/image.ashx?id=2237046&use=l&cat=p&typeid=i","cat":303867},{"id":169342,"n":"Lardons fumés Herta 200g","p":2.16,"u":"10,80 €/KG","img":"https://fd9-photos.leclercdrive.fr/image.ashx?id=2939307&use=l&cat=p&typeid=i","cat":316011},{"id":169344,"n":"Lardons fumés Herta Sans nitrite - 2x75g","p":1.8,"u":"12,00 €/KG","img":"https://fd9-photos.leclercdrive.fr/image.ashx?id=2731369&use=l&cat=p&typeid=i","cat":316011},{"id":169345,"n":"Lardons nature Herta 200g","p":2.16,"u":"10,80 €/KG","img":"https://fd9-photos.leclercdrive.fr/image.ashx?id=2731357&use=l&cat=p&typeid=i","cat":316011},{"id":169346,"n":"Allumettes fumées Herta Sans nitrite - 2x75g","p":1.85,"u":"12,33 €/KG","img":"https://fd9-photos.leclercdrive.fr/image.ashx?id=2868903&use=l&cat=p&typeid=i","cat":316011},{"id":169347,"n":"Allumettes nature Herta Sans nitrite - 2x75g","p":1.96,"u":"13,07 €/KG","img":"https://fd9-photos.leclercdrive.fr/image.ashx?id=2868906&use=l&cat=p&typeid=i","cat":316011},{"id":169349,"n":"Lardons fumés Herta -25% sel - 150g","p":1.83,"u":"12,20 €/KG","img":"https://fd9-photos.leclercdrive.fr/image.ashx?id=2731360&use=l&cat=p&typeid=i","cat":316011},{"id":169351,"n":"Allumettes fumées Herta 200g","p":1.94,"u":"9,70 €/KG","img":"https://fd9-photos.leclercdrive.fr/image.ashx?id=2817458&use=l&cat=p&typeid=i","cat":316011},{"id":169353,"n":"Pâte feuilletée Herta Tarte en Or - 230g","p":0.93,"u":"4,04 €/KG","img":"https://fd9-photos.leclercdrive.fr/image.ashx?id=2918658&use=l&cat=p&typeid=i","cat":333681},{"id":169354,"n":"Pâte brisée Herta Tarte en Or - 230g","p":1.01,"u":"4,39 €/KG","img":"https://fd9-photos.leclercdrive.fr/image.ashx?id=2739189&use=l&cat=p&typeid=i","cat":333681},{"id":169365,"n":"Pâte feuilletée rectangulaire  Herta Tarte en Or - 230g","p":1.25,"u":"5,43 €/KG","img":"https://fd9-photos.leclercdrive.fr/image.ashx?id=2721697&use=l&cat=p&typeid=i","cat":333681},{"id":169367,"n":"Pâte feuilletée Herta Tarte en Or -30%MG - 230g","p":1.33,"u":"5,78 €/KG","img":"https://fd9-photos.leclercdrive.fr/image.ashx?id=2814524&use=l&cat=p&typeid=i","cat":333681},{"id":169429,"n":"Tendres Effilés en Gelée Felix Selection poissons 12x85g","p":4.88,"u":"4,78 €/KG","img":"https://fd9-photos.leclercdrive.fr/image.ashx?id=2995439&use=l&cat=p&typeid=i","cat":285286},{"id":169430,"n":"Tendres Effilés en Gelée Felix Selection campagne 12x85g","p":4.8,"u":"4,71 €/KG","img":"https://fd9-photos.leclercdrive.fr/image.ashx?id=2957668&use=l&cat=p&typeid=i","cat":285286},{"id":169432,"n":"Tendres Effilés en Gelée Felix Selection mixte - 24x85g","p":8.87,"u":"4,35 €/KG","img":"https://fd9-photos.leclercdrive.fr/image.ashx?id=2869651&use=l&cat=p&typeid=i","cat":285286},{"id":169445,"n":"Duos en gelée Felix Selection campagne - 44x85g","p":16.65,"u":"4,45 €/KG","img":"https://fd9-photos.leclercdrive.fr/image.ashx?id=2976857&use=l&cat=p&typeid=i","cat":285286},{"id":169447,"n":"Emincés En Gelée Felix Selection mixte - 12x85g","p":4.07,"u":"3,99 €/KG","img":"https://fd9-photos.leclercdrive.fr/image.ashx?id=2869657&use=l&cat=p&typeid=i","cat":285286},{"id":169448,"n":"Emincés En Gelée  Felix Volaille légumes - 12x85g","p":4.08,"u":"4,00 €/KG","img":"https://fd9-photos.leclercdrive.fr/image.ashx?id=2909212&use=l&cat=p&typeid=i","cat":285286},{"id":169511,"n":"Margarine Oméga 3 Fruit d'Or Sans huile de palme - 450g","p":2.88,"u":"6,40 €/KG","img":"https://fd9-photos.leclercdrive.fr/image.ashx?id=2887329&use=l&cat=p&typeid=i","cat":315229},{"id":169559,"n":"Père Noël Smarties Bleu - 85g","p":3.12,"u":"36,71 €/KG","img":"https://fd9-photos.leclercdrive.fr/image.ashx?id=2265626&use=l&cat=p&typeid=i","cat":327592},{"id":169956,"n":"Eau gazeuse Perrier 1L","p":0.62,"u":"0,62 €/L","img":"https://fd9-photos.leclercdrive.fr/image.ashx?id=2672563&use=l&cat=p&typeid=i","cat":284536},{"id":170322,"n":"Sauce à la truffe blanche d'été Charal - 120g","p":2.08,"u":"17,33 €/KG","img":"https://fd9-photos.leclercdrive.fr/image.ashx?id=2245508&use=l&cat=p&typeid=i","cat":327293},{"id":170561,"n":"Friandises chien Tous mes Amis Sticks au Boeuf - 3x11g","p":0.5,"u":"15,15 €/KG","img":"https://fd9-photos.leclercdrive.fr/image.ashx?id=2302265&use=l&cat=p&typeid=i","cat":294527},{"id":170778,"n":"Bloc de foie gras Jean Larnaudie - 230g","p":24.97,"u":"108,57 €/KG","img":"https://fd9-photos.leclercdrive.fr/image.ashx?id=2915811&use=l&cat=p&typeid=i","cat":316008},{"id":170828,"n":"Chips Tortilla Old El Paso Chili - 185g","p":2.29,"u":"12,38 €/KG","img":"https://fd9-photos.leclercdrive.fr/image.ashx?id=2444525&use=l&cat=p&typeid=i","cat":288993},{"id":170939,"n":"Mini Blinis Labeyrie 155g","p":1.97,"u":"12,71 €/KG","img":"https://fd9-photos.leclercdrive.fr/image.ashx?id=2971589&use=l&cat=p&typeid=i","cat":285191},{"id":170957,"n":"Confiture Douceur du Verger Abricot - 750g","p":2.31,"u":"3,08 €/KG","img":"https://fd9-photos.leclercdrive.fr/image.ashx?id=2965581&use=l&cat=p&typeid=i","cat":284480},{"id":171004,"n":"Ramen nouilles Tanoshi Soja Caramel - 360g","p":2.98,"u":"8,28 €/KG","img":"https://fd9-photos.leclercdrive.fr/image.ashx?id=2922971&use=l&cat=p&typeid=i","cat":288992},{"id":171012,"n":"Café Moulu San Marco Intenso n°9 - 2x250g","p":10.49,"u":"20,98 €/KG","img":"https://fd9-photos.leclercdrive.fr/image.ashx?id=2646044&use=l&cat=p&typeid=i","cat":284750},{"id":171160,"n":"Saucisson sec Saint Agaûne La fine - 205g","p":4.46,"u":"21,76 €/KG","img":"https://fd9-photos.leclercdrive.fr/image.ashx?id=2835980&use=l&cat=p&typeid=i","cat":316006},{"id":171187,"n":"Barres glacées Snickers  Caramel & Cacahuètes x12 - 547g","p":5.19,"u":"9,49 €/KG","img":"https://fd9-photos.leclercdrive.fr/image.ashx?id=2295505&use=l&cat=p&typeid=i","cat":284264},{"id":171188,"n":"Glace Barre Glacée Snickers  Caramel & Cacahuètes x6 - 274g","p":3.55,"u":"12,96 €/KG","img":"https://fd9-photos.leclercdrive.fr/image.ashx?id=2295508&use=l&cat=p&typeid=i","cat":284264},{"id":171191,"n":"Barre glacée Mars  Caramel x6 - 240g","p":3.16,"img":"https://fd9-photos.leclercdrive.fr/image.ashx?id=2295924&use=l&cat=p&typeid=i","cat":284264},{"id":171192,"n":"Barre glacée Mars  Chocolat & Caramel x12 - 480g","p":5.27,"u":"10,98 €/KG","img":"https://fd9-photos.leclercdrive.fr/image.ashx?id=2295927&use=l&cat=p&typeid=i","cat":284264},{"id":171409,"n":"Sac poubelle Elembal 50L - x40","p":5.99,"u":"0,15 €/P","img":"https://fd9-photos.leclercdrive.fr/image.ashx?id=2252858&use=l&cat=p&typeid=i","cat":285168},{"id":171719,"n":"Lessive Epsil Perfect Tri-Doses Fleurie x20 - 490ml","p":4.49,"u":"9,16 €/L","img":"https://fd9-photos.leclercdrive.fr/image.ashx?id=2450119&use=l&cat=p&typeid=i","cat":284641},{"id":171836,"n":"Céréales Trésor Kellogg's Chocolat au lait - 620g","p":4.39,"u":"7,08 €/KG","img":"https://fd9-photos.leclercdrive.fr/image.ashx?id=2598334&use=l&cat=p&typeid=i","cat":309513},{"id":171839,"n":"Yaourts Light & Free Aux fruits rouges 0% - 8x125g","p":3.22,"u":"3,22 €/KG","img":"https://fd9-photos.leclercdrive.fr/image.ashx?id=3008014&use=l&cat=p&typeid=i","cat":315000},{"id":172078,"n":"Choucroute Garnie du Jour Stoeffler - 350g","p":3.9,"u":"11,14 €/KG","img":"https://fd9-photos.leclercdrive.fr/image.ashx?id=2257937&use=l&cat=p&typeid=i","cat":333665},{"id":172510,"n":"Morilles et champignons à la Crème Magda - 300g","p":3.98,"pp":2.63,"u":"8,77 €/KG","img":"https://fd9-photos.leclercdrive.fr/image.ashx?id=2790027&use=l&cat=p&typeid=i","cat":319823},{"id":172592,"n":"Fromage blanc 0%MG Light & Free Vanille - 4x120g","p":1.94,"u":"4,04 €/KG","img":"https://fd9-photos.leclercdrive.fr/image.ashx?id=3008005&use=l&cat=p&typeid=i","cat":315000},{"id":172597,"n":"Yaourt aux fruits Light&Free Fraise 0%MG- 4x125g","p":1.67,"u":"3,34 €/KG","img":"https://fd9-photos.leclercdrive.fr/image.ashx?id=3010987&use=l&cat=p&typeid=i","cat":315000},{"id":172599,"n":"Yaourt aux fruits Light&Free Citron 0%MG - 4x125g","p":1.67,"u":"3,34 €/KG","img":"https://fd9-photos.leclercdrive.fr/image.ashx?id=2889223&use=l&cat=p&typeid=i","cat":315000},{"id":172601,"n":"Yaourt brassé 0%MG Light & Free 8x125g","p":2.91,"u":"2,91 €/KG","img":"https://fd9-photos.leclercdrive.fr/image.ashx?id=3008011&use=l&cat=p&typeid=i","cat":315000},{"id":172715,"n":"Allumettes fumées Herta -25% sel - 2x75g","p":1.87,"u":"12,47 €/KG","img":"https://fd9-photos.leclercdrive.fr/image.ashx?id=2731363&use=l&cat=p&typeid=i","cat":316011},{"id":172716,"n":"Allumettes nature Herta 200g","p":2.17,"u":"10,85 €/KG","img":"https://fd9-photos.leclercdrive.fr/image.ashx?id=2390011&use=l&cat=p&typeid=i","cat":316011},{"id":172718,"n":"Lessive en poudre Xeor Savon de Marseille x50 - 2.5kg","p":5.99,"u":"2,40 €/KG","img":"https://fd9-photos.leclercdrive.fr/image.ashx?id=2450161&use=l&cat=p&typeid=i","cat":284642},{"id":172731,"n":"Tablette chocolat Milka Chocolat au lait - 3x100g","p":4.23,"u":"14,10 €/KG","img":"https://fd9-photos.leclercdrive.fr/image.ashx?id=3009137&use=l&cat=p&typeid=i","cat":284497},{"id":172740,"n":"Farine à Pizza Mon Fournil T00 - 1kg","p":1.85,"u":"1,85 €/KG","img":"https://fd9-photos.leclercdrive.fr/image.ashx?id=2341660&use=l&cat=p&typeid=i","cat":284503},{"id":172794,"n":"Kinder Mix peluche Kinder Chien - 133g","p":13.92,"u":"104,66 €/KG","img":"https://fd9-photos.leclercdrive.fr/image.ashx?id=2261034&use=l&cat=p&typeid=i","cat":327789},{"id":172829,"n":"Yaourt à boire protéiné Hipro  Mangue 0%mg - 300g","p":2.17,"u":"7,23 €/KG","img":"https://fd9-photos.leclercdrive.fr/image.ashx?id=2807432&use=l&cat=p&typeid=i","cat":315000},{"id":173448,"n":"Cacahuètes Curly Sweety Caramélisées - 150g","p":1.54,"u":"10,27 €/KG","img":"https://fd9-photos.leclercdrive.fr/image.ashx?id=2599233&use=l&cat=p&typeid=i","cat":284449},{"id":173990,"n":"Empresure au beurre salé Malo 4x125g","p":1.97,"u":"3,94 €/KG","img":"https://fd9-photos.leclercdrive.fr/image.ashx?id=2756272&use=l&cat=p&typeid=i","cat":285041},{"id":174145,"n":"Confiture Douceur du Verger Cerises - 370 g","p":1.27,"u":"3,43 €/KG","img":"https://fd9-photos.leclercdrive.fr/image.ashx?id=2269216&use=l&cat=p&typeid=i","cat":284480},{"id":174146,"n":"Marmelade oranges Douceur du Verger - 370 g","p":1.17,"u":"3,16 €/KG","img":"https://fd9-photos.leclercdrive.fr/image.ashx?id=2965596&use=l&cat=p&typeid=i","cat":284480},{"id":174147,"n":"Confiture Douceur du Verger Châtaignes/vanille - 370g","p":1.75,"u":"4,73 €/KG","img":"https://fd9-photos.leclercdrive.fr/image.ashx?id=2965593&use=l&cat=p&typeid=i","cat":284480},{"id":174148,"n":"Confiture Douceur du Verger Pêches - 370 g","p":1.6,"u":"4,32 €/KG","img":"https://fd9-photos.leclercdrive.fr/image.ashx?id=2269219&use=l&cat=p&typeid=i","cat":284480},{"id":174149,"n":"Confiture Douceur du Verger Fraises - 370 g","p":1.12,"u":"3,03 €/KG","img":"https://fd9-photos.leclercdrive.fr/image.ashx?id=2269201&use=l&cat=p&typeid=i","cat":284480},{"id":174150,"n":"Confiture Douceur du Verger Framboises - 370 g","p":1.99,"u":"5,38 €/KG","img":"https://fd9-photos.leclercdrive.fr/image.ashx?id=2965575&use=l&cat=p&typeid=i","cat":284480},{"id":174151,"n":"Confiture Douceur du Verger 4 fruits rouges - 370 g","p":1.18,"u":"3,19 €/KG","img":"https://fd9-photos.leclercdrive.fr/image.ashx?id=2269204&use=l&cat=p&typeid=i","cat":284480},{"id":174152,"n":"Sauce Tomate Provençale Panzani - 210G","p":1.19,"u":"5,67 €/KG","img":"https://fd9-photos.leclercdrive.fr/image.ashx?id=2880691&use=l&cat=p&typeid=i","cat":299047},{"id":174153,"n":"Sauce tomates cuisinées Panzani 210g","p":1.1,"u":"5,24 €/KG","img":"https://fd9-photos.leclercdrive.fr/image.ashx?id=2880688&use=l&cat=p&typeid=i","cat":299047},{"id":174154,"n":"Sauce Tomate Basilic Panzani - 210G","p":1.17,"u":"5,57 €/KG","img":"https://fd9-photos.leclercdrive.fr/image.ashx?id=2881290&use=l&cat=p&typeid=i","cat":288384},{"id":174155,"n":"Sauce tomate Panzani Provençale - 425g","p":1.39,"u":"3,27 €/KG","img":"https://fd9-photos.leclercdrive.fr/image.ashx?id=2742866&use=l&cat=p&typeid=i","cat":288384},{"id":174156,"n":"Sauce tomates cuisinées Panzani 425g","p":1.54,"u":"3,62 €/KG","img":"https://fd9-photos.leclercdrive.fr/image.ashx?id=2977276&use=l&cat=p&typeid=i","cat":288384},{"id":174157,"n":"Sauce Tomate Basilic Panzani - 400G","p":2.14,"u":"5,35 €/KG","img":"https://fd9-photos.leclercdrive.fr/image.ashx?id=2968088&use=l&cat=p&typeid=i","cat":288384},{"id":174158,"n":"Sauce Tomate Provençale Panzani - 650G","p":2.09,"u":"3,22 €/KG","img":"https://fd9-photos.leclercdrive.fr/image.ashx?id=2977942&use=l&cat=p&typeid=i","cat":299047},{"id":174159,"n":"Sauce Tomate Basilic Panzani - 650G","p":2.35,"u":"3,62 €/KG","img":"https://fd9-photos.leclercdrive.fr/image.ashx?id=2977945&use=l&cat=p&typeid=i","cat":288384},{"id":174160,"n":"Sauce tomates fraîches Panzani 3x190g","p":2.57,"u":"4,51 €/KG","img":"https://fd9-photos.leclercdrive.fr/image.ashx?id=2835274&use=l&cat=p&typeid=i","cat":288384},{"id":174164,"n":"Crème Sans Lactose Elle&Vire Epaisse Légère - 4% MG - 33cl","p":1.81,"u":"5,36 €/KG","img":"https://fd9-photos.leclercdrive.fr/image.ashx?id=2773670&use=l&cat=p&typeid=i","cat":284381},{"id":174188,"n":"Crevettes décortiquées Eco+ 500g","p":4.93,"u":"9,86 €/KG","img":"https://fd9-photos.leclercdrive.fr/image.ashx?id=2858947&use=l&cat=p&typeid=i","cat":319787},{"id":174204,"n":"Margarine Oméga 3 Fruit d'Or Sans huile de palme - 225g","p":1.92,"u":"8,53 €/KG","img":"https://fd9-photos.leclercdrive.fr/image.ashx?id=2887332&use=l&cat=p&typeid=i","cat":315229},{"id":174223,"n":"Pur jus de pomme Eco  1L","p":1.47,"u":"1,47 €/L","img":"https://fd9-photos.leclercdrive.fr/image.ashx?id=2779877&use=l&cat=p&typeid=i","cat":285435},{"id":174398,"n":"Eponges grattantes Eco + x6","p":0.96,"u":"0,16 €/P","img":"https://fd9-photos.leclercdrive.fr/image.ashx?id=2761295&use=l&cat=p&typeid=i","cat":284667},{"id":174489,"n":"Mini saucisson sec Saint Azay 160g","p":2.74,"u":"17,13 €/KG","img":"https://fd9-photos.leclercdrive.fr/image.ashx?id=2922709&use=l&cat=p&typeid=i","cat":316006},{"id":174515,"n":"Mothais sur feuille NRT Fromage de chèvre - 150g","p":4.59,"u":"30,60 €/KG","img":"https://fd9-photos.leclercdrive.fr/image.ashx?id=2302491&use=l&cat=p&typeid=i","cat":314031},{"id":174517,"n":"Pur jus multifruits Jafaden 90cl","p":1.7,"u":"1,89 €/L","img":"https://fd9-photos.leclercdrive.fr/image.ashx?id=2723153&use=l&cat=p&typeid=i","cat":285435},{"id":174574,"n":"Crayon de couleur  Bic Intensity x12","p":3.8,"u":"0,32 €/P","img":"https://fd9-photos.leclercdrive.fr/image.ashx?id=2272268&use=l&cat=p&typeid=i","cat":284696},{"id":174582,"n":"Feutre de coloriage Pointe  Incurvée Bic Intensity x12","p":5.6,"u":"0,47 €/P","img":"https://fd9-photos.leclercdrive.fr/image.ashx?id=2272274&use=l&cat=p&typeid=i","cat":284696},{"id":174596,"n":"Dossiers Kraft Lot de 5","p":4.05,"img":"https://fd9-photos.leclercdrive.fr/image.ashx?id=2558286&use=l&cat=p&typeid=i","cat":284745},{"id":174710,"n":"Confiture Douceur du Verger Mirabelles - 370g","p":1.64,"u":"4,43 €/KG","img":"https://fd9-photos.leclercdrive.fr/image.ashx?id=2965560&use=l&cat=p&typeid=i","cat":284480},{"id":174712,"n":"Confiture Douceur du Verger Figues - 370g","p":1.58,"u":"4,27 €/KG","img":"https://fd9-photos.leclercdrive.fr/image.ashx?id=2274108&use=l&cat=p&typeid=i","cat":284480},{"id":174714,"n":"Confiture Douceur du Verger Mûres - 370g","p":1.99,"u":"5,38 €/KG","img":"https://fd9-photos.leclercdrive.fr/image.ashx?id=2274111&use=l&cat=p&typeid=i","cat":284480},{"id":174815,"n":"Confiture Douceur du Verger Myrtilles - 370g","p":1.72,"u":"4,65 €/KG","img":"https://fd9-photos.leclercdrive.fr/image.ashx?id=2274397&use=l&cat=p&typeid=i","cat":284480},{"id":174816,"n":"Confiture Douceur du Verger Rhubarbe - 370g","p":1.69,"u":"4,57 €/KG","img":"https://fd9-photos.leclercdrive.fr/image.ashx?id=2965584&use=l&cat=p&typeid=i","cat":284480},{"id":174844,"n":"Amandes en poudre d'Espagne Sainte Lucie - 100g","p":2.83,"u":"28,30 €/KG","img":"https://fd9-photos.leclercdrive.fr/image.ashx?id=2774331&use=l&cat=p&typeid=i","cat":284504},{"id":174875,"n":"Gelée douceur du Verger Groseilles - 370g","p":1.29,"u":"3,49 €/KG","img":"https://fd9-photos.leclercdrive.fr/image.ashx?id=2275504&use=l&cat=p&typeid=i","cat":284480},{"id":174876,"n":"Gelée Douceur du Verger Coing - 370g","p":1.29,"u":"3,49 €/KG","img":"https://fd9-photos.leclercdrive.fr/image.ashx?id=2275507&use=l&cat=p&typeid=i","cat":284480},{"id":174881,"n":"Carottes râpées Bonduelle Au Citron de Sicile - 320g","p":1.4,"u":"4,38 €/KG","img":"https://fd9-photos.leclercdrive.fr/image.ashx?id=2894194&use=l&cat=p&typeid=i","cat":333657},{"id":174884,"n":"Céleri remoulade Bonduelle Au Fromage blanc - 320g","p":1.53,"u":"4,78 €/KG","img":"https://fd9-photos.leclercdrive.fr/image.ashx?id=2904709&use=l&cat=p&typeid=i","cat":333657},{"id":174887,"n":"Concombre Bonduelle Au Fromage blanc - 320g","p":1.94,"u":"6,06 €/KG","img":"https://fd9-photos.leclercdrive.fr/image.ashx?id=2905309&use=l&cat=p&typeid=i","cat":333657},{"id":174931,"n":"Steak haché façon bouchère x4 Soutenons Nos Agriculteurs 400g","p":6.39,"u":"15,98 €/KG","img":"https://fd9-photos.leclercdrive.fr/image.ashx?id=2968070&use=l&cat=p&typeid=i","cat":319778},{"id":174932,"n":"Poisson Pané Findus Croustibat Colin d'Alaska MSC x18 - 540g","p":4.12,"u":"7,63 €/KG","img":"https://fd9-photos.leclercdrive.fr/image.ashx?id=2653774&use=l&cat=p&typeid=i","cat":319788},{"id":174935,"n":"Lingettes jetables sols Carolin Au savon de Marseille - x15","p":3.41,"u":"0,23 €/P","img":"https://fd9-photos.leclercdrive.fr/image.ashx?id=2652407&use=l&cat=p&typeid=i","cat":325358},{"id":174941,"n":"Fromage blanc Engagé Soutenons Nos Agriculteurs 1kg","p":2.09,"u":"2,09 €/KG","img":"https://fd9-photos.leclercdrive.fr/image.ashx?id=2987175&use=l&cat=p&typeid=i","cat":284409},{"id":175058,"n":"Pois chiches Bonduelle Cuits Dans Très Peu De Jus 265g","p":1.29,"u":"4,87 €/KG","img":"https://fd9-photos.leclercdrive.fr/image.ashx?id=2926272&use=l&cat=p&typeid=i","cat":312609},{"id":175122,"n":"Crème Douche Nourrissante Cadum Surgras Coco - 750ml","p":3.68,"u":"4,91 €/L","img":"https://fd9-photos.leclercdrive.fr/image.ashx?id=2393284&use=l&cat=p&typeid=i","cat":284594},{"id":175125,"n":"Sauce Deluxe AMORA 250ml","p":1.96,"u":"7,84 €/L","img":"https://fd9-photos.leclercdrive.fr/image.ashx?id=3009266&use=l&cat=p&typeid=i","cat":318431},{"id":175222,"n":"Préparation gâteau Alsa Gâteau aux amandes - 300g","p":3.17,"u":"10,57 €/KG","img":"https://fd9-photos.leclercdrive.fr/image.ashx?id=3007993&use=l&cat=p&typeid=i","cat":284504},{"id":175283,"n":"Pommes de terre Eco+ 1.5kg","p":0.99,"u":"0,66 €/KG","img":"https://fd9-photos.leclercdrive.fr/image.ashx?id=2282349&use=l&cat=p&typeid=i","cat":284352},{"id":175303,"n":"Skyr Siggi's  Citron - 2x140g","p":2.16,"u":"7,71 €/KG","img":"https://fd9-photos.leclercdrive.fr/image.ashx?id=2673082&use=l&cat=p&typeid=i","cat":315000},{"id":175339,"n":"Poivrons bicolores Eco+ x2","p":0.99,"u":"0,50 €/P","img":"https://fd9-photos.leclercdrive.fr/image.ashx?id=2709716&use=l&cat=p&typeid=i","cat":284352},{"id":175423,"n":"Mandarines Panier du Primeur Filet 1.5kg","p":3.99,"u":"2,66 €/KG","img":"https://fd9-photos.leclercdrive.fr/image.ashx?id=2922433&use=l&cat=p&typeid=i","cat":284356},{"id":175449,"n":"Tablette FERRERO ROCHER Blanc Noisettes - 90g","p":2.04,"u":"22,67 €/KG","img":"https://fd9-photos.leclercdrive.fr/image.ashx?id=3001515&use=l&cat=p&typeid=i","cat":284957},{"id":175450,"n":"Tablette FERRERO ROCHER Noir 55% Noisettes - 90g","p":1.85,"u":"20,56 €/KG","img":"https://fd9-photos.leclercdrive.fr/image.ashx?id=3001509&use=l&cat=p&typeid=i","cat":284497},{"id":175561,"n":"Dentifrice Intégral 8 Signal Expert Sensibilité - 75ml","p":2.79,"u":"37,20 €/L","img":"https://fd9-photos.leclercdrive.fr/image.ashx?id=2360320&use=l&cat=p&typeid=i","cat":284612},{"id":175564,"n":"Gel Douche Le Petit Marseillais  Haute tolerance aloevera 400ml","p":2.28,"u":"5,70 €/L","img":"https://fd9-photos.leclercdrive.fr/image.ashx?id=2677429&use=l&cat=p&typeid=i","cat":284594},{"id":175572,"n":"Thé noir Earl Grey Bio Village Bio - x20 - 36g","p":1.09,"u":"30,28 €/KG","img":"https://fd9-photos.leclercdrive.fr/image.ashx?id=2285084&use=l&cat=p&typeid=i","cat":293233},{"id":175574,"n":"Sauce bolognaise Panzani Extra riche - 400g","p":2.61,"u":"6,53 €/KG","img":"https://fd9-photos.leclercdrive.fr/image.ashx?id=2887527&use=l&cat=p&typeid=i","cat":299047},{"id":175576,"n":"Sachet fraicheur chat Sheba Filets au poulet et thon - 60g","p":1.06,"u":"17,67 €/KG","img":"https://fd9-photos.leclercdrive.fr/image.ashx?id=2292464&use=l&cat=p&typeid=i","cat":285286},{"id":175578,"n":"Sachet fraicheur chat Sheba Filets aux crevettes - 60g","p":1.07,"u":"17,83 €/KG","img":"https://fd9-photos.leclercdrive.fr/image.ashx?id=2292467&use=l&cat=p&typeid=i","cat":285286},{"id":175579,"n":"Pur jus Bio Village Bio Pomme  - 1L","p":2.14,"u":"2,14 €/L","img":"https://fd9-photos.leclercdrive.fr/image.ashx?id=2285081&use=l&cat=p&typeid=i","cat":284522},{"id":175582,"n":"Sachet fraicheur chat Sheba Soupe filets de poulet - 4x40g","p":2.78,"u":"17,38 €/KG","img":"https://fd9-photos.leclercdrive.fr/image.ashx?id=2292590&use=l&cat=p&typeid=i","cat":285286},{"id":175585,"n":"Sachet fraicheur chat Sheba Soupe filets de thon - 4x40g","p":2.85,"u":"17,81 €/KG","img":"https://fd9-photos.leclercdrive.fr/image.ashx?id=2292593&use=l&cat=p&typeid=i","cat":285286},{"id":175586,"n":"Lentilles vertes Vivien Paille 1kg","p":3.6,"pp":2.38,"u":"2,38 €/KG","img":"https://fd9-photos.leclercdrive.fr/image.ashx?id=2285093&use=l&cat=p&typeid=i","cat":284430},{"id":175588,"n":"Cannelle entière Sainte Lucie 15g","p":2.44,"u":"162,67 €/KG","img":"https://fd9-photos.leclercdrive.fr/image.ashx?id=2984380&use=l&cat=p&typeid=i","cat":298297},{"id":175603,"n":"Thé vert bio Bio Village Menthe x20 - 36g","p":1.65,"u":"45,83 €/KG","img":"https://fd9-photos.leclercdrive.fr/image.ashx?id=2289523&use=l&cat=p&typeid=i","cat":293233},{"id":175605,"n":"Amandes California Sainte Lucie Décortiquées - 125g","p":3.9,"u":"31,20 €/KG","img":"https://fd9-photos.leclercdrive.fr/image.ashx?id=2285219&use=l&cat=p&typeid=i","cat":284504},{"id":175713,"n":"Bière \"La Goudale\" Rubis - 6x25cl","p":4.68,"u":"3,12 €/L","img":"https://fd9-photos.leclercdrive.fr/image.ashx?id=2778245&use=l&cat=p&typeid=i","cat":334878},{"id":175765,"n":"Chocolat au lait Lindt Création Praliné Feuillantine - 110g","p":3.62,"u":"32,91 €/KG","img":"https://fd9-photos.leclercdrive.fr/image.ashx?id=2287394&use=l&cat=p&typeid=i","cat":284497},{"id":175790,"n":"Sachet fraicheur chat Sheba Filets au poulet - 60g","p":1.08,"u":"18,00 €/KG","img":"https://fd9-photos.leclercdrive.fr/image.ashx?id=2287523&use=l&cat=p&typeid=i","cat":285286},{"id":175954,"n":"Sauce Bolognaise Panzani Extra riche - 200g","p":1.52,"u":"7,60 €/KG","img":"https://fd9-photos.leclercdrive.fr/image.ashx?id=2918574&use=l&cat=p&typeid=i","cat":287599},{"id":175984,"n":"Auto-bronzant Ambre Solaire  Brume corps - 150ml","p":9.69,"u":"64,60 €/L","img":"https://fd9-photos.leclercdrive.fr/image.ashx?id=2530630&use=l&cat=p&typeid=i","cat":325355},{"id":175990,"n":"Sachets repas Gourmet Purina Perle Duo à la viande - 4x85g","p":2.45,"u":"7,21 €/KG","img":"https://fd9-photos.leclercdrive.fr/image.ashx?id=2901121&use=l&cat=p&typeid=i","cat":285286},{"id":175999,"n":"Barquette chien Cesar Terrine veau et carottes - 300g","p":1.66,"u":"5,53 €/KG","img":"https://fd9-photos.leclercdrive.fr/image.ashx?id=2289249&use=l&cat=p&typeid=i","cat":284673},{"id":176027,"n":"Frites Classiques McCain Just Au Four - 700g","p":2.47,"u":"3,53 €/KG","img":"https://fd9-photos.leclercdrive.fr/image.ashx?id=2997340&use=l&cat=p&typeid=i","cat":319791},{"id":176029,"n":"Frites Classiques McCain Just Au Four - 1,69kg","p":4.97,"u":"2,94 €/KG","img":"https://fd9-photos.leclercdrive.fr/image.ashx?id=2771319&use=l&cat=p&typeid=i","cat":319791},{"id":176030,"n":"Frites Allumettes McCain Just Au Four - 700g","p":2.53,"u":"3,61 €/KG","img":"https://fd9-photos.leclercdrive.fr/image.ashx?id=2772491&use=l&cat=p&typeid=i","cat":319791},{"id":176031,"n":"Frites Allumettes McCain Just Au Four - 1,69kg","p":5.18,"u":"3,07 €/KG","img":"https://fd9-photos.leclercdrive.fr/image.ashx?id=2997343&use=l&cat=p&typeid=i","cat":319791},{"id":176033,"n":"Frites Steakhouse McCain Just Au Four - 700g","p":2.57,"u":"3,67 €/KG","img":"https://fd9-photos.leclercdrive.fr/image.ashx?id=2737921&use=l&cat=p&typeid=i","cat":319791},{"id":176034,"n":"Frites Express McCain Just Au Four - 600g","p":3.03,"u":"5,05 €/KG","img":"https://fd9-photos.leclercdrive.fr/image.ashx?id=2997337&use=l&cat=p&typeid=i","cat":319791},{"id":176036,"n":"Frites friteuse McCain Tradition - 1,080kg","p":2.73,"u":"2,53 €/KG","img":"https://fd9-photos.leclercdrive.fr/image.ashx?id=2737930&use=l&cat=p&typeid=i","cat":319791},{"id":176040,"n":"Frites friteuse McCain Golden Allumette - 1,080kg","p":2.83,"u":"2,62 €/KG","img":"https://fd9-photos.leclercdrive.fr/image.ashx?id=2737939&use=l&cat=p&typeid=i","cat":319791},{"id":176043,"n":"La Frite Belge McCain 1.080kg","p":2.97,"u":"2,75 €/KG","img":"https://fd9-photos.leclercdrive.fr/image.ashx?id=2737942&use=l&cat=p&typeid=i","cat":319791},{"id":176238,"n":"Le rapé de Chèvre Soignon 150g","p":3.12,"u":"20,80 €/KG","img":"https://fd9-photos.leclercdrive.fr/image.ashx?id=2773694&use=l&cat=p&typeid=i","cat":314035},{"id":176239,"n":"Gnocchi Lustucru Selection  390g","p":1.72,"u":"4,41 €/KG","img":"https://fd9-photos.leclercdrive.fr/image.ashx?id=2965999&use=l&cat=p&typeid=i","cat":333682},{"id":176295,"n":"Bonbons Ricola  Eucalyptus - 70g","p":1.65,"u":"23,57 €/KG","img":"https://fd9-photos.leclercdrive.fr/image.ashx?id=2647853&use=l&cat=p&typeid=i","cat":304252},{"id":176384,"n":"Soin Cheveux Magique Elsève Dream Long Embellisseur - 200ml","p":8.1,"u":"40,50 €/L","img":"https://fd9-photos.leclercdrive.fr/image.ashx?id=2439308&use=l&cat=p&typeid=i","cat":284608},{"id":176386,"n":"Shampoing Nutrition Elsève Huile Extraordinaire - 500ml","p":6.19,"u":"12,38 €/L","img":"https://fd9-photos.leclercdrive.fr/image.ashx?id=2516638&use=l&cat=p&typeid=i","cat":284606},{"id":176391,"n":"Sérum Hydra-Texturisant Elsève Cheveux Déshydratés - 150ml","p":11.31,"u":"75,40 €/L","img":"https://fd9-photos.leclercdrive.fr/image.ashx?id=2870677&use=l&cat=p&typeid=i","cat":284608},{"id":176534,"n":"Beurre bio Bio Village Doux  - 82% MG - 250g","p":2.85,"u":"11,40 €/KG","img":"https://fd9-photos.leclercdrive.fr/image.ashx?id=2961716&use=l&cat=p&typeid=i","cat":284379},{"id":176535,"n":"Beurre bio Bio Village  Demi-sel - 80% MG - 250g","p":2.99,"u":"11,96 €/KG","img":"https://fd9-photos.leclercdrive.fr/image.ashx?id=2961719&use=l&cat=p&typeid=i","cat":284379},{"id":176614,"n":"Compotes Pom'Potes Gourdes  Explorateurs Les Incas - 12x90g","p":5.76,"u":"5,33 €/KG","img":"https://fd9-photos.leclercdrive.fr/image.ashx?id=2900740&use=l&cat=p&typeid=i","cat":284508},{"id":176616,"n":"Compotes Pom'Potes Gourdes  Multivariétés Régions - 12x90g","p":5.72,"u":"5,30 €/KG","img":"https://fd9-photos.leclercdrive.fr/image.ashx?id=2883426&use=l&cat=p&typeid=i","cat":284508},{"id":176755,"n":"Lessive en poudre Uni Vert 1,25kg","p":3.89,"u":"3,11 €/KG","img":"https://fd9-photos.leclercdrive.fr/image.ashx?id=2450107&use=l&cat=p&typeid=i","cat":284642},{"id":176846,"n":"Knacki Original Herta x6 - 210g","p":1.61,"u":"7,67 €/KG","img":"https://fd9-photos.leclercdrive.fr/image.ashx?id=2299070&use=l&cat=p&typeid=i","cat":316012},{"id":176847,"n":"Knacki Original Herta x10 - 350g","p":1.73,"u":"4,94 €/KG","img":"https://fd9-photos.leclercdrive.fr/image.ashx?id=2304111&use=l&cat=p&typeid=i","cat":316012},{"id":176848,"n":"Knacki Original Herta Sans nitrite x6 - 210g","p":2.36,"u":"11,24 €/KG","img":"https://fd9-photos.leclercdrive.fr/image.ashx?id=2299073&use=l&cat=p&typeid=i","cat":316012},{"id":176974,"n":"Tablette de chocolat noir Lindt Corsé 70% - 100g","p":2.48,"u":"24,80 €/KG","img":"https://fd9-photos.leclercdrive.fr/image.ashx?id=2299696&use=l&cat=p&typeid=i","cat":284956},{"id":176988,"n":"Bonbon à sucer Ricola Menthol Stévia - 50g","p":1.5,"u":"30,00 €/KG","img":"https://fd9-photos.leclercdrive.fr/image.ashx?id=2382201&use=l&cat=p&typeid=i","cat":304252},{"id":176989,"n":"Bonbon à sucer Ricola Sans sucres -50g","p":1.53,"u":"30,60 €/KG","img":"https://fd9-photos.leclercdrive.fr/image.ashx?id=2382204&use=l&cat=p&typeid=i","cat":304252},{"id":176990,"n":"Bonbon à sucer Ricola Citron melisse stévia - 50g","p":1.46,"u":"29,20 €/KG","img":"https://fd9-photos.leclercdrive.fr/image.ashx?id=2382207&use=l&cat=p&typeid=i","cat":304252},{"id":176993,"n":"Bonbon à sucer Ricola Cassis Stevia - 50g","p":1.53,"u":"30,60 €/KG","img":"https://fd9-photos.leclercdrive.fr/image.ashx?id=2382213&use=l&cat=p&typeid=i","cat":304252},{"id":176996,"n":"Soin sans rinçage Elsève Color vive Water Acidic - 200ml","p":8.6,"u":"43,00 €/L","img":"https://fd9-photos.leclercdrive.fr/image.ashx?id=2439317&use=l&cat=p&typeid=i","cat":284608},{"id":177003,"n":"Tiramisu au spéculoos Equador 2x100g","p":2.25,"u":"11,25 €/KG","img":"https://fd9-photos.leclercdrive.fr/image.ashx?id=2566691&use=l&cat=p&typeid=i","cat":284419},{"id":177014,"n":"Gros sel marin Epices Bio Curry Episalées de l'île de Ré - 150g","p":4.68,"u":"31,20 €/KG","img":"https://fd9-photos.leclercdrive.fr/image.ashx?id=2301701&use=l&cat=p&typeid=i","cat":284457},{"id":177015,"n":"Gros sel Epices Bio Pimentées Episalées de l'île de Ré - 150g","p":4.37,"u":"29,13 €/KG","img":"https://fd9-photos.leclercdrive.fr/image.ashx?id=2301704&use=l&cat=p&typeid=i","cat":284457},{"id":177016,"n":"Gros sel île de Ré Bocal verre - 400g","p":8.22,"u":"20,55 €/KG","img":"https://fd9-photos.leclercdrive.fr/image.ashx?id=2316093&use=l&cat=p&typeid=i","cat":284457},{"id":177019,"n":"Sac gros sel avec anse Saunier de l'île de Ré - 5kg","p":7.4,"u":"1,48 €/KG","img":"https://fd9-photos.leclercdrive.fr/image.ashx?id=2861003&use=l&cat=p&typeid=i","cat":284457},{"id":177111,"n":"Pralines Raffaello Noix de coco amandes x26 - 260g","p":6.71,"u":"25,81 €/KG","img":"https://fd9-photos.leclercdrive.fr/image.ashx?id=2964030&use=l&cat=p&typeid=i","cat":327595},{"id":177112,"n":"Moulage chocolat Kinder Pain d'épice - 35g","p":1.75,"u":"50,00 €/KG","img":"https://fd9-photos.leclercdrive.fr/image.ashx?id=2619291&use=l&cat=p&typeid=i","cat":327592},{"id":177218,"n":"Lessive tri-doses couleurs Epsil - x20 capsules","p":4.89,"u":"0,24 €/P","img":"https://fd9-photos.leclercdrive.fr/image.ashx?id=2450113&use=l&cat=p&typeid=i","cat":284641},{"id":177220,"n":"Tourteau fromagé chèvre Baillon Légendes du Poitou - 250g","p":3.47,"u":"13,88 €/KG","img":"https://fd9-photos.leclercdrive.fr/image.ashx?id=2304575&use=l&cat=p&typeid=i","cat":284419},{"id":177234,"n":"Sorbet Plein Fruit L'Angélys Mangue - 500g","p":5.17,"u":"10,34 €/KG","img":"https://fd9-photos.leclercdrive.fr/image.ashx?id=2963616&use=l&cat=p&typeid=i","cat":284263},{"id":177260,"n":"Bâtonnets Manger Main Bio Yooji Haricots Pois Semoule 225g","p":3.59,"u":"15,96 €/KG","img":"https://fd9-photos.leclercdrive.fr/image.ashx?id=2529039&use=l&cat=p&typeid=i","cat":290631},{"id":177262,"n":"Bâtonnets Manger Main Bio Yooji Butternut Quinoa blanc - 225g","p":4.19,"u":"18,62 €/KG","img":"https://fd9-photos.leclercdrive.fr/image.ashx?id=2529036&use=l&cat=p&typeid=i","cat":290631},{"id":177319,"n":"Boulgour Tipiak 450g","p":1.79,"u":"3,98 €/KG","img":"https://fd9-photos.leclercdrive.fr/image.ashx?id=2766445&use=l&cat=p&typeid=i","cat":284429},{"id":177381,"n":"Bière blonde Ch'ti 6.8% vol. - 75cl","p":2.88,"u":"3,84 €/L","img":"https://fd9-photos.leclercdrive.fr/image.ashx?id=2840169&use=l&cat=p&typeid=i","cat":334852},{"id":177512,"n":"Pavé d'Autruche à poêler Damien de Jong - 240g","p":7.23,"u":"30,13 €/KG","img":"https://fd9-photos.leclercdrive.fr/image.ashx?id=2307826&use=l&cat=p&typeid=i","cat":284338},{"id":177652,"n":"Jambon Label Rouge Fleury Michon sans nitrite x4- 160g","p":3.93,"u":"24,56 €/KG","img":"https://fd9-photos.leclercdrive.fr/image.ashx?id=2923957&use=l&cat=p&typeid=i","cat":316009},{"id":177670,"n":"Crème fraîche entière Yoplait 30%MG - 450g","p":1.98,"u":"4,40 €/KG","img":"https://fd9-photos.leclercdrive.fr/image.ashx?id=2811044&use=l&cat=p&typeid=i","cat":284381},{"id":177676,"n":"Skyr Yoplait  Nature 0%MG - 8x100G","p":3.41,"u":"4,26 €/KG","img":"https://fd9-photos.leclercdrive.fr/image.ashx?id=2884450&use=l&cat=p&typeid=i","cat":315000},{"id":177677,"n":"Skyr Yoplait  Lit Fruits Rouges 0%MG - 8x100G","p":3.44,"u":"4,30 €/KG","img":"https://fd9-photos.leclercdrive.fr/image.ashx?id=2884453&use=l&cat=p&typeid=i","cat":315000},{"id":177697,"n":"Knacki Original Herta 140g","p":1.57,"u":"11,21 €/KG","img":"https://fd9-photos.leclercdrive.fr/image.ashx?id=2309414&use=l&cat=p&typeid=i","cat":316012},{"id":177698,"n":"Knacki Original Herta Sans nitrite x4 - 140g","p":1.92,"u":"13,71 €/KG","img":"https://fd9-photos.leclercdrive.fr/image.ashx?id=2309423&use=l&cat=p&typeid=i","cat":316012},{"id":177704,"n":"Knacki Original Herta 100% Porc - 210g","p":2.18,"u":"10,38 €/KG","img":"https://fd9-photos.leclercdrive.fr/image.ashx?id=2309417&use=l&cat=p&typeid=i","cat":316012},{"id":177719,"n":"Soin contour des yeux Nivea Cellular Luminous - 15ml","p":16.1,"img":"https://fd9-photos.leclercdrive.fr/image.ashx?id=2839274&use=l&cat=p&typeid=i","cat":325345},{"id":177720,"n":"Crème mains correctrice Nivea Luminous FPS15 - 50ml","p":6.39,"u":"127,80 €/L","img":"https://fd9-photos.leclercdrive.fr/image.ashx?id=2503320&use=l&cat=p&typeid=i","cat":null},{"id":177721,"n":"Crème Visage Nuit Nivea Anti-taches Luminous - 50ml","p":21.83,"u":"436,60 €/L","img":"https://fd9-photos.leclercdrive.fr/image.ashx?id=3000345&use=l&cat=p&typeid=i","cat":325345},{"id":177723,"n":"Fluide teinté anti-tâches Nivea Luminous FPS20 -","p":19.53,"u":"488,25 €/L","img":"https://fd9-photos.leclercdrive.fr/image.ashx?id=2602281&use=l&cat=p&typeid=i","cat":325345},{"id":177849,"n":"Lessive Sanytol désinfectante fraicheur florale - 1,70L","p":9.88,"u":"5,81 €/L","img":"https://fd9-photos.leclercdrive.fr/image.ashx?id=2902978&use=l&cat=p&typeid=i","cat":284640},{"id":177941,"n":"Courgettes Bio Bio Village Filet - 750g","p":3.99,"u":"5,32 €/KG","img":"https://fd9-photos.leclercdrive.fr/image.ashx?id=2625698&use=l&cat=p&typeid=i","cat":284352},{"id":178074,"n":"Aubergine Bio Bio Village x2","p":2.99,"u":"1,50 €/P","img":"https://fd9-photos.leclercdrive.fr/image.ashx?id=2928333&use=l&cat=p&typeid=i","cat":284352},{"id":178087,"n":"Moulage chocolat Kinder Abeilles - 35g","p":1.75,"u":"50,00 €/KG","img":"https://fd9-photos.leclercdrive.fr/image.ashx?id=2313042&use=l&cat=p&typeid=i","cat":327592},{"id":178108,"n":"Burrata de vache Casa Azzurra 125g","p":3.08,"u":"24,64 €/KG","img":"https://fd9-photos.leclercdrive.fr/image.ashx?id=2927549&use=l&cat=p&typeid=i","cat":314026},{"id":178110,"n":"Pizza Dr.Oetker Ristorante Thon - 355g","p":2.63,"u":"7,41 €/KG","img":"https://fd9-photos.leclercdrive.fr/image.ashx?id=2993056&use=l&cat=p&typeid=i","cat":284256},{"id":178111,"n":"Pizza Dr.Oetker Ristorante 4 fromages - 340g","p":2.47,"u":"7,26 €/KG","img":"https://fd9-photos.leclercdrive.fr/image.ashx?id=2993050&use=l&cat=p&typeid=i","cat":284256},{"id":178112,"n":"Pizza Dr.Oetker Ristorante Mozzarella - 335g","p":2.65,"u":"7,91 €/KG","img":"https://fd9-photos.leclercdrive.fr/image.ashx?id=2993062&use=l&cat=p&typeid=i","cat":284256},{"id":178113,"n":"Pizza Dr.Oetker Ristorante  Vegetale aux légumes - 385g","p":2.68,"u":"6,96 €/KG","img":"https://fd9-photos.leclercdrive.fr/image.ashx?id=2993068&use=l&cat=p&typeid=i","cat":284256},{"id":178114,"n":"Pizza Ristorante Dr Oetker Royale - 350g","p":2.67,"u":"7,63 €/KG","img":"https://fd9-photos.leclercdrive.fr/image.ashx?id=2993044&use=l&cat=p&typeid=i","cat":284256},{"id":178125,"n":"Sablé salé Michel et Augustin Jambon de Bayonne - 90g","p":2.94,"u":"32,67 €/KG","img":"https://fd9-photos.leclercdrive.fr/image.ashx?id=2315416&use=l&cat=p&typeid=i","cat":297000},{"id":178144,"n":"Thé glacé MayTea Saveur Pêche - 1,2L","p":1.88,"u":"1,57 €/L","img":"https://fd9-photos.leclercdrive.fr/image.ashx?id=2648661&use=l&cat=p&typeid=i","cat":295019},{"id":178147,"n":"Céréales Trésor Kellogg's Chocolat noisettes - 620g","p":4.39,"u":"7,08 €/KG","img":"https://fd9-photos.leclercdrive.fr/image.ashx?id=2598331&use=l&cat=p&typeid=i","cat":309513},{"id":178163,"n":"Thé glacé MayTea Saveur Menthe - 1,2L","p":1.88,"u":"1,57 €/L","img":"https://fd9-photos.leclercdrive.fr/image.ashx?id=2648664&use=l&cat=p&typeid=i","cat":295019},{"id":178251,"n":"Brocoli Eco+ 400g","p":0.99,"u":"2,48 €/KG","img":"https://fd9-photos.leclercdrive.fr/image.ashx?id=2953398&use=l&cat=p&typeid=i","cat":284352},{"id":178253,"n":"Yaourt aux fruits Eco+ Panaché - 12x125g","p":2.47,"u":"1,65 €/KG","img":"https://fd9-photos.leclercdrive.fr/image.ashx?id=2849635&use=l&cat=p&typeid=i","cat":284410},{"id":178260,"n":"Truite fumée Eco+ 100g","p":2.33,"u":"23,30 €/KG","img":"https://fd9-photos.leclercdrive.fr/image.ashx?id=2973505&use=l&cat=p&typeid=i","cat":285188},{"id":178346,"n":"Thé glacé MayTea Saveur Framboise - 1,2L","p":1.88,"u":"1,57 €/L","img":"https://fd9-photos.leclercdrive.fr/image.ashx?id=2643863&use=l&cat=p&typeid=i","cat":295019},{"id":178355,"n":"Hachis Parmentier Fleury Michon à l'Emmental - 300g","p":3.11,"u":"10,37 €/KG","img":"https://fd9-photos.leclercdrive.fr/image.ashx?id=3003248&use=l&cat=p&typeid=i","cat":333665},{"id":178358,"n":"Gratin d'Endives au jambon sans nitrite Fleury michon - 280g","p":3.43,"u":"12,25 €/KG","img":"https://fd9-photos.leclercdrive.fr/image.ashx?id=3003254&use=l&cat=p&typeid=i","cat":333665},{"id":178590,"n":"Démêlant La Provençale Bio Nutrition Cheveux secs - 250ml","p":4.89,"u":"24,45 €/L","img":"https://fd9-photos.leclercdrive.fr/image.ashx?id=2505720&use=l&cat=p&typeid=i","cat":284607},{"id":178608,"n":"L'Onctueux Café Rians 2x94g","p":2.43,"u":"12,93 €/KG","img":"https://fd9-photos.leclercdrive.fr/image.ashx?id=2467207&use=l&cat=p&typeid=i","cat":285041},{"id":178623,"n":"Soin Cheveux La Provençale Bio Sans rinçage - 125ml","p":6.34,"u":"50,72 €/L","img":"https://fd9-photos.leclercdrive.fr/image.ashx?id=2318886&use=l&cat=p&typeid=i","cat":284608},{"id":178625,"n":"Recharge gel douche Sanex Zéro% Tous types de peaux - 500ml","p":3.17,"u":"6,34 €/L","img":"https://fd9-photos.leclercdrive.fr/image.ashx?id=2859986&use=l&cat=p&typeid=i","cat":284594},{"id":178627,"n":"Démêlant La Provençale Bio Amande Douce - 200ml","p":4.77,"u":"23,85 €/L","img":"https://fd9-photos.leclercdrive.fr/image.ashx?id=2505717&use=l&cat=p&typeid=i","cat":284607},{"id":178791,"n":"Huile d'olive Terra Delyssa Bio - 75cl","p":10.05,"u":"13,40 €/L","img":"https://fd9-photos.leclercdrive.fr/image.ashx?id=2736847&use=l&cat=p&typeid=i","cat":284453},{"id":178844,"n":"Tampon Tampax Compak Avec applicateur - Super - x24","p":3.03,"u":"0,13 €/P","img":"https://fd9-photos.leclercdrive.fr/image.ashx?id=2850246&use=l&cat=p&typeid=i","cat":284626},{"id":178845,"n":"Tampons Tampax Compak  Avec applicateur - Super+ - x22","p":3.03,"u":"0,14 €/P","img":"https://fd9-photos.leclercdrive.fr/image.ashx?id=2850405&use=l&cat=p&typeid=i","cat":284626},{"id":178948,"n":"Gâteau Savane Brossard Tout chocolat pocket x7 210g","p":2.27,"u":"10,81 €/KG","img":"https://fd9-photos.leclercdrive.fr/image.ashx?id=2870728&use=l&cat=p&typeid=i","cat":294776},{"id":178949,"n":"Gâteau Savane Brossard Max Barr' Pocket x7 - 210g","p":2.2,"u":"10,48 €/KG","img":"https://fd9-photos.leclercdrive.fr/image.ashx?id=2870731&use=l&cat=p&typeid=i","cat":294776},{"id":178950,"n":"Eponge Spontex  Flash - x2","p":2.24,"u":"74,67 €/KG","img":"https://fd9-photos.leclercdrive.fr/image.ashx?id=2657781&use=l&cat=p&typeid=i","cat":284667},{"id":178951,"n":"Sacs poubelle Handy Bag   Ultra résistant 50L - x10","p":2.86,"u":"0,29 €/P","img":"https://fd9-photos.leclercdrive.fr/image.ashx?id=2918970&use=l&cat=p&typeid=i","cat":285168},{"id":178954,"n":"Mouchoirs Family Kleenex® Boîte x128","p":1.73,"u":"0,01 €/P","img":"https://fd9-photos.leclercdrive.fr/image.ashx?id=3009017&use=l&cat=p&typeid=i","cat":284638},{"id":178974,"n":"Mouchoirs Balsam Kleenex® Boîte x64","p":1.73,"u":"0,03 €/P","img":"https://fd9-photos.leclercdrive.fr/image.ashx?id=2853353&use=l&cat=p&typeid=i","cat":284638},{"id":178976,"n":"Beurre moulé Grand Fermage Sel de mer - 80% MG - 125g","p":1.72,"u":"13,76 €/KG","img":"https://fd9-photos.leclercdrive.fr/image.ashx?id=2985330&use=l&cat=p&typeid=i","cat":284379},{"id":178977,"n":"Bûche de Chèvre Soignon  120g","p":1.97,"u":"16,42 €/KG","img":"https://fd9-photos.leclercdrive.fr/image.ashx?id=2676717&use=l&cat=p&typeid=i","cat":314031},{"id":179021,"n":"Brosse à dents Signal  Souple x4","p":1.57,"u":"0,39 €/P","img":"https://fd9-photos.leclercdrive.fr/image.ashx?id=2660314&use=l&cat=p&typeid=i","cat":284614},{"id":179025,"n":"Sacs poubelle 30L Handy Bag Ultra résistant - x20","p":2.63,"u":"0,13 €/P","img":"https://fd9-photos.leclercdrive.fr/image.ashx?id=2603800&use=l&cat=p&typeid=i","cat":285168},{"id":179026,"n":"Sacs poubelle 50L Handy Bag Ultra résistant - x10","p":2.1,"u":"0,21 €/P","img":"https://fd9-photos.leclercdrive.fr/image.ashx?id=2906730&use=l&cat=p&typeid=i","cat":285168},{"id":179027,"n":"Sacs poubelle 30L Handy Bag Ultra résistant - x15","p":2.88,"u":"0,19 €/P","img":"https://fd9-photos.leclercdrive.fr/image.ashx?id=2992278&use=l&cat=p&typeid=i","cat":285168},{"id":179028,"n":"Gel douche Sanex zéro 0% Peaux normales - 725ml","p":4.61,"u":"6,36 €/L","img":"https://fd9-photos.leclercdrive.fr/image.ashx?id=2685540&use=l&cat=p&typeid=i","cat":284594},{"id":179030,"n":"Sacs poubelle 30L Handy Bag Ultra résistant - x15","p":3.08,"u":"0,21 €/P","img":"https://fd9-photos.leclercdrive.fr/image.ashx?id=2633145&use=l&cat=p&typeid=i","cat":285168},{"id":179031,"n":"Gel douche Sanex zéro 0% Peaux normales - 475ml","p":3.19,"u":"6,72 €/L","img":"https://fd9-photos.leclercdrive.fr/image.ashx?id=2648851&use=l&cat=p&typeid=i","cat":284594},{"id":179032,"n":"Sac poubelle 50L Handy Bag Fixation élastique x10","p":3.78,"u":"0,08 €/L","img":"https://fd9-photos.leclercdrive.fr/image.ashx?id=2906721&use=l&cat=p&typeid=i","cat":285168},{"id":179034,"n":"Sacs poubelle 5L Handy Bag Salle de bain - à liens - x35","p":1.72,"img":"https://fd9-photos.leclercdrive.fr/image.ashx?id=2906733&use=l&cat=p&typeid=i","cat":285168},{"id":179039,"n":"Film fraîcheur Albal 30m","p":2.22,"img":"https://fd9-photos.leclercdrive.fr/image.ashx?id=2929056&use=l&cat=p&typeid=i","cat":334134},{"id":179041,"n":"Ultra ZIP moyen modèle Albal  15 sacs","p":3.0,"img":"https://fd9-photos.leclercdrive.fr/image.ashx?id=2929068&use=l&cat=p&typeid=i","cat":334134},{"id":179056,"n":"Dentifrice Signal Integral 8  Fraîcheur et détox -75ml","p":1.93,"u":"25,73 €/L","img":"https://fd9-photos.leclercdrive.fr/image.ashx?id=2960228&use=l&cat=p&typeid=i","cat":284612},{"id":179072,"n":"Mascara Maybelline Colossal Very black","p":9.9,"img":"https://fd9-photos.leclercdrive.fr/image.ashx?id=2321959&use=l&cat=p&typeid=i","cat":287029},{"id":179087,"n":"Liquide Vaisselle Paic Citron - 750ml","p":1.7,"u":"2,27 €/L","img":"https://fd9-photos.leclercdrive.fr/image.ashx?id=2322835&use=l&cat=p&typeid=i","cat":284655},{"id":179088,"n":"Liquide Vaisselle Paic Citron Vert - 750ml","p":1.83,"u":"2,44 €/L","img":"https://fd9-photos.leclercdrive.fr/image.ashx?id=2322838&use=l&cat=p&typeid=i","cat":284655},{"id":179256,"n":"Jus Ocean Spray Classic  Cranberry - 1L","p":2.05,"u":"2,05 €/L","img":"https://fd9-photos.leclercdrive.fr/image.ashx?id=2324021&use=l&cat=p&typeid=i","cat":284915},{"id":179262,"n":"Masque tissue yeux L'Oréal Paris Dermo Revitalift","p":3.75,"img":"https://fd9-photos.leclercdrive.fr/image.ashx?id=2505654&use=l&cat=p&typeid=i","cat":null},{"id":179263,"n":"Sérum de nuit L'Oréal Paris Age Perfect anti-âge - 30ml","p":11.97,"pp":7.9,"u":"263,33 €/L","img":"https://fd9-photos.leclercdrive.fr/image.ashx?id=2867536&use=l&cat=p&typeid=i","cat":325345},{"id":179264,"n":"Sérum repulpant L'Oréal Paris Revitalift anti-rides - 20ml","p":14.18,"u":"709,00 €/L","img":"https://fd9-photos.leclercdrive.fr/image.ashx?id=2867539&use=l&cat=p&typeid=i","cat":325345},{"id":179265,"n":"Crème de Jour L'Oréal Paris Age Perfect SPF30 - 50ml","p":14.5,"u":"290,00 €/L","img":"https://fd9-photos.leclercdrive.fr/image.ashx?id=2887968&use=l&cat=p&typeid=i","cat":325345},{"id":179278,"n":"Crème Yeux L'Oréal Paris Age Perfect Anti-rides - 15ml","p":13.27,"u":"884,67 €/L","img":"https://fd9-photos.leclercdrive.fr/image.ashx?id=2570451&use=l&cat=p&typeid=i","cat":325345},{"id":179301,"n":"Eau Micellaire Garnier Peaux Sèches, Sensibles - 400ml","p":2.8,"u":"7,00 €/L","img":"https://fd9-photos.leclercdrive.fr/image.ashx?id=2323637&use=l&cat=p&typeid=i","cat":284603},{"id":179326,"n":"Gel douche Sanex Zéro 0% Peaux sèches - 475ml","p":3.17,"u":"6,67 €/L","img":"https://fd9-photos.leclercdrive.fr/image.ashx?id=2692857&use=l&cat=p&typeid=i","cat":284594},{"id":179352,"n":"Eco recharge gel douche Sanex 0% Peaux sèches - 500ml","p":3.05,"u":"6,10 €/L","img":"https://fd9-photos.leclercdrive.fr/image.ashx?id=2866199&use=l&cat=p&typeid=i","cat":284594},{"id":179356,"n":"Gel douche Sanex Zéro 0% Peaux sèches - 725ml","p":4.15,"u":"5,72 €/L","img":"https://fd9-photos.leclercdrive.fr/image.ashx?id=2738392&use=l&cat=p&typeid=i","cat":284594},{"id":179382,"n":"Crème nutritive SO'BiO étic bio Argan Peaux matures - 50ml","p":14.36,"u":"287,20 €/L","img":"https://fd9-photos.leclercdrive.fr/image.ashx?id=2775628&use=l&cat=p&typeid=i","cat":325345},{"id":179383,"n":"Sérum SO'BiO étic rose éclat Argan Peaux matures bio - 30ml","p":14.66,"u":"488,67 €/L","img":"https://fd9-photos.leclercdrive.fr/image.ashx?id=2493526&use=l&cat=p&typeid=i","cat":325345},{"id":179407,"n":"Gratte Éponge Fibre recyclée Spontex - x6","p":3.91,"img":"https://fd9-photos.leclercdrive.fr/image.ashx?id=2973075&use=l&cat=p&typeid=i","cat":284667},{"id":179416,"n":"Pile Alcalines Energizer Max Plus AAA/LR03 - x4","p":6.75,"img":"https://fd9-photos.leclercdrive.fr/image.ashx?id=2393368&use=l&cat=p&typeid=i","cat":300572},{"id":179421,"n":"Pain burger Jacquet Nature x6 - 350g","p":1.48,"u":"4,23 €/KG","img":"https://fd9-photos.leclercdrive.fr/image.ashx?id=2729833&use=l&cat=p&typeid=i","cat":325067},{"id":179422,"n":"Spray désodorisant Airwick Neutralisateur Coton - 237ml","p":3.63,"u":"15,32 €/L","img":"https://fd9-photos.leclercdrive.fr/image.ashx?id=2792822&use=l&cat=p&typeid=i","cat":311626},{"id":179431,"n":"Brioche Pitch Chocolat x8 - 300g","p":1.81,"u":"6,03 €/KG","img":"https://fd9-photos.leclercdrive.fr/image.ashx?id=2452119&use=l&cat=p&typeid=i","cat":293505},{"id":179432,"n":"Brioches Pitch Fraise x8 - 300g","p":1.97,"u":"6,57 €/KG","img":"https://fd9-photos.leclercdrive.fr/image.ashx?id=2452116&use=l&cat=p&typeid=i","cat":293505},{"id":179433,"n":"Brioche Pitch Chocolat au lait x8 - 300g","p":2.13,"u":"7,10 €/KG","img":"https://fd9-photos.leclercdrive.fr/image.ashx?id=2452113&use=l&cat=p&typeid=i","cat":293505},{"id":179437,"n":"Brioches Pitch Pépites chocolat x8 - 300g","p":2.03,"u":"6,77 €/KG","img":"https://fd9-photos.leclercdrive.fr/image.ashx?id=2452107&use=l&cat=p&typeid=i","cat":293505},{"id":179439,"n":"Brioches Pitch Choco barre noir x8-  300g","p":2.86,"u":"9,53 €/KG","img":"https://fd9-photos.leclercdrive.fr/image.ashx?id=2452101&use=l&cat=p&typeid=i","cat":293505},{"id":179440,"n":"Brioches Pitch  Choco barre lait x8 - 300g","p":2.32,"u":"7,73 €/KG","img":"https://fd9-photos.leclercdrive.fr/image.ashx?id=2454115&use=l&cat=p&typeid=i","cat":293505},{"id":179442,"n":"Brioches Pitch Choco barre noisette x8 - 300g","p":2.78,"u":"9,27 €/KG","img":"https://fd9-photos.leclercdrive.fr/image.ashx?id=2454112&use=l&cat=p&typeid=i","cat":293505},{"id":179443,"n":"Brioches Pitch Crousti x8 - 300g","p":2.78,"u":"9,27 €/KG","img":"https://fd9-photos.leclercdrive.fr/image.ashx?id=2454109&use=l&cat=p&typeid=i","cat":293505},{"id":179533,"n":"Soda Fanta citron  bouteille - 1.25L","p":1.6,"u":"1,28 €/L","img":"https://fd9-photos.leclercdrive.fr/image.ashx?id=2659394&use=l&cat=p&typeid=i","cat":284532},{"id":179645,"n":"Limonade double zest Lorina Bouteille - 1,25L","p":1.24,"u":"0,99 €/L","img":"https://fd9-photos.leclercdrive.fr/image.ashx?id=2723836&use=l&cat=p&typeid=i","cat":284531},{"id":179657,"n":"Capsules Café Carte Noire  Arabica Intense n°9 x10 - 55g","p":3.37,"u":"61,27 €/KG","img":"https://fd9-photos.leclercdrive.fr/image.ashx?id=2872961&use=l&cat=p&typeid=i","cat":284749},{"id":179669,"n":"Liquide vaisselle Paic Citron - 1,5L","p":2.75,"u":"1,83 €/L","img":"https://fd9-photos.leclercdrive.fr/image.ashx?id=2328673&use=l&cat=p&typeid=i","cat":284655},{"id":179734,"n":"Huile Isio 4 Lesieur 50cl","p":2.74,"u":"5,48 €/L","img":"https://fd9-photos.leclercdrive.fr/image.ashx?id=2916027&use=l&cat=p&typeid=i","cat":284453},{"id":179757,"n":"Compote Charles & Alices Pommes Mirabelles - 4x97g","p":1.59,"u":"4,10 €/KG","img":"https://fd9-photos.leclercdrive.fr/image.ashx?id=2757353&use=l&cat=p&typeid=i","cat":284416},{"id":179852,"n":"Super smoothie Innocent defense - 750ml","p":3.45,"u":"4,60 €/L","img":"https://fd9-photos.leclercdrive.fr/image.ashx?id=2329136&use=l&cat=p&typeid=i","cat":285435},{"id":179860,"n":"Glaces Kinder Bueno noisettes chocolat lait x4 248g","p":3.88,"u":"15,65 €/KG","img":"https://fd9-photos.leclercdrive.fr/image.ashx?id=2759068&use=l&cat=p&typeid=i","cat":284264},{"id":179961,"n":"Haricots verts Jardin Bio Etic Bio - sans sel ajouté - 185g","p":2.89,"u":"15,62 €/KG","img":"https://fd9-photos.leclercdrive.fr/image.ashx?id=2835421&use=l&cat=p&typeid=i","cat":312606},{"id":179973,"n":"Rosso  14,4% - 1L","p":3.47,"u":"3,47 €/L","img":"https://fd9-photos.leclercdrive.fr/image.ashx?id=2800228&use=l&cat=p&typeid=i","cat":284913},{"id":179974,"n":"Bianco 14,4% - 1L","p":3.5,"u":"3,50 €/L","img":"https://fd9-photos.leclercdrive.fr/image.ashx?id=2800231&use=l&cat=p&typeid=i","cat":284913},{"id":179979,"n":"AOC Crémant d'Alsace brut 75cl","p":5.35,"u":"7,13 €/L","img":"https://fd9-photos.leclercdrive.fr/image.ashx?id=2888932&use=l&cat=p&typeid=i","cat":284545},{"id":180030,"n":"Sauce Crudités Bénédicta Nature - 735g","p":3.5,"u":"4,76 €/KG","img":"https://fd9-photos.leclercdrive.fr/image.ashx?id=2549777&use=l&cat=p&typeid=i","cat":284456},{"id":180041,"n":"Chips Tuiles Pringles Paprika - 175g","p":1.72,"u":"9,83 €/KG","img":"https://fd9-photos.leclercdrive.fr/image.ashx?id=2902301&use=l&cat=p&typeid=i","cat":287899},{"id":180061,"n":"Thé vert bio Bio village  36g","p":1.33,"u":"36,94 €/KG","img":"https://fd9-photos.leclercdrive.fr/image.ashx?id=2983853&use=l&cat=p&typeid=i","cat":293233},{"id":180065,"n":"Rillettes de thon Petit Navire 125g","p":1.92,"u":"15,36 €/KG","img":"https://fd9-photos.leclercdrive.fr/image.ashx?id=2533388&use=l&cat=p&typeid=i","cat":303867},{"id":180069,"n":"Rillettes au saumon  Petit Navire - 125g","p":1.72,"u":"13,76 €/KG","img":"https://fd9-photos.leclercdrive.fr/image.ashx?id=2533391&use=l&cat=p&typeid=i","cat":305147},{"id":180074,"n":"Fond de veau Maggi - 240g","p":3.48,"u":"14,50 €/KG","img":"https://fd9-photos.leclercdrive.fr/image.ashx?id=2918047&use=l&cat=p&typeid=i","cat":288379},{"id":180079,"n":"Biscuits chocolats Kinder Duo Chocolat blanc et lait - 150g","p":2.07,"u":"13,80 €/KG","img":"https://fd9-photos.leclercdrive.fr/image.ashx?id=2959127&use=l&cat=p&typeid=i","cat":284488},{"id":180081,"n":"Moulin 3 poivres Sainte Lucie - 44g","p":3.46,"u":"78,64 €/KG","img":"https://fd9-photos.leclercdrive.fr/image.ashx?id=2774457&use=l&cat=p&typeid=i","cat":284457},{"id":180084,"n":"Basilic Sainte Lucie Saveur du potager - 4g","p":2.42,"u":"605,00 €/KG","img":"https://fd9-photos.leclercdrive.fr/image.ashx?id=2774466&use=l&cat=p&typeid=i","cat":298297},{"id":180088,"n":"Cerfeuil Sainte Lucie feuilles de France - 8g","p":1.8,"u":"225,00 €/KG","img":"https://fd9-photos.leclercdrive.fr/image.ashx?id=2973586&use=l&cat=p&typeid=i","cat":298297},{"id":180090,"n":"Baies de Genièvre Sainte Lucie - 30g","p":2.06,"u":"68,67 €/KG","img":"https://fd9-photos.leclercdrive.fr/image.ashx?id=2776130&use=l&cat=p&typeid=i","cat":298297},{"id":180118,"n":"Mais d'aucy  Bio - 2x140g","p":1.92,"u":"6,86 €/KG","img":"https://fd9-photos.leclercdrive.fr/image.ashx?id=2651825&use=l&cat=p&typeid=i","cat":312611},{"id":180152,"n":"Foie de morue Connétable MSC nature au citron - 121g","p":2.03,"u":"16,78 €/KG","img":"https://fd9-photos.leclercdrive.fr/image.ashx?id=2330311&use=l&cat=p&typeid=i","cat":305147},{"id":180153,"n":"Gâche des gourmands tranchée La Fournée dorée - 450g","p":2.77,"u":"6,16 €/KG","img":"https://fd9-photos.leclercdrive.fr/image.ashx?id=2424557&use=l&cat=p&typeid=i","cat":284478},{"id":180154,"n":"Chewing-gum Freedent Myrtille sans sucres 5x10 dragées -70g","p":2.73,"u":"39,00 €/KG","img":"https://fd9-photos.leclercdrive.fr/image.ashx?id=2330356&use=l&cat=p&typeid=i","cat":304251},{"id":180155,"n":"Chewing-gum Freedent White Fraise 5x10 dragées - 70g","p":2.87,"u":"41,00 €/KG","img":"https://fd9-photos.leclercdrive.fr/image.ashx?id=2330359&use=l&cat=p&typeid=i","cat":304251},{"id":180157,"n":"Gelée de Groseilles Bonne Maman - 370g","p":1.86,"u":"5,03 €/KG","img":"https://fd9-photos.leclercdrive.fr/image.ashx?id=2482975&use=l&cat=p&typeid=i","cat":284480},{"id":180158,"n":"Haricots rouges Façon Chili Bonduelle 400g","p":1.64,"u":"4,10 €/KG","img":"https://fd9-photos.leclercdrive.fr/image.ashx?id=2913031&use=l&cat=p&typeid=i","cat":312612},{"id":180173,"n":"Pâté de foie Hénaff supérieur  sel de Guérande - 3x78g","p":2.24,"u":"9,57 €/KG","img":"https://fd9-photos.leclercdrive.fr/image.ashx?id=2582132&use=l&cat=p&typeid=i","cat":305149},{"id":180181,"n":"Sardines à l'huile d'olive Connétable - 135g","p":2.76,"u":"20,44 €/KG","img":"https://fd9-photos.leclercdrive.fr/image.ashx?id=2762115&use=l&cat=p&typeid=i","cat":305146},{"id":180183,"n":"Sardines Connétable sauce aux   tomates séchées - 135g","p":2.62,"u":"19,41 €/KG","img":"https://fd9-photos.leclercdrive.fr/image.ashx?id=2902717&use=l&cat=p&typeid=i","cat":305146},{"id":180184,"n":"Sardines Connétable marinade citron-basilic sans huile -140g","p":1.53,"u":"10,93 €/KG","img":"https://fd9-photos.leclercdrive.fr/image.ashx?id=2797858&use=l&cat=p&typeid=i","cat":305146},{"id":180187,"n":"Sauce Pesto Tomates Basilic Panzani - 200G","p":1.79,"u":"8,95 €/KG","img":"https://fd9-photos.leclercdrive.fr/image.ashx?id=2977930&use=l&cat=p&typeid=i","cat":287599},{"id":180192,"n":"Sucre en grains Béghin Say doypack - 350g","p":2.56,"u":"7,31 €/KG","img":"https://fd9-photos.leclercdrive.fr/image.ashx?id=2866358&use=l&cat=p&typeid=i","cat":284502},{"id":180193,"n":"Soupe déshydratée Knorr Cèpes  champignons  - 75cl","p":1.77,"u":"19,45 €/KG","img":"https://fd9-photos.leclercdrive.fr/image.ashx?id=2790318&use=l&cat=p&typeid=i","cat":284463},{"id":180196,"n":"Brioches Pitch  Pomme poire - x8 - 300g","p":2.62,"u":"8,73 €/KG","img":"https://fd9-photos.leclercdrive.fr/image.ashx?id=2454100&use=l&cat=p&typeid=i","cat":293505},{"id":180201,"n":"Thé Earl Grey Twinings 50 sachets - 100g","p":3.83,"u":"38,30 €/KG","img":"https://fd9-photos.leclercdrive.fr/image.ashx?id=2893018&use=l&cat=p&typeid=i","cat":293233},{"id":180202,"n":"Purée de tomate Panzani Tomacouli ail & herbes - 500g","p":1.38,"u":"2,76 €/KG","img":"https://fd9-photos.leclercdrive.fr/image.ashx?id=2890610&use=l&cat=p&typeid=i","cat":288384},{"id":180203,"n":"Nouilles instantanées Tanoshi Blé poulet - sachet 85g","p":0.93,"u":"10,94 €/KG","img":"https://fd9-photos.leclercdrive.fr/image.ashx?id=2912044&use=l&cat=p&typeid=i","cat":284427},{"id":180218,"n":"Pâté de campagne Hénaff sel de Guérande - 3x78g","p":2.25,"u":"9,62 €/KG","img":"https://fd9-photos.leclercdrive.fr/image.ashx?id=2663878&use=l&cat=p&typeid=i","cat":305149},{"id":180225,"n":"Rice Crackers N.A Fromage - 85g","p":1.84,"u":"21,65 €/KG","img":"https://fd9-photos.leclercdrive.fr/image.ashx?id=2354923&use=l&cat=p&typeid=i","cat":297000},{"id":180233,"n":"Crème de marrons vanille  Douceur du Verger - 500g","p":2.12,"u":"4,24 €/KG","img":"https://fd9-photos.leclercdrive.fr/image.ashx?id=2691471&use=l&cat=p&typeid=i","cat":284506},{"id":180240,"n":"Sucre roux de canne  Blonvilliers - 750g","p":2.84,"u":"3,79 €/KG","img":"https://fd9-photos.leclercdrive.fr/image.ashx?id=2460092&use=l&cat=p&typeid=i","cat":284502},{"id":180247,"n":"Double concentré de tomates  Eco+ - 440g","p":1.31,"u":"2,98 €/KG","img":"https://fd9-photos.leclercdrive.fr/image.ashx?id=3012370&use=l&cat=p&typeid=i","cat":288384},{"id":180274,"n":"Chips Vico Poulet rôti - 125g","p":1.47,"u":"11,76 €/KG","img":"https://fd9-photos.leclercdrive.fr/image.ashx?id=2921295&use=l&cat=p&typeid=i","cat":284447},{"id":180280,"n":"Pain de mie complet bio La Boulangère Bio sans sucres-500g","p":2.77,"u":"5,54 €/KG","img":"https://fd9-photos.leclercdrive.fr/image.ashx?id=2912434&use=l&cat=p&typeid=i","cat":284477},{"id":180302,"n":"Biscuits Palmier St Michel  au beurre - 87g","p":1.14,"u":"13,10 €/KG","img":"https://fd9-photos.leclercdrive.fr/image.ashx?id=2555379&use=l&cat=p&typeid=i","cat":284487},{"id":180303,"n":"Biscuits galettes St Michel au  beurre 1905 - 150g","p":1.43,"u":"9,53 €/KG","img":"https://fd9-photos.leclercdrive.fr/image.ashx?id=2937766&use=l&cat=p&typeid=i","cat":284487},{"id":180304,"n":"Semoule de couscous moyen Eco+ - 1kg","p":1.05,"u":"1,05 €/KG","img":"https://fd9-photos.leclercdrive.fr/image.ashx?id=2690823&use=l&cat=p&typeid=i","cat":284429},{"id":180311,"n":"Double concentré de tomates  Eco+ - 200g","p":1.22,"u":"6,10 €/KG","img":"https://fd9-photos.leclercdrive.fr/image.ashx?id=2690964&use=l&cat=p&typeid=i","cat":288384},{"id":180317,"n":"Pistaches non salées Tokapi 125g","p":2.33,"u":"18,64 €/KG","img":"https://fd9-photos.leclercdrive.fr/image.ashx?id=2793302&use=l&cat=p&typeid=i","cat":284448},{"id":180330,"n":"Rice Crackers N.A Sel de mer - 85g","p":1.75,"u":"20,59 €/KG","img":"https://fd9-photos.leclercdrive.fr/image.ashx?id=2339757&use=l&cat=p&typeid=i","cat":297000},{"id":180344,"n":"Fromage enfant Mini Babybel 6 portions goûter - 132g","p":2.28,"u":"17,27 €/KG","img":"https://fd9-photos.leclercdrive.fr/image.ashx?id=2970822&use=l&cat=p&typeid=i","cat":314030},{"id":180345,"n":"Fromage enfant Mini Babybel 12 portions goûter - 264g","p":4.32,"u":"16,36 €/KG","img":"https://fd9-photos.leclercdrive.fr/image.ashx?id=2970825&use=l&cat=p&typeid=i","cat":314030},{"id":180351,"n":"Friandises chat Sheba Creamy snacks poulet - 4x12g","p":2.88,"u":"60,00 €/KG","img":"https://fd9-photos.leclercdrive.fr/image.ashx?id=2331147&use=l&cat=p&typeid=i","cat":285285},{"id":180352,"n":"Friandises chat Sheba Creamy snacks saumon - 4x12g","p":2.88,"u":"60,00 €/KG","img":"https://fd9-photos.leclercdrive.fr/image.ashx?id=2331150&use=l&cat=p&typeid=i","cat":285285},{"id":180362,"n":"Chocolat au lait Lindt Nougat amandes - 150g","p":4.19,"u":"27,93 €/KG","img":"https://fd9-photos.leclercdrive.fr/image.ashx?id=2331165&use=l&cat=p&typeid=i","cat":284497},{"id":180370,"n":"Tablette de chocolat Lindt Orange sanguine de Sicile 100g","p":2.77,"u":"27,70 €/KG","img":"https://fd9-photos.leclercdrive.fr/image.ashx?id=2689508&use=l&cat=p&typeid=i","cat":284956},{"id":180386,"n":"Chocolat au lait Ferrero Rocher noisettes et amandes - 90g","p":2.08,"u":"23,11 €/KG","img":"https://fd9-photos.leclercdrive.fr/image.ashx?id=2737276&use=l&cat=p&typeid=i","cat":284497},{"id":180397,"n":"Barres Chocolatées KINDER BUENO  Chocolat au Lait x3 - 129g","p":2.23,"u":"17,29 €/KG","img":"https://fd9-photos.leclercdrive.fr/image.ashx?id=2762295&use=l&cat=p&typeid=i","cat":284498},{"id":180400,"n":"Tablette RAFFAELLO Noix de coco Amandes - 90g","p":1.85,"u":"20,56 €/KG","img":"https://fd9-photos.leclercdrive.fr/image.ashx?id=2676837&use=l&cat=p&typeid=i","cat":284957},{"id":180401,"n":"Mayonnaise Bénédicta Nature - 255g","p":1.8,"u":"7,06 €/KG","img":"https://fd9-photos.leclercdrive.fr/image.ashx?id=2658734&use=l&cat=p&typeid=i","cat":298295},{"id":180407,"n":"Filets maquereaux Petit Navire sans peau huile d'olive - 145g","p":2.31,"u":"15,93 €/KG","img":"https://fd9-photos.leclercdrive.fr/image.ashx?id=2523915&use=l&cat=p&typeid=i","cat":303868},{"id":180418,"n":"Pois chiches Sultanines 530g","p":1.5,"u":"2,83 €/KG","img":"https://fd9-photos.leclercdrive.fr/image.ashx?id=2331363&use=l&cat=p&typeid=i","cat":312609},{"id":180432,"n":"Thé noir Twinings vanille x20 - 32g","p":2.58,"u":"80,63 €/KG","img":"https://fd9-photos.leclercdrive.fr/image.ashx?id=2893057&use=l&cat=p&typeid=i","cat":293233},{"id":180453,"n":"Thé glacé Fuze Tea  Pêche Intense - 6x33cl","p":3.68,"u":"1,86 €/L","img":"https://fd9-photos.leclercdrive.fr/image.ashx?id=2940405&use=l&cat=p&typeid=i","cat":295019},{"id":180498,"n":"Chips ancienne nature Lay's Sel - 155g","p":1.3,"u":"8,39 €/KG","img":"https://fd9-photos.leclercdrive.fr/image.ashx?id=2996596&use=l&cat=p&typeid=i","cat":284447},{"id":180545,"n":"Serviettes hygiéniques Nana Ultra - Régulier+ - x14","p":1.88,"u":"0,13 €/P","img":"https://fd9-photos.leclercdrive.fr/image.ashx?id=3011881&use=l&cat=p&typeid=i","cat":284624},{"id":180547,"n":"Serviettes hygiéniques Nana Ultra - Régulier- x16","p":1.95,"u":"0,12 €/P","img":"https://fd9-photos.leclercdrive.fr/image.ashx?id=3000860&use=l&cat=p&typeid=i","cat":284624},{"id":180549,"n":"Serviettes Ultra Régulier Nana Deo Ailettes Flux modéré - x28","p":3.62,"u":"0,13 €/P","img":"https://fd9-photos.leclercdrive.fr/image.ashx?id=3005299&use=l&cat=p&typeid=i","cat":284624},{"id":180550,"n":"Serviettes hygiéniques Nana Ultra - Spécial Nuit - x10","p":1.71,"u":"0,17 €/P","img":"https://fd9-photos.leclercdrive.fr/image.ashx?id=2944990&use=l&cat=p&typeid=i","cat":284624},{"id":180551,"n":"Serviettes hygiéniques Nana Ultra - Spécial Nuit - x20","p":2.93,"u":"0,15 €/P","img":"https://fd9-photos.leclercdrive.fr/image.ashx?id=2756401&use=l&cat=p&typeid=i","cat":284624},{"id":180556,"n":"Sirop de Citron Bio Village Bio - 50cl","p":2.29,"u":"4,58 €/L","img":"https://fd9-photos.leclercdrive.fr/image.ashx?id=2873192&use=l&cat=p&typeid=i","cat":295020},{"id":180559,"n":"Caramel  Macchiato Starbucks  220ml","p":2.0,"u":"9,09 €/L","img":"https://fd9-photos.leclercdrive.fr/image.ashx?id=2334004&use=l&cat=p&typeid=i","cat":295246},{"id":180561,"n":"Cappuccino Starbucks 220ml","p":1.99,"u":"9,05 €/L","img":"https://fd9-photos.leclercdrive.fr/image.ashx?id=2472009&use=l&cat=p&typeid=i","cat":295246},{"id":180562,"n":"Noisette Macchiato Starbucks 220ml","p":2.01,"u":"9,14 €/L","img":"https://fd9-photos.leclercdrive.fr/image.ashx?id=2659160&use=l&cat=p&typeid=i","cat":295246},{"id":180563,"n":"Viande des Grisons Aoste 10 Tranches - 70g","p":4.38,"u":"62,57 €/KG","img":"https://fd9-photos.leclercdrive.fr/image.ashx?id=2939838&use=l&cat=p&typeid=i","cat":316007},{"id":180797,"n":"Mouchoirs UltraSoft Kleenex® Boîte x64","p":1.48,"img":"https://fd9-photos.leclercdrive.fr/image.ashx?id=2853350&use=l&cat=p&typeid=i","cat":284638},{"id":180800,"n":"Lait Corps Le Petit Marseillais  Bio miel argan - 250ml","p":5.34,"u":"21,36 €/L","img":"https://fd9-photos.leclercdrive.fr/image.ashx?id=2904856&use=l&cat=p&typeid=i","cat":325349},{"id":181742,"n":"Lait Corps Le Petit Marseillais  Bio fleur d'oranger - 250ml","p":4.77,"u":"19,08 €/L","img":"https://fd9-photos.leclercdrive.fr/image.ashx?id=2341591&use=l&cat=p&typeid=i","cat":null},{"id":181760,"n":"Shampoing Le Petit Marseillais  Bio citron & aloe vera-250 ml","p":4.28,"u":"17,83 €/L","img":"https://fd9-photos.leclercdrive.fr/image.ashx?id=2685168&use=l&cat=p&typeid=i","cat":284606},{"id":181761,"n":"Shampoing Le Petit Marseillais  Bio pomme & aloe vera - 250ml","p":4.17,"u":"17,38 €/L","img":"https://fd9-photos.leclercdrive.fr/image.ashx?id=2684194&use=l&cat=p&typeid=i","cat":284606},{"id":182013,"n":"Café Moulu  Espresso - Méo - 1kg","p":15.25,"u":"15,25 €/KG","img":"https://fd9-photos.leclercdrive.fr/image.ashx?id=2571293&use=l&cat=p&typeid=i","cat":284750},{"id":182071,"n":"Croquettes chien Ultima Mini Adulte poulet - 1.35kg","p":5.33,"u":"3,95 €/KG","img":"https://fd9-photos.leclercdrive.fr/image.ashx?id=2926645&use=l&cat=p&typeid=i","cat":294526},{"id":182152,"n":"Emmental râpé fondant Président 350g","p":3.56,"u":"10,17 €/KG","img":"https://fd9-photos.leclercdrive.fr/image.ashx?id=2490599&use=l&cat=p&typeid=i","cat":314035},{"id":182157,"n":"Dentifrice enfants Bionaia Bio - 50ml","p":1.15,"u":"23,00 €/L","img":"https://fd9-photos.leclercdrive.fr/image.ashx?id=2498837&use=l&cat=p&typeid=i","cat":288898},{"id":182159,"n":"Recharge gel lavant Bionaia Bio - abricot - 250ml","p":0.9,"u":"3,60 €/L","img":"https://fd9-photos.leclercdrive.fr/image.ashx?id=2949424&use=l&cat=p&typeid=i","cat":284597},{"id":182179,"n":"Boisson aux fruits Oasis Tropical - 1,5L","p":2.03,"u":"1,35 €/L","img":"https://fd9-photos.leclercdrive.fr/image.ashx?id=2666698&use=l&cat=p&typeid=i","cat":295018},{"id":182180,"n":"Sirop de Grenadine Bio Village Bio - 50cl","p":2.45,"u":"4,90 €/L","img":"https://fd9-photos.leclercdrive.fr/image.ashx?id=2931947&use=l&cat=p&typeid=i","cat":295020},{"id":182181,"n":"Sirop de Menthe Bio Village Bio - 50cl","p":2.45,"u":"4,90 €/L","img":"https://fd9-photos.leclercdrive.fr/image.ashx?id=2873189&use=l&cat=p&typeid=i","cat":295020},{"id":182218,"n":"Chips paysanne nature Lay's Sel - 155g","p":1.23,"u":"7,94 €/KG","img":"https://fd9-photos.leclercdrive.fr/image.ashx?id=2818602&use=l&cat=p&typeid=i","cat":284447},{"id":182259,"n":"Chips ancienne nature Lay's Sel format familial - 295g","p":2.23,"u":"7,56 €/KG","img":"https://fd9-photos.leclercdrive.fr/image.ashx?id=2999243&use=l&cat=p&typeid=i","cat":284447},{"id":182260,"n":"Chips paysanne nature Lay's Sel format familial - 295g","p":2.25,"u":"7,63 €/KG","img":"https://fd9-photos.leclercdrive.fr/image.ashx?id=2848716&use=l&cat=p&typeid=i","cat":284447},{"id":182266,"n":"Shampooing sec Batiste Original - 200ml","p":3.28,"u":"16,40 €/L","img":"https://fd9-photos.leclercdrive.fr/image.ashx?id=2344046&use=l&cat=p&typeid=i","cat":289143},{"id":182267,"n":"Shampooing sec Batiste Blush - 200ml","p":3.4,"u":"17,00 €/L","img":"https://fd9-photos.leclercdrive.fr/image.ashx?id=2630454&use=l&cat=p&typeid=i","cat":289143},{"id":182340,"n":"Lait en poudre Guigoz Optipro 2ème âge - 6-12 mois - 830g","p":15.37,"u":"18,52 €/KG","img":"https://fd9-photos.leclercdrive.fr/image.ashx?id=2737747&use=l&cat=p&typeid=i","cat":284727},{"id":182371,"n":"Mayonnaise bio Bio Village 238g","p":2.05,"u":"8,61 €/KG","img":"https://fd9-photos.leclercdrive.fr/image.ashx?id=2664872&use=l&cat=p&typeid=i","cat":298295},{"id":182373,"n":"Skyr Siggi's  Mangue Passion - 2x140g","p":2.06,"u":"7,36 €/KG","img":"https://fd9-photos.leclercdrive.fr/image.ashx?id=2792027&use=l&cat=p&typeid=i","cat":315000},{"id":182460,"n":"Pâtes de semoule Rigatoni N°24 - 500g","p":1.63,"u":"3,26 €/KG","img":"https://fd9-photos.leclercdrive.fr/image.ashx?id=2348186&use=l&cat=p&typeid=i","cat":284427},{"id":182465,"n":"Bière sans alcool Tourtel Twist Ananas 0,0° - 6x27,5cl","p":4.63,"u":"2,81 €/L","img":"https://fd9-photos.leclercdrive.fr/image.ashx?id=2684925&use=l&cat=p&typeid=i","cat":334877},{"id":182479,"n":"Huile d'Olive Tramier Vierge  Extra Sans Pesticides 75cl","p":8.79,"u":"11,72 €/L","img":"https://fd9-photos.leclercdrive.fr/image.ashx?id=2647188&use=l&cat=p&typeid=i","cat":284453},{"id":182480,"n":"Lait bébé en poudre Guigoz Gest 1er âge - 0-6 mois - 830g","p":18.43,"u":"22,20 €/KG","img":"https://fd9-photos.leclercdrive.fr/image.ashx?id=2895047&use=l&cat=p&typeid=i","cat":284726},{"id":182524,"n":"Brioch' Bagel La Fournée Dorée x4 - 300g","p":2.36,"u":"7,87 €/KG","img":"https://fd9-photos.leclercdrive.fr/image.ashx?id=2479300&use=l&cat=p&typeid=i","cat":284985},{"id":182542,"n":"Céréales Oreo 350g","p":3.67,"u":"10,49 €/KG","img":"https://fd9-photos.leclercdrive.fr/image.ashx?id=2764583&use=l&cat=p&typeid=i","cat":309513},{"id":182752,"n":"Sandwich Mega Club Sodebo  Pain Suédois Jambon ChedD -230g","p":2.4,"u":"10,43 €/KG","img":"https://fd9-photos.leclercdrive.fr/image.ashx?id=2936443&use=l&cat=p&typeid=i","cat":333658},{"id":182820,"n":"Céréales Weetabix original  430g","p":2.97,"u":"6,91 €/KG","img":"https://fd9-photos.leclercdrive.fr/image.ashx?id=2853347&use=l&cat=p&typeid=i","cat":309512},{"id":182821,"n":"Filet mignon Petitgas Herbes de Provence - 75g","p":2.91,"u":"38,80 €/KG","img":"https://fd9-photos.leclercdrive.fr/image.ashx?id=2497298&use=l&cat=p&typeid=i","cat":316007},{"id":182823,"n":"Jambon de Vendée IGP Petitgas  2 tranches épaisses - 180g","p":3.75,"u":"20,83 €/KG","img":"https://fd9-photos.leclercdrive.fr/image.ashx?id=2732956&use=l&cat=p&typeid=i","cat":316007},{"id":182836,"n":"Gâteaux moelleux Brookie Milka Chocolat - 152g","p":2.87,"u":"18,88 €/KG","img":"https://fd9-photos.leclercdrive.fr/image.ashx?id=2836679&use=l&cat=p&typeid=i","cat":284495},{"id":182887,"n":"Fromage à tartiner Boursin Ail & fines herbes - 150g","p":2.16,"u":"14,40 €/KG","img":"https://fd9-photos.leclercdrive.fr/image.ashx?id=2964449&use=l&cat=p&typeid=i","cat":314029},{"id":182888,"n":"Lait bébé poudre Guigoz Optipro 1er âge - 0-6mois - 830g","p":15.17,"u":"18,28 €/KG","img":"https://fd9-photos.leclercdrive.fr/image.ashx?id=2806423&use=l&cat=p&typeid=i","cat":284726},{"id":182894,"n":"Epice Sainte Lucie mélange italien  - 30g","p":2.19,"u":"73,00 €/KG","img":"https://fd9-photos.leclercdrive.fr/image.ashx?id=2975170&use=l&cat=p&typeid=i","cat":298297},{"id":182895,"n":"Badiane Sainte Lucie 15g","p":3.32,"u":"221,33 €/KG","img":"https://fd9-photos.leclercdrive.fr/image.ashx?id=2349782&use=l&cat=p&typeid=i","cat":298297},{"id":182905,"n":"Piment oiseaux Sainte Lucie 15g","p":2.13,"u":"142,00 €/KG","img":"https://fd9-photos.leclercdrive.fr/image.ashx?id=2974321&use=l&cat=p&typeid=i","cat":298297},{"id":182908,"n":"Sauge Sainte Lucie feuilles coupées - 15g","p":1.68,"u":"112,00 €/KG","img":"https://fd9-photos.leclercdrive.fr/image.ashx?id=2349779&use=l&cat=p&typeid=i","cat":298297},{"id":182925,"n":"Pâtes Collezione Barilla Bucatini Grandi -  500g","p":2.13,"u":"4,26 €/KG","img":"https://fd9-photos.leclercdrive.fr/image.ashx?id=2726521&use=l&cat=p&typeid=i","cat":284427},{"id":182938,"n":"Sauce crudités Caesar Amora 380ml","p":2.8,"u":"7,37 €/L","img":"https://fd9-photos.leclercdrive.fr/image.ashx?id=2655223&use=l&cat=p&typeid=i","cat":284456},{"id":182939,"n":"Chips Tuiles Pringles Barbecue - 175g","p":2.03,"u":"11,60 €/KG","img":"https://fd9-photos.leclercdrive.fr/image.ashx?id=2662502&use=l&cat=p&typeid=i","cat":287899},{"id":183046,"n":"Masque tissu yeux Garnier  Hydrabomb orange anti-cernes","p":2.09,"img":"https://fd9-photos.leclercdrive.fr/image.ashx?id=2351439&use=l&cat=p&typeid=i","cat":null},{"id":183049,"n":"Masque Tissu Skinactive Garnier Booster d'éclat Vitamine C","p":2.03,"img":"https://fd9-photos.leclercdrive.fr/image.ashx?id=2849100&use=l&cat=p&typeid=i","cat":325346},{"id":183104,"n":"Nutella Biscuit pâte à tartiner Cacao Noisettes - 207g","p":2.46,"u":"11,88 €/KG","img":"https://fd9-photos.leclercdrive.fr/image.ashx?id=2834035&use=l&cat=p&typeid=i","cat":284488},{"id":183105,"n":"Eau gazeuse San Pellegrino Essenza citron - 6x33cL","p":3.33,"u":"1,68 €/L","img":"https://fd9-photos.leclercdrive.fr/image.ashx?id=2864203&use=l&cat=p&typeid=i","cat":284536},{"id":183106,"n":"Eau gazeuse San Pellegrino Essenza sanguine - 6x33cl","p":3.38,"u":"1,71 €/L","img":"https://fd9-photos.leclercdrive.fr/image.ashx?id=2852010&use=l&cat=p&typeid=i","cat":284536},{"id":183107,"n":"Eau gazeuse San Pellegrino Essenza Pêche melon - 6x33cl","p":3.44,"u":"1,74 €/L","img":"https://fd9-photos.leclercdrive.fr/image.ashx?id=2997292&use=l&cat=p&typeid=i","cat":284536},{"id":183117,"n":"Boisson Citronnade Pulco Saveur Citron et Framboise - 1L","p":2.09,"u":"2,09 €/L","img":"https://fd9-photos.leclercdrive.fr/image.ashx?id=2942266&use=l&cat=p&typeid=i","cat":295018},{"id":183128,"n":"Epinards hachés à la crème  Findus légume - 500g","p":2.31,"u":"4,62 €/KG","img":"https://fd9-photos.leclercdrive.fr/image.ashx?id=3008767&use=l&cat=p&typeid=i","cat":319805},{"id":183129,"n":"Epinards Légumes Findus branches à la crème - 480g","p":2.77,"u":"5,77 €/KG","img":"https://fd9-photos.leclercdrive.fr/image.ashx?id=2937349&use=l&cat=p&typeid=i","cat":319805},{"id":183130,"n":"Epinards hachés Findus À la crème fraîche - 900g","p":3.23,"u":"3,59 €/KG","img":"https://fd9-photos.leclercdrive.fr/image.ashx?id=2904245&use=l&cat=p&typeid=i","cat":319805},{"id":183159,"n":"Pizza Ristorante Dr.Oetker Bolognaise - 375g","p":2.68,"u":"7,15 €/KG","img":"https://fd9-photos.leclercdrive.fr/image.ashx?id=2993071&use=l&cat=p&typeid=i","cat":284256},{"id":183172,"n":"Emietté de thon Petit Navire Vinaigre balsamique - 110g","p":2.18,"u":"19,82 €/KG","img":"https://fd9-photos.leclercdrive.fr/image.ashx?id=2682860&use=l&cat=p&typeid=i","cat":303867},{"id":183213,"n":"Eau Micellaire Garnier Tout en 1 Vitamine C - 400mL","p":4.58,"u":"11,45 €/L","img":"https://fd9-photos.leclercdrive.fr/image.ashx?id=2353782&use=l&cat=p&typeid=i","cat":284603},{"id":183251,"n":"Skinactive Creme Vitamine C  50ml","p":9.08,"u":"181,60 €/L","img":"https://fd9-photos.leclercdrive.fr/image.ashx?id=2520497&use=l&cat=p&typeid=i","cat":null},{"id":183259,"n":"Crème Corps Avocat Superfood Peaux sèches - 380ml","p":5.42,"u":"14,26 €/L","img":"https://fd9-photos.leclercdrive.fr/image.ashx?id=2867551&use=l&cat=p&typeid=i","cat":325350},{"id":183260,"n":"Crème corps hydratant Superfood Peaux très sèches - 380ml","p":5.76,"u":"15,16 €/L","img":"https://fd9-photos.leclercdrive.fr/image.ashx?id=2360812&use=l&cat=p&typeid=i","cat":325350},{"id":183261,"n":"Skinactive Vitamine C Serum  Citron - 50 ml","p":9.37,"u":"187,40 €/L","img":"https://fd9-photos.leclercdrive.fr/image.ashx?id=2549026&use=l&cat=p&typeid=i","cat":null},{"id":183275,"n":"Tipp-Ex Mini Pocket Mouse  Rubans Correcteurs - x3","p":4.59,"u":"1,53 €/P","img":"https://fd9-photos.leclercdrive.fr/image.ashx?id=2785664&use=l&cat=p&typeid=i","cat":334133},{"id":183395,"n":"Huile d'olive Puget 75cl","p":8.95,"u":"11,93 €/L","img":"https://fd9-photos.leclercdrive.fr/image.ashx?id=2460925&use=l&cat=p&typeid=i","cat":284453},{"id":183496,"n":"Brocolis fleurette Notre Jardin 900g","p":1.99,"u":"2,21 €/KG","img":"https://fd9-photos.leclercdrive.fr/image.ashx?id=2873168&use=l&cat=p&typeid=i","cat":319805},{"id":183512,"n":"Crème hydratante La Provençale Bio - 50ml","p":8.2,"u":"164,00 €/L","img":"https://fd9-photos.leclercdrive.fr/image.ashx?id=2357356&use=l&cat=p&typeid=i","cat":null},{"id":183848,"n":"Dissolvant Maybelline New York Express sans acétone - 125ml","p":2.9,"u":"23,20 €/L","img":"https://fd9-photos.leclercdrive.fr/image.ashx?id=2358123&use=l&cat=p&typeid=i","cat":325347},{"id":183849,"n":"Déodorant L'Arbre Vert Argan   Hamamélis - 50ml","p":2.98,"u":"59,60 €/L","img":"https://fd9-photos.leclercdrive.fr/image.ashx?id=2862491&use=l&cat=p&typeid=i","cat":284595},{"id":183851,"n":"Lingettes désinfectantes St  Marc Soleil de Corse - x30","p":1.29,"u":"0,04 €/P","img":"https://fd9-photos.leclercdrive.fr/image.ashx?id=2358201&use=l&cat=p&typeid=i","cat":325358},{"id":183852,"n":"Déodorant solide Sanex Zéro 0% respect & control - 56g","p":5.87,"u":"104,82 €/KG","img":"https://fd9-photos.leclercdrive.fr/image.ashx?id=2583461&use=l&cat=p&typeid=i","cat":284595},{"id":183854,"n":"Déodorant Rexona Men anti transpirant Cobalt Dry - 200ml","p":3.21,"u":"16,05 €/L","img":"https://fd9-photos.leclercdrive.fr/image.ashx?id=2858711&use=l&cat=p&typeid=i","cat":284618},{"id":183856,"n":"Yaourt Gourmand Mamie Nova Mandarine Citron x2 - 300g","p":1.43,"u":"4,77 €/KG","img":"https://fd9-photos.leclercdrive.fr/image.ashx?id=2879053&use=l&cat=p&typeid=i","cat":284410},{"id":183857,"n":"Gel Douche Le Petit Marseillais  Lait d'amande douce - 650ml","p":3.22,"u":"4,95 €/L","img":"https://fd9-photos.leclercdrive.fr/image.ashx?id=2684197&use=l&cat=p&typeid=i","cat":284594},{"id":183858,"n":"Coeur de Liégeois Mamie Nova Cappuccino x2 - 240g","p":1.67,"u":"6,96 €/KG","img":"https://fd9-photos.leclercdrive.fr/image.ashx?id=2909026&use=l&cat=p&typeid=i","cat":285042},{"id":183860,"n":"Gel Douche Le Petit Marseillais  Eco recharge vanille - 1L","p":5.28,"u":"5,28 €/L","img":"https://fd9-photos.leclercdrive.fr/image.ashx?id=2544882&use=l&cat=p&typeid=i","cat":284594},{"id":183866,"n":"Dentifrice blancheur Colgate Max white one - 75ml","p":1.95,"u":"26,00 €/L","img":"https://fd9-photos.leclercdrive.fr/image.ashx?id=2767255&use=l&cat=p&typeid=i","cat":284612},{"id":183873,"n":"Détachant poudre Vanish  Stop Odeurs - 470g","p":5.72,"u":"12,17 €/KG","img":"https://fd9-photos.leclercdrive.fr/image.ashx?id=2679936&use=l&cat=p&typeid=i","cat":284651},{"id":183888,"n":"Bière blonde Corona Cero 0,0% - 6x33cl","p":7.73,"u":"3,90 €/L","img":"https://fd9-photos.leclercdrive.fr/image.ashx?id=2526496&use=l&cat=p&typeid=i","cat":334877},{"id":183907,"n":"Dentifrice blancheur Colgate Max white optic - 75ml","p":2.2,"u":"29,33 €/L","img":"https://fd9-photos.leclercdrive.fr/image.ashx?id=2738395&use=l&cat=p&typeid=i","cat":284612},{"id":183917,"n":"Huile Miraculeuse Expert Veet Pré et Post Epilation 100ml","p":8.92,"u":"89,20 €/L","img":"https://fd9-photos.leclercdrive.fr/image.ashx?id=2828547&use=l&cat=p&typeid=i","cat":325351},{"id":183937,"n":"Sachets armoire Soupline Grand  air - x3","p":2.98,"u":"0,99 €/P","img":"https://fd9-photos.leclercdrive.fr/image.ashx?id=2944470&use=l&cat=p&typeid=i","cat":325302},{"id":184005,"n":"Gel Douche Le Petit Marseillais  Fleur d'oranger - 650ml","p":3.73,"u":"5,74 €/L","img":"https://fd9-photos.leclercdrive.fr/image.ashx?id=2684533&use=l&cat=p&typeid=i","cat":284594},{"id":184073,"n":"Boisson Epeautre Bjorg Sans sucres Bio - 1L","p":2.0,"u":"2,00 €/L","img":"https://fd9-photos.leclercdrive.fr/image.ashx?id=2939460&use=l&cat=p&typeid=i","cat":316067},{"id":184112,"n":"Bonbons Ricola Sève de pin sans sucres - 50g","p":2.13,"u":"42,60 €/KG","img":"https://fd9-photos.leclercdrive.fr/image.ashx?id=2382195&use=l&cat=p&typeid=i","cat":304252},{"id":184143,"n":"Desserts Lactés P'TIT BRASSE Fraise banane 6M+ - 4x90g","p":1.97,"u":"5,47 €/KG","img":"https://fd9-photos.leclercdrive.fr/image.ashx?id=2594229&use=l&cat=p&typeid=i","cat":312392},{"id":184148,"n":"Biscuits croquants Délichoc Chocolat au lait - 150g","p":1.81,"u":"12,07 €/KG","img":"https://fd9-photos.leclercdrive.fr/image.ashx?id=2867365&use=l&cat=p&typeid=i","cat":284488},{"id":184181,"n":"Purée mangue bébé Good Goût bio - 120g - dès 4 mois","p":1.67,"u":"13,92 €/KG","img":"https://fd9-photos.leclercdrive.fr/image.ashx?id=2640707&use=l&cat=p&typeid=i","cat":312387},{"id":184182,"n":"Purée poire bébé Good Goût bio - 120g - dès 4 mois","p":1.64,"u":"13,67 €/L","img":"https://fd9-photos.leclercdrive.fr/image.ashx?id=2640043&use=l&cat=p&typeid=i","cat":312387},{"id":184192,"n":"Purée fraise banane bébé Good Goût bio - 120g - dès 4 mois","p":1.63,"u":"13,58 €/KG","img":"https://fd9-photos.leclercdrive.fr/image.ashx?id=2640046&use=l&cat=p&typeid=i","cat":312387},{"id":184215,"n":"Pavés de Saumon  240GR","p":9.75,"u":"40,63 €/KG","img":"https://fd9-photos.leclercdrive.fr/image.ashx?id=618942&use=l&cat=p&typeid=i","cat":284342},{"id":184305,"n":"Carré de porc sans os L'Atelier Boucherie x10 - 440g","p":4.94,"u":"11,23 €/KG","img":"https://fd9-photos.leclercdrive.fr/image.ashx?id=2932701&use=l&cat=p&typeid=i","cat":284331},{"id":184307,"n":"Côtes de porc première L'Atelier Boucherie x2 - 300g","p":2.7,"u":"9,00 €/KG","img":"https://fd9-photos.leclercdrive.fr/image.ashx?id=2930552&use=l&cat=p&typeid=i","cat":284331},{"id":184308,"n":"Côtes de porc échine L'Atelier Boucherie x4 - 680g","p":5.14,"u":"7,56 €/KG","img":"https://fd9-photos.leclercdrive.fr/image.ashx?id=2930555&use=l&cat=p&typeid=i","cat":284331},{"id":184310,"n":"Entrecôte de boeuf*** L'Atelier Boucherie x1 - 200g","p":6.09,"u":"30,45 €/KG","img":"https://fd9-photos.leclercdrive.fr/image.ashx?id=2913781&use=l&cat=p&typeid=i","cat":284328},{"id":184312,"n":"Faux-filet de boeuf*** L'Atelier Boucherie x1 - 180g","p":5.12,"u":"28,44 €/KG","img":"https://fd9-photos.leclercdrive.fr/image.ashx?id=2913784&use=l&cat=p&typeid=i","cat":284328},{"id":184317,"n":"Rumsteck en tournedos*** L'Atelier Boucherie x2 - 280g","p":7.19,"u":"25,68 €/KG","img":"https://fd9-photos.leclercdrive.fr/image.ashx?id=2930588&use=l&cat=p&typeid=i","cat":284328},{"id":184353,"n":"Soda Coca-Cola Vanille Canette - Pack 6x33CL","p":4.51,"u":"2,28 €/L","img":"https://fd9-photos.leclercdrive.fr/image.ashx?id=2997238&use=l&cat=p&typeid=i","cat":284530},{"id":184354,"n":"Boisson energisante Monster juiced Monarch 50cl","p":1.49,"u":"2,98 €/L","img":"https://fd9-photos.leclercdrive.fr/image.ashx?id=2759041&use=l&cat=p&typeid=i","cat":284533},{"id":184355,"n":"Boisson énergisante Red Bull  Goût Fruit du Dragon, 250ml","p":1.18,"u":"4,72 €/L","img":"https://fd9-photos.leclercdrive.fr/image.ashx?id=3011992&use=l&cat=p&typeid=i","cat":284533},{"id":184427,"n":"Thé glacé Oasis Ice Tea Saveur Pêche - 1,5L","p":1.8,"u":"1,20 €/L","img":"https://fd9-photos.leclercdrive.fr/image.ashx?id=2688836&use=l&cat=p&typeid=i","cat":295019},{"id":184490,"n":"Sardine Parmentier  Sauce Arrabiata - 135g","p":1.54,"u":"11,41 €/KG","img":"https://fd9-photos.leclercdrive.fr/image.ashx?id=2961840&use=l&cat=p&typeid=i","cat":305146},{"id":184491,"n":"Sardine Parmentier Sans arêtes au naturel 135g","p":1.87,"u":"13,85 €/KG","img":"https://fd9-photos.leclercdrive.fr/image.ashx?id=2831336&use=l&cat=p&typeid=i","cat":305146},{"id":184527,"n":"Semoule au lait de coco Andros Vanille de Madagascar - 4x100g","p":2.8,"u":"7,00 €/KG","img":"https://fd9-photos.leclercdrive.fr/image.ashx?id=2871988&use=l&cat=p&typeid=i","cat":316071},{"id":184540,"n":"Fromage Fouetté Nature à tartiner Les Croisés - 150g","p":1.41,"u":"9,40 €/KG","img":"https://fd9-photos.leclercdrive.fr/image.ashx?id=2933452&use=l&cat=p&typeid=i","cat":314029},{"id":184551,"n":"Lessive en poudre Xeor fraîcheur x50 - 2.5kg","p":5.99,"u":"2,40 €/KG","img":"https://fd9-photos.leclercdrive.fr/image.ashx?id=2450101&use=l&cat=p&typeid=i","cat":284642},{"id":184553,"n":"Blocs WC Syphon fraîcheur marine x2 - 110g","p":2.0,"u":"18,18 €/KG","img":"https://fd9-photos.leclercdrive.fr/image.ashx?id=2670359&use=l&cat=p&typeid=i","cat":284662},{"id":184566,"n":"Boisson végétale Bio Village Noisette bio - 1l","p":1.87,"u":"1,87 €/L","img":"https://fd9-photos.leclercdrive.fr/image.ashx?id=2362504&use=l&cat=p&typeid=i","cat":316067},{"id":184568,"n":"Muesli croustillant Bio village Bio Chocolat quinoa - 500g","p":4.2,"u":"8,40 €/KG","img":"https://fd9-photos.leclercdrive.fr/image.ashx?id=2694121&use=l&cat=p&typeid=i","cat":309512},{"id":184569,"n":"Muesli croustillant Bio Village Bio Chocolat - 500g","p":3.72,"u":"7,44 €/KG","img":"https://fd9-photos.leclercdrive.fr/image.ashx?id=2559984&use=l&cat=p&typeid=i","cat":309512},{"id":184571,"n":"Sauce barbecue Amora 285g","p":1.75,"u":"6,14 €/KG","img":"https://fd9-photos.leclercdrive.fr/image.ashx?id=3004447&use=l&cat=p&typeid=i","cat":318431},{"id":184584,"n":"Brumisateur Evian - 400ml","p":3.49,"u":"8,73 €/L","img":"https://fd9-photos.leclercdrive.fr/image.ashx?id=2363431&use=l&cat=p&typeid=i","cat":290295},{"id":184677,"n":"Protège-document Esquisse x1 Gris - A4 - 80 vues","p":2.49,"img":"https://fd9-photos.leclercdrive.fr/image.ashx?id=2943319&use=l&cat=p&typeid=i","cat":284745},{"id":184761,"n":"Briquet utilitaire compact Bic - Lot de 2","p":4.18,"u":"2,09 €/P","img":"https://fd9-photos.leclercdrive.fr/image.ashx?id=2796653&use=l&cat=p&typeid=i","cat":300578},{"id":184837,"n":"Compotes Pom'Potes Gourdes  Pomme Banane - 4x90g","p":2.23,"u":"6,19 €/KG","img":"https://fd9-photos.leclercdrive.fr/image.ashx?id=2978637&use=l&cat=p&typeid=i","cat":284508},{"id":184860,"n":"Bière de Ré Agrume pamplemousse - 33cl","p":3.57,"u":"10,82 €/L","img":"https://fd9-photos.leclercdrive.fr/image.ashx?id=2367949&use=l&cat=p&typeid=i","cat":334878},{"id":184863,"n":"Bière de Ré IPA - 33cl","p":3.38,"u":"10,24 €/L","img":"https://fd9-photos.leclercdrive.fr/image.ashx?id=2367955&use=l&cat=p&typeid=i","cat":334872},{"id":184869,"n":"Limonade Orea Bio 75cl","p":3.5,"u":"4,67 €/L","img":"https://fd9-photos.leclercdrive.fr/image.ashx?id=2367973&use=l&cat=p&typeid=i","cat":284531},{"id":184870,"n":"Cola Orea Bio 75cl","p":3.5,"u":"4,67 €/L","img":"https://fd9-photos.leclercdrive.fr/image.ashx?id=2367967&use=l&cat=p&typeid=i","cat":284530},{"id":184872,"n":"Tonic Orea Bio 75cl","p":3.5,"u":"4,67 €/L","img":"https://fd9-photos.leclercdrive.fr/image.ashx?id=2653141&use=l&cat=p&typeid=i","cat":284531},{"id":184996,"n":"Infusion verveine Elephant Menthe, bio - x20","p":2.13,"u":"81,92 €/KG","img":"https://fd9-photos.leclercdrive.fr/image.ashx?id=2507578&use=l&cat=p&typeid=i","cat":293234},{"id":184997,"n":"Infusion bio Elephant Detox - x20","p":1.89,"u":"55,59 €/KG","img":"https://fd9-photos.leclercdrive.fr/image.ashx?id=2507566&use=l&cat=p&typeid=i","cat":293234},{"id":184998,"n":"Infusion Bio Elephant Gingembre Citron - 20 Sachets","p":1.89,"u":"55,59 €/KG","img":"https://fd9-photos.leclercdrive.fr/image.ashx?id=2507575&use=l&cat=p&typeid=i","cat":293234},{"id":184999,"n":"Infusion bio Elephant Relax - x20","p":2.23,"u":"85,77 €/KG","img":"https://fd9-photos.leclercdrive.fr/image.ashx?id=2507572&use=l&cat=p&typeid=i","cat":293234},{"id":185000,"n":"Infusion Bio Eléphant Menthe Thym - x20 sachets","p":2.28,"u":"87,69 €/KG","img":"https://fd9-photos.leclercdrive.fr/image.ashx?id=2507563&use=l&cat=p&typeid=i","cat":293234},{"id":185004,"n":"Infusion Bio Elephant Verveine - x20 sachets","p":2.52,"u":"96,92 €/KG","img":"https://fd9-photos.leclercdrive.fr/image.ashx?id=2520755&use=l&cat=p&typeid=i","cat":293234},{"id":185165,"n":"Skyr Yoplait  Coco 1%Mg - 4x100g","p":2.09,"u":"5,23 €/KG","img":"https://fd9-photos.leclercdrive.fr/image.ashx?id=2884459&use=l&cat=p&typeid=i","cat":315000},{"id":185166,"n":"Skyr Yoplait  Vanille 0%MG - 4x100G","p":2.2,"u":"5,50 €/KG","img":"https://fd9-photos.leclercdrive.fr/image.ashx?id=2884456&use=l&cat=p&typeid=i","cat":315000},{"id":185233,"n":"Dentifrice Signal Integral 8 Nature Elements 2x75ml","p":3.56,"pp":2.35,"u":"15,67 €/L","img":"https://fd9-photos.leclercdrive.fr/image.ashx?id=2637616&use=l&cat=p&typeid=i","cat":284612},{"id":185268,"n":"Carottes râpées Pierre Martinet à l'huile d'olive - 850g","p":4.29,"u":"5,05 €/KG","img":"https://fd9-photos.leclercdrive.fr/image.ashx?id=2461956&use=l&cat=p&typeid=i","cat":333657},{"id":185274,"n":"Chips Tuiles Pringles Bacon - 175g","p":2.01,"u":"11,49 €/KG","img":"https://fd9-photos.leclercdrive.fr/image.ashx?id=2661754&use=l&cat=p&typeid=i","cat":287899},{"id":185443,"n":"Thé vert citron Yate x25 - 37,5g","p":0.79,"u":"20,79 €/KG","img":"https://fd9-photos.leclercdrive.fr/image.ashx?id=2646008&use=l&cat=p&typeid=i","cat":293233},{"id":185831,"n":"Préparation Gâteau alsa Moelleux Marbré - 435g","p":2.19,"u":"5,03 €/KG","img":"https://fd9-photos.leclercdrive.fr/image.ashx?id=2996428&use=l&cat=p&typeid=i","cat":284505},{"id":185842,"n":"Soufflés Snack's Tokapi  Cacahuète - 160g","p":0.72,"u":"4,50 €/KG","img":"https://fd9-photos.leclercdrive.fr/image.ashx?id=2864942&use=l&cat=p&typeid=i","cat":284449},{"id":185850,"n":"SIGNAL Dentifrice Blancheur Infusé au Charbon Actif 75ml","p":2.31,"u":"30,80 €/L","img":"https://fd9-photos.leclercdrive.fr/image.ashx?id=2660302&use=l&cat=p&typeid=i","cat":284612},{"id":185954,"n":"Protège-documents Esquisse Gris - A4 - 40 vues","p":1.79,"img":"https://fd9-photos.leclercdrive.fr/image.ashx?id=2381668&use=l&cat=p&typeid=i","cat":284745},{"id":185999,"n":"Boisson végétale Bio Village Riz nature bio - 1l","p":1.65,"u":"1,65 €/L","img":"https://fd9-photos.leclercdrive.fr/image.ashx?id=2601016&use=l&cat=p&typeid=i","cat":316067},{"id":186043,"n":"Lardons Nature Herta  Sans nitrite - 2x75g","p":1.85,"u":"12,33 €/KG","img":"https://fd9-photos.leclercdrive.fr/image.ashx?id=2785802&use=l&cat=p&typeid=i","cat":316011},{"id":186055,"n":"Boisson énergisante Red Bull Goût Pastèque, 250ml","p":1.18,"u":"4,72 €/L","img":"https://fd9-photos.leclercdrive.fr/image.ashx?id=2471655&use=l&cat=p&typeid=i","cat":284533},{"id":186056,"n":"Boisson énergisante Red Bull Goût Coco-Acaï, 250ml","p":1.22,"u":"4,88 €/L","img":"https://fd9-photos.leclercdrive.fr/image.ashx?id=2471658&use=l&cat=p&typeid=i","cat":284533},{"id":186258,"n":"Lessive Capsules Tout-en-1 Skip Fraîcheur Intense x26 Capsules","p":10.69,"u":"19,40 €/KG","img":"https://fd9-photos.leclercdrive.fr/image.ashx?id=2978934&use=l&cat=p&typeid=i","cat":284641},{"id":186263,"n":"Lessive Capsules Tout-en-1 Skip Fraîcheur Intense 38 Lavages","p":15.05,"u":"18,67 €/KG","img":"https://fd9-photos.leclercdrive.fr/image.ashx?id=2929236&use=l&cat=p&typeid=i","cat":284641},{"id":186296,"n":"Lessive Capsules Skip Tout-en-1 Active Clean x38","p":14.43,"u":"17,90 €/KG","img":"https://fd9-photos.leclercdrive.fr/image.ashx?id=2757114&use=l&cat=p&typeid=i","cat":284641},{"id":186459,"n":"Pâtes Tortiglioni Panzani 500g","p":1.27,"u":"2,54 €/KG","img":"https://fd9-photos.leclercdrive.fr/image.ashx?id=2902951&use=l&cat=p&typeid=i","cat":284427},{"id":186471,"n":"Gousses de vanille Madagascar Sainte Lucie - 5.4g","p":5.07,"img":"https://fd9-photos.leclercdrive.fr/image.ashx?id=2386569&use=l&cat=p&typeid=i","cat":284504},{"id":186497,"n":"Capsules café L'Or Espresso Saveur Caramel x10","p":3.66,"u":"70,38 €/KG","img":"https://fd9-photos.leclercdrive.fr/image.ashx?id=2387049&use=l&cat=p&typeid=i","cat":293241},{"id":186657,"n":"Crème dessert Delisse Chocolat - 6x125g","p":1.42,"u":"1,89 €/KG","img":"https://fd9-photos.leclercdrive.fr/image.ashx?id=3009526&use=l&cat=p&typeid=i","cat":285041},{"id":186659,"n":"Crème dessert Delisse Vanille - 6x125g","p":1.33,"u":"1,77 €/KG","img":"https://fd9-photos.leclercdrive.fr/image.ashx?id=2441498&use=l&cat=p&typeid=i","cat":285041},{"id":186661,"n":"Crème dessert Delisse Caramel - 6x125g","p":1.39,"u":"1,85 €/KG","img":"https://fd9-photos.leclercdrive.fr/image.ashx?id=2441504&use=l&cat=p&typeid=i","cat":285041},{"id":186686,"n":"Déodorant stick Homme Mennen Marine Sans Alcool - 60ml","p":3.18,"u":"53,00 €/L","img":"https://fd9-photos.leclercdrive.fr/image.ashx?id=2869107&use=l&cat=p&typeid=i","cat":284618},{"id":186688,"n":"Déodorant stick Homme Mennen Sans Alcool Anti-Traces - 60ml","p":3.18,"u":"53,00 €/L","img":"https://fd9-photos.leclercdrive.fr/image.ashx?id=2869110&use=l&cat=p&typeid=i","cat":284618},{"id":186736,"n":"Sandwich Fresh Wrap Sodebo  Saumon - 190g","p":3.46,"u":"18,21 €/KG","img":"https://fd9-photos.leclercdrive.fr/image.ashx?id=2686801&use=l&cat=p&typeid=i","cat":333658},{"id":186853,"n":"Lessive Capsules Tout-en-1 Skip Touche de Cajoline 24 Lavages","p":10.18,"u":"20,00 €/KG","img":"https://fd9-photos.leclercdrive.fr/image.ashx?id=2956688&use=l&cat=p&typeid=i","cat":284641},{"id":186856,"n":"Lessive Capsules Skip Tout-en-1 Extra Détachant x24","p":10.59,"u":"20,81 €/KG","img":"https://fd9-photos.leclercdrive.fr/image.ashx?id=2956691&use=l&cat=p&typeid=i","cat":284641},{"id":186857,"n":"Lessive Capsules Skip Tout-en-1 Cajoline 36 Lavages","p":13.23,"u":"17,34 €/KG","img":"https://fd9-photos.leclercdrive.fr/image.ashx?id=2929239&use=l&cat=p&typeid=i","cat":284641},{"id":186869,"n":"Préparation pour moelleux  Tablier Blanc - 435g","p":1.93,"u":"4,44 €/KG","img":"https://fd9-photos.leclercdrive.fr/image.ashx?id=2982688&use=l&cat=p&typeid=i","cat":284504},{"id":186870,"n":"Préparation pour moelleux Tablier Blanc citron - 435g","p":1.97,"u":"4,53 €/KG","img":"https://fd9-photos.leclercdrive.fr/image.ashx?id=2982691&use=l&cat=p&typeid=i","cat":284504},{"id":186919,"n":"Nettoyant spray Mr Propre Flash Salle de bains - 500ml","p":2.67,"u":"5,34 €/L","img":"https://fd9-photos.leclercdrive.fr/image.ashx?id=2737330&use=l&cat=p&typeid=i","cat":325357},{"id":186920,"n":"Tuiles Monster Munch Crazy Original - 150g","p":1.9,"u":"12,67 €/KG","img":"https://fd9-photos.leclercdrive.fr/image.ashx?id=2921735&use=l&cat=p&typeid=i","cat":287899},{"id":186921,"n":"Nettoyant spray Mr Propre Flash Citron - 500ml","p":2.62,"u":"5,24 €/L","img":"https://fd9-photos.leclercdrive.fr/image.ashx?id=2839388&use=l&cat=p&typeid=i","cat":325357},{"id":186926,"n":"Tuiles Monster Munch Crazy paprika - 150g","p":1.9,"u":"12,67 €/KG","img":"https://fd9-photos.leclercdrive.fr/image.ashx?id=2955339&use=l&cat=p&typeid=i","cat":287899},{"id":186946,"n":"Mouliné Bio Village Bio - légumes variés  - 2x30cl","p":1.69,"u":"5,63 €/L","img":"https://fd9-photos.leclercdrive.fr/image.ashx?id=2404157&use=l&cat=p&typeid=i","cat":284462},{"id":187029,"n":"Coton-tiges ouatés Inell Boîte - x300 bâtonnets","p":0.73,"img":"https://fd9-photos.leclercdrive.fr/image.ashx?id=2824301&use=l&cat=p&typeid=i","cat":284636},{"id":187059,"n":"Champignon Émincé Bonduelle Sans Sulfite, Sans Additif 230g","p":1.21,"u":"5,26 €/KG","img":"https://fd9-photos.leclercdrive.fr/image.ashx?id=2913118&use=l&cat=p&typeid=i","cat":312610},{"id":187124,"n":"Petits Calissons Ballotin Noël Le Roy René - Boîte - 180g","p":6.57,"u":"36,50 €/KG","img":"https://fd9-photos.leclercdrive.fr/image.ashx?id=2424254&use=l&cat=p&typeid=i","cat":327606},{"id":187173,"n":"Bouchées Chocolat Noël Nestlé L'Atelier Noir Feves Cacao 262g","p":9.97,"u":"38,05 €/KG","img":"https://fd9-photos.leclercdrive.fr/image.ashx?id=2938247&use=l&cat=p&typeid=i","cat":327595},{"id":187177,"n":"Bûche glacée L'Angélys Caramel beurre salé Poire 330g","p":9.84,"u":"29,82 €/KG","img":"https://fd9-photos.leclercdrive.fr/image.ashx?id=2902211&use=l&cat=p&typeid=i","cat":284266},{"id":187198,"n":"Pain de mie 100% Mie Harrys Tranches épaisses Nature - 500g","p":2.27,"u":"4,54 €/KG","img":"https://fd9-photos.leclercdrive.fr/image.ashx?id=2686783&use=l&cat=p&typeid=i","cat":284477},{"id":187241,"n":"Savon Le Petit Marseillais  Solide amande douce - 2x100g","p":1.83,"u":"9,15 €/KG","img":"https://fd9-photos.leclercdrive.fr/image.ashx?id=2684203&use=l&cat=p&typeid=i","cat":284597},{"id":187343,"n":"Bûche Pilpa Exquise 3 Chocolats - 535g","p":5.27,"u":"9,85 €/KG","img":"https://fd9-photos.leclercdrive.fr/image.ashx?id=2751027&use=l&cat=p&typeid=i","cat":284266},{"id":187344,"n":"Bûche Pilpa Caramel beurre salé - 535g","p":5.27,"u":"9,85 €/KG","img":"https://fd9-photos.leclercdrive.fr/image.ashx?id=2751036&use=l&cat=p&typeid=i","cat":284266},{"id":187347,"n":"Bûchettes Pilpa Les délices Pistache Chocolat Café x6 348g","p":3.23,"u":"9,28 €/KG","img":"https://fd9-photos.leclercdrive.fr/image.ashx?id=2395921&use=l&cat=p&typeid=i","cat":284266},{"id":187352,"n":"Bûche Pilpa Caprices des Îles - 564g","p":5.27,"u":"9,34 €/KG","img":"https://fd9-photos.leclercdrive.fr/image.ashx?id=2749961&use=l&cat=p&typeid=i","cat":284266},{"id":187353,"n":"Bûchettes Pilpa Les Délices Chocolat x6 - 360g","p":3.23,"u":"8,97 €/KG","img":"https://fd9-photos.leclercdrive.fr/image.ashx?id=2395924&use=l&cat=p&typeid=i","cat":284266},{"id":187365,"n":"Desserts Lactés P'TIT BRASSE Nature 6M+ - 4x90g","p":2.11,"u":"5,86 €/KG","img":"https://fd9-photos.leclercdrive.fr/image.ashx?id=2594223&use=l&cat=p&typeid=i","cat":312392},{"id":187387,"n":"Truite fumée de France Labeyrie 4 tranches - 120g","p":5.48,"u":"45,67 €/KG","img":"https://fd9-photos.leclercdrive.fr/image.ashx?id=2803535&use=l&cat=p&typeid=i","cat":285188},{"id":187388,"n":"Assortiment chocolats Côte d'Or Collection - 345g","p":12.88,"u":"37,33 €/KG","img":"https://fd9-photos.leclercdrive.fr/image.ashx?id=2494057&use=l&cat=p&typeid=i","cat":327595},{"id":187393,"n":"Assortiment chocolats belges Equador - 195g","p":5.15,"u":"26,41 €/KG","img":"https://fd9-photos.leclercdrive.fr/image.ashx?id=3004115&use=l&cat=p&typeid=i","cat":327595},{"id":187405,"n":"Petits pois très fins Notre Jardin - 1kg","p":1.79,"img":"https://fd9-photos.leclercdrive.fr/image.ashx?id=2900166&use=l&cat=p&typeid=i","cat":319805},{"id":187406,"n":"Saumon fumé Ecosse Delpierre 10 tranches - 300g","p":11.45,"u":"38,17 €/KG","img":"https://fd9-photos.leclercdrive.fr/image.ashx?id=2961918&use=l&cat=p&typeid=i","cat":285188},{"id":187410,"n":"Yaourt Délisse Fraise - 4x150g","p":1.99,"u":"3,32 €/P","img":"https://fd9-photos.leclercdrive.fr/image.ashx?id=2883029&use=l&cat=p&typeid=i","cat":314999},{"id":187429,"n":"Savon végétal olives Loix et Savons - 100g","p":3.79,"u":"37,90 €/KG","img":"https://fd9-photos.leclercdrive.fr/image.ashx?id=2398019&use=l&cat=p&typeid=i","cat":284597},{"id":187430,"n":"Savon végétal jasmin Loix et Savons - 100g","p":3.79,"u":"37,90 €/KG","img":"https://fd9-photos.leclercdrive.fr/image.ashx?id=2684569&use=l&cat=p&typeid=i","cat":284597},{"id":187431,"n":"Savon végétal verveine Loix et Savons - 100g","p":3.79,"u":"37,90 €/KG","img":"https://fd9-photos.leclercdrive.fr/image.ashx?id=2684566&use=l&cat=p&typeid=i","cat":284597},{"id":187432,"n":"Savon végétal rose trémière Loix et Savons - 100g","p":3.79,"u":"37,90 €/KG","img":"https://fd9-photos.leclercdrive.fr/image.ashx?id=2397463&use=l&cat=p&typeid=i","cat":284597},{"id":187433,"n":"Savon végétal océan Loix et Savons - 100g","p":3.79,"u":"37,90 €/KG","img":"https://fd9-photos.leclercdrive.fr/image.ashx?id=2684575&use=l&cat=p&typeid=i","cat":284597},{"id":187434,"n":"Savon végétal surgras Monoï Loix et Savons - 100g","p":3.79,"u":"37,90 €/KG","img":"https://fd9-photos.leclercdrive.fr/image.ashx?id=2684578&use=l&cat=p&typeid=i","cat":284597},{"id":187435,"n":"Savon végétal poudre d'amour Loix et Savons - 100g","p":3.79,"u":"37,90 €/KG","img":"https://fd9-photos.leclercdrive.fr/image.ashx?id=2397484&use=l&cat=p&typeid=i","cat":284597},{"id":187436,"n":"Savon végétal huile d'argan Loix et Savons - 100g","p":5.32,"u":"53,20 €/KG","img":"https://fd9-photos.leclercdrive.fr/image.ashx?id=2397472&use=l&cat=p&typeid=i","cat":284597},{"id":187437,"n":"Savon au lait d'ânesse Loix et Savons - 100g","p":4.95,"u":"49,50 €/KG","img":"https://fd9-photos.leclercdrive.fr/image.ashx?id=2397478&use=l&cat=p&typeid=i","cat":284597},{"id":187438,"n":"Savon végétal Aloe Vera Loix et Savons - 100g","p":3.79,"u":"37,90 €/KG","img":"https://fd9-photos.leclercdrive.fr/image.ashx?id=2684572&use=l&cat=p&typeid=i","cat":284597},{"id":187439,"n":"Savon végétal chèvrefeuille Loix et Savons - 100g","p":3.7,"u":"37,00 €/KG","img":"https://fd9-photos.leclercdrive.fr/image.ashx?id=2397475&use=l&cat=p&typeid=i","cat":284597},{"id":187440,"n":"Savon liquide lait d'ânesse Loix et Savons - 300ml","p":12.5,"u":"41,67 €/L","img":"https://fd9-photos.leclercdrive.fr/image.ashx?id=2397487&use=l&cat=p&typeid=i","cat":284597},{"id":187442,"n":"Savon végétal au muguet Loix et Savons - 135g","p":3.79,"u":"28,07 €/KG","img":"https://fd9-photos.leclercdrive.fr/image.ashx?id=2398652&use=l&cat=p&typeid=i","cat":284597},{"id":187443,"n":"Savon végétal fleur d'oranger Loix et Savons - 100g","p":3.79,"u":"37,90 €/KG","img":"https://fd9-photos.leclercdrive.fr/image.ashx?id=2398649&use=l&cat=p&typeid=i","cat":284597},{"id":187446,"n":"Tortellini Rana Bœuf bolognaise 250g","p":3.49,"u":"13,96 €/KG","img":"https://fd9-photos.leclercdrive.fr/image.ashx?id=2439890&use=l&cat=p&typeid=i","cat":333682},{"id":187448,"n":"Frites ondulées McCain Côté Burger - 650g","p":2.63,"u":"4,05 €/KG","img":"https://fd9-photos.leclercdrive.fr/image.ashx?id=2920027&use=l&cat=p&typeid=i","cat":319791},{"id":187453,"n":"Thé noir Lipton Yellow x100 sachets - 200g","p":3.89,"u":"19,45 €/KG","img":"https://fd9-photos.leclercdrive.fr/image.ashx?id=2517655&use=l&cat=p&typeid=i","cat":293233},{"id":187454,"n":"Crème dessert Sojasun Caramel pointe de sel - 4x100g","p":1.77,"u":"4,43 €/KG","img":"https://fd9-photos.leclercdrive.fr/image.ashx?id=2397349&use=l&cat=p&typeid=i","cat":316071},{"id":187462,"n":"Préparation Tablier Blanc Moelleux au chocolat - 435g","p":1.97,"u":"4,53 €/KG","img":"https://fd9-photos.leclercdrive.fr/image.ashx?id=2982697&use=l&cat=p&typeid=i","cat":284505},{"id":187471,"n":"Bûche glacée L'Angélys Chocolat Mandarine - 330g","p":9.29,"u":"28,15 €/KG","img":"https://fd9-photos.leclercdrive.fr/image.ashx?id=2902208&use=l&cat=p&typeid=i","cat":284266},{"id":187472,"n":"Bûche glacée L'Angélys Chocolat Vanille - 330g","p":9.4,"u":"28,48 €/KG","img":"https://fd9-photos.leclercdrive.fr/image.ashx?id=2963631&use=l&cat=p&typeid=i","cat":284266},{"id":187475,"n":"Dés de Chorizo Fleury Michon 120g","p":2.81,"u":"23,42 €/KG","img":"https://fd9-photos.leclercdrive.fr/image.ashx?id=2661196&use=l&cat=p&typeid=i","cat":316011},{"id":187478,"n":"Cordon bleu de poulet Eco+ 200g","p":1.45,"u":"7,25 €/KG","img":"https://fd9-photos.leclercdrive.fr/image.ashx?id=2758294&use=l&cat=p&typeid=i","cat":333683},{"id":187492,"n":"Muscat de Frontignan AOC Premier - 15.5° - 75cl","p":7.6,"pp":5.32,"u":"7,09 €/L","img":"https://fd9-photos.leclercdrive.fr/image.ashx?id=2397334&use=l&cat=p&typeid=i","cat":284913},{"id":187547,"n":"Moutarde Fine & Forte AMORA Flacon Souple - 460g","p":2.32,"u":"5,04 €/KG","img":"https://fd9-photos.leclercdrive.fr/image.ashx?id=2877271&use=l&cat=p&typeid=i","cat":288850},{"id":187667,"n":"Piles alcalines Energizer Max AAA/LR03 - x4","p":5.0,"img":"https://fd9-photos.leclercdrive.fr/image.ashx?id=2689076&use=l&cat=p&typeid=i","cat":300572},{"id":187671,"n":"Piles alcalines Energizer Max AA/LR6 - x4","p":5.0,"img":"https://fd9-photos.leclercdrive.fr/image.ashx?id=2689073&use=l&cat=p&typeid=i","cat":300572},{"id":187701,"n":"Galettes St Michel 208g","p":1.88,"u":"9,04 €/KG","img":"https://fd9-photos.leclercdrive.fr/image.ashx?id=2936218&use=l&cat=p&typeid=i","cat":284487},{"id":187776,"n":"Jus innocent plus  amour armure 750ml","p":2.98,"u":"3,97 €/L","img":"https://fd9-photos.leclercdrive.fr/image.ashx?id=2400394&use=l&cat=p&typeid=i","cat":284354},{"id":187807,"n":"Petits pois carottes d'aucy  Bio - 58cl","p":3.11,"u":"9,15 €/KG","img":"https://fd9-photos.leclercdrive.fr/image.ashx?id=2529789&use=l&cat=p&typeid=i","cat":312607},{"id":187986,"n":"Déodorant stick Mennen  Homme intraçable 72h - 60ml","p":4.1,"u":"68,33 €/L","img":"https://fd9-photos.leclercdrive.fr/image.ashx?id=2402346&use=l&cat=p&typeid=i","cat":284618},{"id":187987,"n":"Déodorant stick Homme Mennen 24H Musk Sans Alcool - 60ml","p":3.18,"u":"53,00 €/L","img":"https://fd9-photos.leclercdrive.fr/image.ashx?id=2869113&use=l&cat=p&typeid=i","cat":284618},{"id":187989,"n":"Lait corps hydratant Mixa Raffermissant  - 250ml","p":3.98,"u":"15,92 €/L","img":"https://fd9-photos.leclercdrive.fr/image.ashx?id=2402358&use=l&cat=p&typeid=i","cat":325349},{"id":187990,"n":"Lait Corps Réparateur Mixa Peau abîmée desséchée - 300ml","p":3.88,"u":"12,93 €/L","img":"https://fd9-photos.leclercdrive.fr/image.ashx?id=2908186&use=l&cat=p&typeid=i","cat":325349},{"id":187991,"n":"Lait corps Mixa Apaisant Peaux sensibles - 250ml","p":4.56,"u":"18,24 €/L","img":"https://fd9-photos.leclercdrive.fr/image.ashx?id=2402367&use=l&cat=p&typeid=i","cat":325349},{"id":187999,"n":"Lait Corps réparateur Mixa Peaux desséchées - 300ml","p":3.54,"u":"11,80 €/L","img":"https://fd9-photos.leclercdrive.fr/image.ashx?id=2402394&use=l&cat=p&typeid=i","cat":325349},{"id":188000,"n":"Epices curry Sainte Lucie 40g","p":2.24,"u":"56,00 €/KG","img":"https://fd9-photos.leclercdrive.fr/image.ashx?id=2996590&use=l&cat=p&typeid=i","cat":298297},{"id":188001,"n":"Gel coiffant Vivelle DOP Fixation Extrême - 190ml","p":3.83,"u":"20,16 €/L","img":"https://fd9-photos.leclercdrive.fr/image.ashx?id=2402403&use=l&cat=p&typeid=i","cat":284609},{"id":188002,"n":"Gingembre moulu Sainte Lucie 32g","p":2.83,"u":"88,44 €/KG","img":"https://fd9-photos.leclercdrive.fr/image.ashx?id=2774373&use=l&cat=p&typeid=i","cat":298297},{"id":188003,"n":"Gel Coiffant Béton Dop Vivelle Fixation 24h - 190ml","p":3.75,"u":"19,74 €/L","img":"https://fd9-photos.leclercdrive.fr/image.ashx?id=2402406&use=l&cat=p&typeid=i","cat":284609},{"id":188005,"n":"Quatre épices Sainte Lucie  35g","p":2.21,"u":"63,14 €/KG","img":"https://fd9-photos.leclercdrive.fr/image.ashx?id=2774436&use=l&cat=p&typeid=i","cat":298297},{"id":188011,"n":"Tablette de chocolat Lindt Lait noisettes - 2x100g","p":5.12,"u":"25,60 €/KG","img":"https://fd9-photos.leclercdrive.fr/image.ashx?id=2654614&use=l&cat=p&typeid=i","cat":284497},{"id":188013,"n":"Tablette de chocolat Lindt Lait extra fin - 3x100g","p":5.74,"u":"19,13 €/KG","img":"https://fd9-photos.leclercdrive.fr/image.ashx?id=2655853&use=l&cat=p&typeid=i","cat":284497},{"id":188015,"n":"Cœurs de palmier D'aucy  125g","p":4.42,"u":"20,09 €/KG","img":"https://fd9-photos.leclercdrive.fr/image.ashx?id=2401369&use=l&cat=p&typeid=i","cat":312611},{"id":188136,"n":"Salade coffret poulet pâné  Mix Buffet - 320g","p":5.23,"u":"16,34 €/KG","img":"https://fd9-photos.leclercdrive.fr/image.ashx?id=2735593&use=l&cat=p&typeid=i","cat":333657},{"id":188168,"n":"Féta AOP Salakis Fromage brebis et chèvre - 150g","p":2.87,"u":"19,13 €/KG","img":"https://fd9-photos.leclercdrive.fr/image.ashx?id=2879128&use=l&cat=p&typeid=i","cat":314026},{"id":188271,"n":"Matière grasse doux Astra  À tartiner à cuire 70%MG - 500g","p":2.46,"u":"4,92 €/KG","img":"https://fd9-photos.leclercdrive.fr/image.ashx?id=2406301&use=l&cat=p&typeid=i","cat":315229},{"id":188293,"n":"Moutarde Amora Mi-forte - 260g","p":2.28,"u":"8,77 €/KG","img":"https://fd9-photos.leclercdrive.fr/image.ashx?id=3005398&use=l&cat=p&typeid=i","cat":288850},{"id":188294,"n":"Jambon Le Bon Paris Herta À l'étouffé x2 - 85g","p":1.48,"u":"17,41 €/KG","img":"https://fd9-photos.leclercdrive.fr/image.ashx?id=2566263&use=l&cat=p&typeid=i","cat":316009},{"id":188295,"n":"Jambon Le Bon Paris Herta À l'étouffée x4 - 170g","p":2.08,"u":"12,24 €/KG","img":"https://fd9-photos.leclercdrive.fr/image.ashx?id=2731390&use=l&cat=p&typeid=i","cat":316009},{"id":188296,"n":"Jambon Le Bon Paris Herta À l'étouffée x6 - 255g","p":2.95,"u":"11,57 €/KG","img":"https://fd9-photos.leclercdrive.fr/image.ashx?id=2418720&use=l&cat=p&typeid=i","cat":316009},{"id":188297,"n":"Jambon Le Bon Paris Herta À l'étouffée x8 - 340g","p":3.86,"u":"11,35 €/KG","img":"https://fd9-photos.leclercdrive.fr/image.ashx?id=2921519&use=l&cat=p&typeid=i","cat":316009},{"id":188299,"n":"Jambon Le Bon Paris Herta À l'étouffée x10 - 425g","p":4.77,"u":"11,22 €/KG","img":"https://fd9-photos.leclercdrive.fr/image.ashx?id=2757599&use=l&cat=p&typeid=i","cat":316009},{"id":188382,"n":"Ail blanc bio Bio Village 250g","p":3.79,"u":"15,16 €/KG","img":"https://fd9-photos.leclercdrive.fr/image.ashx?id=2922457&use=l&cat=p&typeid=i","cat":284352},{"id":188703,"n":"Aubergine Eco+ 500g","p":0.99,"u":"1,98 €/KG","img":"https://fd9-photos.leclercdrive.fr/image.ashx?id=2907153&use=l&cat=p&typeid=i","cat":284352},{"id":188721,"n":"Avocats mûrs à point  Panier du Primeur x2","p":3.39,"u":"1,70 €/P","img":"https://fd9-photos.leclercdrive.fr/image.ashx?id=2373012&use=l&cat=p&typeid=i","cat":284352},{"id":188797,"n":"Bananes Panier du Primeur x5","p":1.69,"u":"0,34 €/P","img":"https://fd9-photos.leclercdrive.fr/image.ashx?id=2302456&use=l&cat=p&typeid=i","cat":284356},{"id":188809,"n":"Banane Bio Max Havelaar  Bio Village x5","p":1.99,"u":"0,40 €/P","img":"https://fd9-photos.leclercdrive.fr/image.ashx?id=2323988&use=l&cat=p&typeid=i","cat":284356},{"id":188847,"n":"Basilic  20g","p":1.39,"u":"69,50 €/KG","img":"https://fd9-photos.leclercdrive.fr/image.ashx?id=588940&use=l&cat=p&typeid=i","cat":293607},{"id":189021,"n":"Carotte Bio Bio Village 1kg","p":1.89,"u":"1,89 €/KG","img":"https://fd9-photos.leclercdrive.fr/image.ashx?id=1457160&use=l&cat=p&typeid=i","cat":284352},{"id":189069,"n":"Carottes Eco+ Sachet de 2kg","p":1.89,"u":"0,95 €/KG","img":"https://fd9-photos.leclercdrive.fr/image.ashx?id=2922376&use=l&cat=p&typeid=i","cat":284352},{"id":189333,"n":"Champignons de Paris blancs Bio Bio Village - 200g","p":2.39,"u":"11,95 €/KG","img":"https://fd9-photos.leclercdrive.fr/image.ashx?id=2960550&use=l&cat=p&typeid=i","cat":284352},{"id":189369,"n":"Champignons de Paris bruns bio Bio Village - Barquette 200g","p":2.49,"u":"12,45 €/KG","img":"https://fd9-photos.leclercdrive.fr/image.ashx?id=2960559&use=l&cat=p&typeid=i","cat":284352},{"id":189375,"n":"Champignons de Paris bruns Panier du Primeur - 250g","p":1.79,"u":"7,16 €/KG","img":"https://fd9-photos.leclercdrive.fr/image.ashx?id=2600255&use=l&cat=p&typeid=i","cat":284352},{"id":189756,"n":"Citrons bio Bio Village Sachet x4","p":1.99,"u":"0,50 €/P","img":"https://fd9-photos.leclercdrive.fr/image.ashx?id=2805063&use=l&cat=p&typeid=i","cat":284356},{"id":189759,"n":"Citrons verts Panier du Primeur 500g","p":1.99,"u":"3,98 €/KG","img":"https://fd9-photos.leclercdrive.fr/image.ashx?id=2373018&use=l&cat=p&typeid=i","cat":284356},{"id":189924,"n":"Concombre 1p","p":2.6,"img":"https://fd9-photos.leclercdrive.fr/image.ashx?id=1631895&use=l&cat=p&typeid=i","cat":284352},{"id":190437,"n":"Echalote traditionnelle filière Panier du Primeur Filet 250g","p":0.99,"u":"3,96 €/KG","img":"https://fd9-photos.leclercdrive.fr/image.ashx?id=2965500&use=l&cat=p&typeid=i","cat":284352},{"id":190458,"n":"Échalotes traditionnelles bio  Bio Village - 250g","p":1.99,"u":"7,96 €/KG","img":"https://fd9-photos.leclercdrive.fr/image.ashx?id=2922454&use=l&cat=p&typeid=i","cat":284352},{"id":190686,"n":"Framboises Panier du Primeur 125g","p":2.59,"u":"20,72 €/KG","img":"https://fd9-photos.leclercdrive.fr/image.ashx?id=2843800&use=l&cat=p&typeid=i","cat":284356},{"id":190899,"n":"Tomates rondes Eco+ Filet 1kg","p":1.89,"u":"1,89 €/KG","img":"https://fd9-photos.leclercdrive.fr/image.ashx?id=2769420&use=l&cat=p&typeid=i","cat":284352},{"id":191106,"n":"Patate douce  1p","p":0.95,"img":"https://fd9-photos.leclercdrive.fr/image.ashx?id=1632569&use=l&cat=p&typeid=i","cat":284352},{"id":191139,"n":"Patate douce bio Bio Village 500g","p":2.49,"u":"4,98 €/KG","img":"https://fd9-photos.leclercdrive.fr/image.ashx?id=2934805&use=l&cat=p&typeid=i","cat":284352},{"id":191589,"n":"Pomme de terre rouge Panier du Primeur - 2kg","p":2.29,"u":"1,15 €/KG","img":"https://fd9-photos.leclercdrive.fr/image.ashx?id=2757518&use=l&cat=p&typeid=i","cat":284352},{"id":191661,"n":"Pommes de terre Bio Bio Village Vapeur et sautées  - 1.5kg","p":2.99,"u":"1,99 €/KG","img":"https://fd9-photos.leclercdrive.fr/image.ashx?id=2960535&use=l&cat=p&typeid=i","cat":284352},{"id":191748,"n":"Pomme de terre Bio Bio Village Four Potage - 1.5kg","p":2.99,"u":"1,99 €/KG","img":"https://fd9-photos.leclercdrive.fr/image.ashx?id=2959752&use=l&cat=p&typeid=i","cat":284352},{"id":192033,"n":"Pomme de terre Panier Primeur Micro-ondes - 750g","p":1.79,"u":"2,39 €/KG","img":"https://fd9-photos.leclercdrive.fr/image.ashx?id=2649903&use=l&cat=p&typeid=i","cat":284352},{"id":192069,"n":"Pomme de terre grenailles bio Bio Village - 750g","p":1.99,"u":"2,65 €/KG","img":"https://fd9-photos.leclercdrive.fr/image.ashx?id=2960574&use=l&cat=p&typeid=i","cat":284352},{"id":192120,"n":"Pommes de terre four purée  potage Panier du Primeur - 2kg","p":2.29,"u":"1,15 €/KG","img":"https://fd9-photos.leclercdrive.fr/image.ashx?id=2757500&use=l&cat=p&typeid=i","cat":284352},{"id":192543,"n":"Pomme jaune bio Bio Village x4","p":1.99,"u":"0,50 €/P","img":"https://fd9-photos.leclercdrive.fr/image.ashx?id=2556544&use=l&cat=p&typeid=i","cat":284356},{"id":192618,"n":"Pommes bicolores bio Bio Village Barquette x4","p":1.99,"u":"0,50 €/P","img":"https://fd9-photos.leclercdrive.fr/image.ashx?id=2556538&use=l&cat=p&typeid=i","cat":284356},{"id":192619,"n":"Pommes bicolores bio Bio Village Barquette x4","p":1.99,"u":"0,50 €/P","img":"https://fd9-photos.leclercdrive.fr/image.ashx?id=2556538&use=l&cat=p&typeid=i","cat":284356},{"id":192639,"n":"Pommes bicolores Panier du Primeur Barquette x6","p":2.49,"u":"0,42 €/P","img":"https://fd9-photos.leclercdrive.fr/image.ashx?id=2553920&use=l&cat=p&typeid=i","cat":284356},{"id":193068,"n":"Poivron Bicolore bio Bio Village x2","p":2.79,"u":"1,40 €/P","img":"https://fd9-photos.leclercdrive.fr/image.ashx?id=2960541&use=l&cat=p&typeid=i","cat":284352},{"id":193248,"n":"Poire bio Bio Village Barquette x4","p":2.99,"u":"0,75 €/P","img":"https://fd9-photos.leclercdrive.fr/image.ashx?id=2552002&use=l&cat=p&typeid=i","cat":284356},{"id":193281,"n":"Poires Panier du Primeur Mûre à point Filière x4","p":3.49,"u":"0,87 €/P","img":"https://fd9-photos.leclercdrive.fr/image.ashx?id=2955038&use=l&cat=p&typeid=i","cat":284356},{"id":193534,"n":"Kiwis Bio Bio Village x6","p":3.49,"u":"0,58 €/P","img":"https://fd9-photos.leclercdrive.fr/image.ashx?id=2556443&use=l&cat=p&typeid=i","cat":284356},{"id":193755,"n":"Myrtilles Panier du Primeur 125g","p":1.99,"u":"15,92 €/KG","img":"https://fd9-photos.leclercdrive.fr/image.ashx?id=2375773&use=l&cat=p&typeid=i","cat":284356},{"id":194064,"n":"Jambon Le Bon Paris Herta  sans nitrite x6 - 210g","p":3.46,"u":"16,48 €/KG","img":"https://fd9-photos.leclercdrive.fr/image.ashx?id=2731396&use=l&cat=p&typeid=i","cat":316009},{"id":194071,"n":"Jambon Le Bon Paris Herta -25% de sel x2 - 70g","p":1.48,"u":"21,14 €/KG","img":"https://fd9-photos.leclercdrive.fr/image.ashx?id=2405899&use=l&cat=p&typeid=i","cat":316009},{"id":194073,"n":"Jambon Le Bon Paris Herta -25% de sel x4 - 140g","p":2.39,"u":"17,07 €/KG","img":"https://fd9-photos.leclercdrive.fr/image.ashx?id=2995067&use=l&cat=p&typeid=i","cat":316009},{"id":194075,"n":"Jambon Le Bon Paris Herta -25%  de sel sans nitrite x4 - 140g","p":2.59,"u":"18,50 €/KG","img":"https://fd9-photos.leclercdrive.fr/image.ashx?id=2910124&use=l&cat=p&typeid=i","cat":316009},{"id":194078,"n":"Jambon Le Bon Paris Herta Fumé x4 - 140g","p":2.47,"u":"17,64 €/KG","img":"https://fd9-photos.leclercdrive.fr/image.ashx?id=2918664&use=l&cat=p&typeid=i","cat":316009},{"id":194080,"n":"Jambon Le Bon Paris Herta  broche sans nitrite x4 - 140g","p":3.27,"u":"23,36 €/KG","img":"https://fd9-photos.leclercdrive.fr/image.ashx?id=2881804&use=l&cat=p&typeid=i","cat":316009},{"id":194296,"n":"Bloc de fromage Leerdammer Le Moelleux - 250g","p":3.48,"u":"13,92 €/KG","img":"https://fd9-photos.leclercdrive.fr/image.ashx?id=2421606&use=l&cat=p&typeid=i","cat":314034},{"id":194297,"n":"Tranches de fromage Leerdammer L'Original - 8 Tranches - 200g","p":2.43,"u":"12,15 €/KG","img":"https://fd9-photos.leclercdrive.fr/image.ashx?id=2489199&use=l&cat=p&typeid=i","cat":314028},{"id":194298,"n":"Tranches de fromage Leerdammer L'Original - 16 Tranches - 400g","p":4.61,"u":"11,53 €/KG","img":"https://fd9-photos.leclercdrive.fr/image.ashx?id=2489196&use=l&cat=p&typeid=i","cat":314028},{"id":194299,"n":"Tranches de fromage Leerdammer Le Moelleux-10 Tranches-250g","p":3.83,"u":"15,32 €/KG","img":"https://fd9-photos.leclercdrive.fr/image.ashx?id=2507599&use=l&cat=p&typeid=i","cat":314028},{"id":194302,"n":"Tranches de fromage Leerdammer Le Moelleux - 6 Tranches - 150g","p":2.51,"u":"16,73 €/KG","img":"https://fd9-photos.leclercdrive.fr/image.ashx?id=2507590&use=l&cat=p&typeid=i","cat":314028},{"id":194699,"n":"Lait Corps Nourissant Mixa Effet Soleil - 250ml","p":4.23,"u":"16,92 €/L","img":"https://fd9-photos.leclercdrive.fr/image.ashx?id=2409379&use=l&cat=p&typeid=i","cat":325349},{"id":195919,"n":"Jambon Le Bon Paris Herta  sans nitrite x2 - 70g","p":1.82,"u":"26,00 €/KG","img":"https://fd9-photos.leclercdrive.fr/image.ashx?id=2413531&use=l&cat=p&typeid=i","cat":316009},{"id":195922,"n":"Jambon Le Bon Paris Herta sans nitrite  x4 - 140g","p":2.3,"u":"16,43 €/KG","img":"https://fd9-photos.leclercdrive.fr/image.ashx?id=2535135&use=l&cat=p&typeid=i","cat":316009},{"id":195960,"n":"Coton-tiges bébé Mots d'Enfants Bio - x60","p":0.65,"u":"0,01 €/P","img":"https://fd9-photos.leclercdrive.fr/image.ashx?id=3015129&use=l&cat=p&typeid=i","cat":284739},{"id":195972,"n":"Mascara L'Oréal Paris  Pro XXL effet rehaussement cils","p":15.9,"img":"https://fd9-photos.leclercdrive.fr/image.ashx?id=2412837&use=l&cat=p&typeid=i","cat":287029},{"id":195981,"n":"Liquide vaisselle Excel Paic Anti-odeur actif à froid -500ml","p":2.09,"u":"4,18 €/L","img":"https://fd9-photos.leclercdrive.fr/image.ashx?id=2413176&use=l&cat=p&typeid=i","cat":284655},{"id":195983,"n":"Liquide vaisselle Excel Paic Dégraissant actif à froid 500ml","p":1.92,"u":"3,84 €/L","img":"https://fd9-photos.leclercdrive.fr/image.ashx?id=2413182&use=l&cat=p&typeid=i","cat":284655},{"id":195985,"n":"Mascara Volume L'Oréal Paris Pro Xxl Effet Faux Cils","p":12.0,"img":"https://fd9-photos.leclercdrive.fr/image.ashx?id=2412840&use=l&cat=p&typeid=i","cat":287029},{"id":196114,"n":"Jambon Le Bon Paris Herta À l'étouffé x8 - 280g","p":4.53,"u":"16,18 €/KG","img":"https://fd9-photos.leclercdrive.fr/image.ashx?id=2795036&use=l&cat=p&typeid=i","cat":316009},{"id":196116,"n":"Jambon Le Bon Paris Herta  -25% Sel x6 - 210g","p":2.78,"u":"13,24 €/KG","img":"https://fd9-photos.leclercdrive.fr/image.ashx?id=2707750&use=l&cat=p&typeid=i","cat":316009},{"id":196117,"n":"Jambon Le Bon Paris Herta -25% de sel x2 - 70g","p":2.02,"u":"28,86 €/KG","img":"https://fd9-photos.leclercdrive.fr/image.ashx?id=2414109&use=l&cat=p&typeid=i","cat":316009},{"id":196118,"n":"Jambon Le Bon Paris Herta -25% de sel -x6 - 210g","p":3.84,"u":"18,29 €/KG","img":"https://fd9-photos.leclercdrive.fr/image.ashx?id=2414112&use=l&cat=p&typeid=i","cat":316009},{"id":196179,"n":"Brioches Pitch pâte à tartiner x7 - 262g","p":2.91,"u":"11,11 €/KG","img":"https://fd9-photos.leclercdrive.fr/image.ashx?id=2454097&use=l&cat=p&typeid=i","cat":293505},{"id":196241,"n":"Jambon supérieur Eco+ Sans couenne 4 tranches - 160g","p":1.4,"u":"8,75 €/KG","img":"https://fd9-photos.leclercdrive.fr/image.ashx?id=2744407&use=l&cat=p&typeid=i","cat":316009},{"id":196266,"n":"Mousse à Raser 0% Alcool Mennen Peaux sensibles - 250ml","p":2.25,"u":"9,00 €/L","img":"https://fd9-photos.leclercdrive.fr/image.ashx?id=2661733&use=l&cat=p&typeid=i","cat":284617},{"id":196267,"n":"Mousse à Raser 0% Alcool Mennen Hypoallergénique - 250ml","p":2.25,"u":"9,00 €/L","img":"https://fd9-photos.leclercdrive.fr/image.ashx?id=2661736&use=l&cat=p&typeid=i","cat":284617},{"id":196271,"n":"Nettoyant Ménager Cif Crème à Récurer 750 ml","p":1.79,"u":"2,39 €/L","img":"https://fd9-photos.leclercdrive.fr/image.ashx?id=2752513&use=l&cat=p&typeid=i","cat":325357},{"id":196278,"n":"Crème à récurer CIF Citron CleanBoost 101 Usages 750ml","p":2.49,"u":"3,32 €/L","img":"https://fd9-photos.leclercdrive.fr/image.ashx?id=2948540&use=l&cat=p&typeid=i","cat":325357},{"id":196319,"n":"Jambon supérieur Eco+ Avec couenne 4 tranches - 160g","p":1.45,"u":"9,06 €/KG","img":"https://fd9-photos.leclercdrive.fr/image.ashx?id=2706550&use=l&cat=p&typeid=i","cat":316009},{"id":196365,"n":"Assortiment Etoile Delacre Biscuits & chocolats 150g","p":4.57,"u":"30,47 €/KG","img":"https://fd9-photos.leclercdrive.fr/image.ashx?id=2939292&use=l&cat=p&typeid=i","cat":284490},{"id":196372,"n":"Boîte de chocolats Kinder Happy Moments - 231g","p":4.47,"u":"19,35 €/KG","img":"https://fd9-photos.leclercdrive.fr/image.ashx?id=3011899&use=l&cat=p&typeid=i","cat":327592},{"id":196374,"n":"Bueno eggs kinder Chocolat - 140g","p":5.47,"u":"39,07 €/KG","img":"https://fd9-photos.leclercdrive.fr/image.ashx?id=2764353&use=l&cat=p&typeid=i","cat":327592},{"id":196376,"n":"Mix boite sélection  Kinder Chocolat - 174g","p":6.77,"u":"38,91 €/KG","img":"https://fd9-photos.leclercdrive.fr/image.ashx?id=2799656&use=l&cat=p&typeid=i","cat":327592},{"id":196378,"n":"Boîte chocolats Ferrero Rocher x16 pralines - 200g","p":5.57,"u":"27,85 €/KG","img":"https://fd9-photos.leclercdrive.fr/image.ashx?id=2963841&use=l&cat=p&typeid=i","cat":327600},{"id":196379,"n":"Boîte chocolats Ferrero Rocher x30 pralines - 375g","p":8.76,"u":"23,36 €/KG","img":"https://fd9-photos.leclercdrive.fr/image.ashx?id=2938091&use=l&cat=p&typeid=i","cat":327600},{"id":196431,"n":"Beurre Nature de Breton  Demi-sel - 80% MG - 250g","p":2.54,"u":"10,16 €/KG","img":"https://fd9-photos.leclercdrive.fr/image.ashx?id=2872042&use=l&cat=p&typeid=i","cat":284379},{"id":196439,"n":"Beurre Nature de Breton Doux - 82% MG - 250g","p":2.46,"u":"9,84 €/KG","img":"https://fd9-photos.leclercdrive.fr/image.ashx?id=2872039&use=l&cat=p&typeid=i","cat":284379},{"id":196452,"n":"Authentique Revillon  Pralinés - 360g","p":9.77,"u":"27,14 €/KG","img":"https://fd9-photos.leclercdrive.fr/image.ashx?id=2662000&use=l&cat=p&typeid=i","cat":327597},{"id":196454,"n":"Authentique Revillon  Noir - 360g","p":8.77,"u":"24,36 €/KG","img":"https://fd9-photos.leclercdrive.fr/image.ashx?id=2661997&use=l&cat=p&typeid=i","cat":327597},{"id":196488,"n":"Authentique Revillon Chocolat  Lait Voie Lactée - 360g","p":7.3,"u":"20,28 €/KG","img":"https://fd9-photos.leclercdrive.fr/image.ashx?id=2662116&use=l&cat=p&typeid=i","cat":327597},{"id":196526,"n":"Papillotes Révillon Pâtes de   fruits de nos région - 370g","p":11.57,"u":"31,27 €/KG","img":"https://fd9-photos.leclercdrive.fr/image.ashx?id=2662122&use=l&cat=p&typeid=i","cat":327597},{"id":196527,"n":"Papillotes Révillon Pâtes  d'Amandes Noir et Lait - 370g","p":11.57,"u":"31,27 €/KG","img":"https://fd9-photos.leclercdrive.fr/image.ashx?id=2661208&use=l&cat=p&typeid=i","cat":327597},{"id":196566,"n":"Fromage de Chèvre Chavroux Frais Nature - 150g","p":1.95,"u":"13,00 €/KG","img":"https://fd9-photos.leclercdrive.fr/image.ashx?id=2912161&use=l&cat=p&typeid=i","cat":314031},{"id":196800,"n":"Lait de croissance Picot 3ème âge - 850g","p":12.17,"u":"14,32 €/KG","img":"https://fd9-photos.leclercdrive.fr/image.ashx?id=2925427&use=l&cat=p&typeid=i","cat":290219},{"id":196820,"n":"Sucre Vanillé Sainte Lucie  Bourbon - x5","p":2.19,"u":"57,63 €/KG","img":"https://fd9-photos.leclercdrive.fr/image.ashx?id=2421132&use=l&cat=p&typeid=i","cat":284504},{"id":196824,"n":"Palets Sainte Lucie Chocolat noir - 125g","p":3.24,"u":"25,92 €/KG","img":"https://fd9-photos.leclercdrive.fr/image.ashx?id=2421141&use=l&cat=p&typeid=i","cat":284504},{"id":196831,"n":"Mélange d'herbes Sainte Lucie Saveur du potager - 22g","p":3.61,"u":"164,09 €/KG","img":"https://fd9-photos.leclercdrive.fr/image.ashx?id=2421150&use=l&cat=p&typeid=i","cat":298297},{"id":196965,"n":"Liqueur de menthe Get 27 17,9° - 70cl","p":11.83,"u":"16,90 €/L","img":"https://fd9-photos.leclercdrive.fr/image.ashx?id=2835565&use=l&cat=p&typeid=i","cat":286032},{"id":197161,"n":"Traîneau chocolat oeuf Kinder Jaune - 75g","p":3.47,"u":"46,27 €/KG","img":"https://fd9-photos.leclercdrive.fr/image.ashx?id=2426809&use=l&cat=p&typeid=i","cat":327592},{"id":197163,"n":"Traîneau chocolat œuf Kinder Blanc - 75g","p":3.47,"u":"46,27 €/KG","img":"https://fd9-photos.leclercdrive.fr/image.ashx?id=2426812&use=l&cat=p&typeid=i","cat":327592},{"id":197164,"n":"Traîneau chocolat œuf Kinder Vert - 75g","p":3.47,"u":"46,27 €/KG","img":"https://fd9-photos.leclercdrive.fr/image.ashx?id=2426815&use=l&cat=p&typeid=i","cat":327592},{"id":197174,"n":"Colle Super glue 3 Loctite Power gel - 3x1g","p":4.47,"u":"1,49 €/P","img":"https://fd9-photos.leclercdrive.fr/image.ashx?id=2425682&use=l&cat=p&typeid=i","cat":300576},{"id":197241,"n":"Oranges à jus Panier du Primeur Filet 2kg","p":3.39,"u":"1,70 €/KG","img":"https://fd9-photos.leclercdrive.fr/image.ashx?id=2414570&use=l&cat=p&typeid=i","cat":284356},{"id":197247,"n":"Oranges à déguster Panier du Primeur Filet 2kg","p":3.19,"u":"1,60 €/KG","img":"https://fd9-photos.leclercdrive.fr/image.ashx?id=2414567&use=l&cat=p&typeid=i","cat":284356},{"id":197351,"n":"Yaourt ferments lactiques Alsa Onctueux 4 sachets - 8g","p":2.91,"u":"363,75 €/KG","img":"https://fd9-photos.leclercdrive.fr/image.ashx?id=2999832&use=l&cat=p&typeid=i","cat":284505},{"id":197625,"n":"Tablette de chocolat noir Lindt 3x100g","p":4.33,"u":"14,43 €/KG","img":"https://fd9-photos.leclercdrive.fr/image.ashx?id=2721422&use=l&cat=p&typeid=i","cat":284956},{"id":197628,"n":"Gousse de vanille Sainte-Lucie Papouasie x1","p":2.9,"img":"https://fd9-photos.leclercdrive.fr/image.ashx?id=2427967&use=l&cat=p&typeid=i","cat":284504},{"id":197635,"n":"Ail de France Sainte Lucie 55g","p":3.59,"u":"65,27 €/KG","img":"https://fd9-photos.leclercdrive.fr/image.ashx?id=2427970&use=l&cat=p&typeid=i","cat":298297},{"id":197637,"n":"Sainte Lucie Persillade Provençale - 19g","p":1.83,"u":"96,32 €/KG","img":"https://fd9-photos.leclercdrive.fr/image.ashx?id=2427973&use=l&cat=p&typeid=i","cat":298297},{"id":197638,"n":"Coriandre poudre Sainte Lucie 30g","p":2.14,"u":"71,33 €/KG","img":"https://fd9-photos.leclercdrive.fr/image.ashx?id=2435186&use=l&cat=p&typeid=i","cat":298297},{"id":197909,"n":"Chocolat Peluche mix Kinder Léopard - 133g","p":13.92,"u":"104,66 €/KG","img":"https://fd9-photos.leclercdrive.fr/image.ashx?id=2447850&use=l&cat=p&typeid=i","cat":327789},{"id":197910,"n":"Chocolat Peluche mix Kinder Tigre - 133g","p":13.92,"u":"104,66 €/KG","img":"https://fd9-photos.leclercdrive.fr/image.ashx?id=2447853&use=l&cat=p&typeid=i","cat":327789},{"id":197930,"n":"Kiwi jaune Panier du Primeur x4","p":3.49,"u":"0,87 €/P","img":"https://fd9-photos.leclercdrive.fr/image.ashx?id=2928303&use=l&cat=p&typeid=i","cat":284356},{"id":198338,"n":"Confiture Douceur du Verger Fraise intense - 320 g","p":1.42,"u":"4,44 €/KG","img":"https://fd9-photos.leclercdrive.fr/image.ashx?id=2965605&use=l&cat=p&typeid=i","cat":284480},{"id":198348,"n":"Confiture Douceur du Verger Abricot intense - 320 g","p":1.42,"u":"4,44 €/KG","img":"https://fd9-photos.leclercdrive.fr/image.ashx?id=2965608&use=l&cat=p&typeid=i","cat":284480},{"id":198522,"n":"Haricots vert Bio Village Bio - 180g","p":1.99,"u":"11,06 €/KG","img":"https://fd9-photos.leclercdrive.fr/image.ashx?id=3002713&use=l&cat=p&typeid=i","cat":312606},{"id":198528,"n":"Bouillon Cube Bio Maggi Volaille dégraissé - 80g","p":1.86,"u":"23,25 €/KG","img":"https://fd9-photos.leclercdrive.fr/image.ashx?id=2435722&use=l&cat=p&typeid=i","cat":288379},{"id":198558,"n":"Cranberries Sainte Lucie 125g","p":2.59,"u":"20,72 €/KG","img":"https://fd9-photos.leclercdrive.fr/image.ashx?id=2435914&use=l&cat=p&typeid=i","cat":284504},{"id":198623,"n":"Capsules Nescafé Dolce Gusto  Double Espresso - x16","p":4.61,"u":"33,90 €/KG","img":"https://fd9-photos.leclercdrive.fr/image.ashx?id=2687245&use=l&cat=p&typeid=i","cat":293239},{"id":198794,"n":"Protège-slips Doulys Ultra-mince Long - x30","p":1.25,"u":"0,04 €/P","img":"https://fd9-photos.leclercdrive.fr/image.ashx?id=2882343&use=l&cat=p&typeid=i","cat":284625},{"id":198797,"n":"Rasoir Venus Gillette Satin Care 2 lames - x1","p":14.96,"img":"https://fd9-photos.leclercdrive.fr/image.ashx?id=2498542&use=l&cat=p&typeid=i","cat":325352},{"id":198799,"n":"Lames de rasoir Venus Gillette Satin care - x4","p":18.6,"u":"4,65 €/P","img":"https://fd9-photos.leclercdrive.fr/image.ashx?id=2466784&use=l&cat=p&typeid=i","cat":325352},{"id":198865,"n":"Lames de rasoir Gillette Fusion 5 - x6","p":21.32,"u":"3,55 €/P","img":"https://fd9-photos.leclercdrive.fr/image.ashx?id=2507095&use=l&cat=p&typeid=i","cat":284616},{"id":198866,"n":"Rasoir Gillette Fusion5  x1 manche + 3 lames","p":18.36,"img":"https://fd9-photos.leclercdrive.fr/image.ashx?id=2507098&use=l&cat=p&typeid=i","cat":284616},{"id":198871,"n":"Rasoir Gillette Proglides 2 lames - x1","p":17.18,"img":"https://fd9-photos.leclercdrive.fr/image.ashx?id=2689094&use=l&cat=p&typeid=i","cat":284616},{"id":198878,"n":"Rasoir skinguard Gillette Sensitive - 2 lames - x1","p":17.06,"img":"https://fd9-photos.leclercdrive.fr/image.ashx?id=2507104&use=l&cat=p&typeid=i","cat":284616},{"id":198917,"n":"Lames de rasoir Gillette Fusion 5 - x8","p":31.7,"img":"https://fd9-photos.leclercdrive.fr/image.ashx?id=2530425&use=l&cat=p&typeid=i","cat":284616},{"id":198924,"n":"Gel à raser GilletteLabs Skin Care - 198ml","p":6.0,"u":"30,30 €/MT","img":"https://fd9-photos.leclercdrive.fr/image.ashx?id=2955215&use=l&cat=p&typeid=i","cat":284617},{"id":198951,"n":"Rasoir GilletteLabs Barre exfoliante - 3 lames - x1","p":32.3,"img":"https://fd9-photos.leclercdrive.fr/image.ashx?id=2437011&use=l&cat=p&typeid=i","cat":284616},{"id":198959,"n":"Gel désodorisant Uni vert Lavande Eucalyptus","p":1.39,"img":"https://fd9-photos.leclercdrive.fr/image.ashx?id=2478934&use=l&cat=p&typeid=i","cat":311628},{"id":199097,"n":"Chocolat Père Noel Kinder 160g","p":5.37,"u":"33,56 €/KG","img":"https://fd9-photos.leclercdrive.fr/image.ashx?id=2764308&use=l&cat=p&typeid=i","cat":327592},{"id":199134,"n":"Moulage chocolat Kinder Père Noel - 110g","p":3.67,"u":"33,36 €/KG","img":"https://fd9-photos.leclercdrive.fr/image.ashx?id=2438108&use=l&cat=p&typeid=i","cat":327592},{"id":199267,"n":"Bûche glacée Pilpa Douceur Citron Meringue 464g","p":5.27,"u":"11,36 €/KG","img":"https://fd9-photos.leclercdrive.fr/image.ashx?id=2751030&use=l&cat=p&typeid=i","cat":284266},{"id":199279,"n":"Bûche sorbet L'Angelys Fruits rouges - 330g","p":9.77,"u":"29,61 €/KG","img":"https://fd9-photos.leclercdrive.fr/image.ashx?id=2950429&use=l&cat=p&typeid=i","cat":284266},{"id":199304,"n":"Kiwi jaune Panier du Primeur x4","p":3.49,"u":"0,87 €/P","img":"https://fd9-photos.leclercdrive.fr/image.ashx?id=2928303&use=l&cat=p&typeid=i","cat":284356},{"id":199512,"n":"Cervelas Herta Sans nitrite - 200g","p":2.79,"u":"13,95 €/KG","img":"https://fd9-photos.leclercdrive.fr/image.ashx?id=2443832&use=l&cat=p&typeid=i","cat":316012},{"id":199552,"n":"Dentifrice Elmex Anti-caries Original - 75ml","p":4.38,"u":"58,40 €/L","img":"https://fd9-photos.leclercdrive.fr/image.ashx?id=2852181&use=l&cat=p&typeid=i","cat":284612},{"id":199553,"n":"Dentifrice Elmex Sensitive Original - 75ml","p":4.28,"u":"57,07 €/L","img":"https://fd9-photos.leclercdrive.fr/image.ashx?id=2738404&use=l&cat=p&typeid=i","cat":284612},{"id":199554,"n":"Dentifrice Elmex Sensitive  Haleine fraîche - 75ml","p":3.82,"u":"50,93 €/L","img":"https://fd9-photos.leclercdrive.fr/image.ashx?id=2738407&use=l&cat=p&typeid=i","cat":284612},{"id":199557,"n":"Dentifrice Elmex Anti-caries Haleine fraîche - 75 ml","p":3.98,"u":"53,07 €/MT","img":"https://fd9-photos.leclercdrive.fr/image.ashx?id=2738419&use=l&cat=p&typeid=i","cat":284612},{"id":199559,"n":"Dentifrice Elmex Sensitive  Blancheur douce - 2x75ml","p":8.68,"u":"57,87 €/MT","img":"https://fd9-photos.leclercdrive.fr/image.ashx?id=2738425&use=l&cat=p&typeid=i","cat":284612},{"id":199598,"n":"Désodorisant diffuseur Airwick  Active Fresh Vanille - 228ml","p":7.68,"u":"Dont 0,02 € d'éco-part.","img":"https://fd9-photos.leclercdrive.fr/image.ashx?id=2864672&use=l&cat=p&typeid=i","cat":311629},{"id":199655,"n":"Bûchettes Délices Pilpa Vanille Fruits  x6 - 351g","p":3.23,"u":"9,20 €/KG","img":"https://fd9-photos.leclercdrive.fr/image.ashx?id=2444060&use=l&cat=p&typeid=i","cat":284266},{"id":199657,"n":"Jambon cru Aoste 6 tranches + 3 offertes - 150g","p":3.34,"u":"22,27 €/KG","img":"https://fd9-photos.leclercdrive.fr/image.ashx?id=2442659&use=l&cat=p&typeid=i","cat":316007},{"id":200175,"n":"Plat bébé soir Blédiner 15 mois Pâtes légumes - 200g","p":2.57,"u":"12,85 €/KG","img":"https://fd9-photos.leclercdrive.fr/image.ashx?id=2866295&use=l&cat=p&typeid=i","cat":312239},{"id":200263,"n":"Fromage Boursault  Extra Crèmeux - 200g","p":3.48,"u":"17,40 €/KG","img":"https://fd9-photos.leclercdrive.fr/image.ashx?id=2446458&use=l&cat=p&typeid=i","cat":329558},{"id":200322,"n":"Foie gras de canard à la truffe L'ODG Entier mi cuit - 150g","p":20.95,"u":"139,67 €/KG","img":"https://fd9-photos.leclercdrive.fr/image.ashx?id=2452708&use=l&cat=p&typeid=i","cat":316008},{"id":200384,"n":"Grande flute Eco+ Fromage - 150g","p":1.39,"u":"9,27 €/KG","img":"https://fd9-photos.leclercdrive.fr/image.ashx?id=2681461&use=l&cat=p&typeid=i","cat":297000},{"id":200648,"n":"Escargot de Bourgogne surgelé L'origine du goût x12 - 110g","p":6.99,"u":"63,55 €/KG","img":"https://fd9-photos.leclercdrive.fr/image.ashx?id=2809885&use=l&cat=p&typeid=i","cat":319775},{"id":200649,"n":"Saumon fumé d'Écosse L'Origine du Goût x2 - 70g","p":4.55,"u":"65,00 €/KG","img":"https://fd9-photos.leclercdrive.fr/image.ashx?id=2820454&use=l&cat=p&typeid=i","cat":285188},{"id":200763,"n":"Gel lavant hydratant Sanytol Aloe vera Bio - 250ml","p":2.54,"u":"10,16 €/L","img":"https://fd9-photos.leclercdrive.fr/image.ashx?id=2905273&use=l&cat=p&typeid=i","cat":284597},{"id":200779,"n":"Nettoyant sol Vigor Désincrustant intense - 1L","p":3.18,"u":"3,18 €/L","img":"https://fd9-photos.leclercdrive.fr/image.ashx?id=2736160&use=l&cat=p&typeid=i","cat":284907},{"id":200938,"n":"Langue de boeuf Larzul Sauce moutarde 410g","p":7.95,"u":"19,39 €/KG","img":"https://fd9-photos.leclercdrive.fr/image.ashx?id=2670731&use=l&cat=p&typeid=i","cat":284441},{"id":200943,"n":"Langue de boeuf Larzul Sauce tomate 410g","p":7.95,"u":"19,39 €/KG","img":"https://fd9-photos.leclercdrive.fr/image.ashx?id=2453412&use=l&cat=p&typeid=i","cat":284441},{"id":200962,"n":"Bloc foie gras canard mi-cuit Maistres Occitans - 1kg","p":32.39,"u":"32,39 €/KG","img":"https://fd9-photos.leclercdrive.fr/image.ashx?id=2497406&use=l&cat=p&typeid=i","cat":305148},{"id":201017,"n":"Crêpes dentelles Bretagne NRT 120g","p":1.72,"u":"14,33 €/KG","img":"https://fd9-photos.leclercdrive.fr/image.ashx?id=2909434&use=l&cat=p&typeid=i","cat":284487},{"id":201107,"n":"Café dosettes Tassimo Café au Lait x21","p":5.33,"u":"22,02 €/KG","img":"https://fd9-photos.leclercdrive.fr/image.ashx?id=2457605&use=l&cat=p&typeid=i","cat":293240},{"id":201193,"n":"Boisson fermentée désalcoolisée Rosé - à base de raisin - 75cl","p":3.28,"u":"4,37 €/L","img":"https://fd9-photos.leclercdrive.fr/image.ashx?id=2477667&use=l&cat=p&typeid=i","cat":284549},{"id":201298,"n":"Fromage enfant La Vache qui rit Original 12P à tartiner - 192g","p":2.47,"u":"12,86 €/KG","img":"https://fd9-photos.leclercdrive.fr/image.ashx?id=2945442&use=l&cat=p&typeid=i","cat":314030},{"id":201300,"n":"Fromage enfant La Vache qui rit Original 32P à tartiner - 512g","p":4.75,"u":"9,28 €/KG","img":"https://fd9-photos.leclercdrive.fr/image.ashx?id=2945448&use=l&cat=p&typeid=i","cat":314030},{"id":201459,"n":"Haricot vert Notre Jardin Beurre - 280g","p":2.39,"u":"8,54 €/KG","img":"https://fd9-photos.leclercdrive.fr/image.ashx?id=3002650&use=l&cat=p&typeid=i","cat":312606},{"id":201461,"n":"Terrine de campagne bio Piment d’Espelette - 180g","p":2.99,"u":"16,61 €/KG","img":"https://fd9-photos.leclercdrive.fr/image.ashx?id=2460421&use=l&cat=p&typeid=i","cat":305149},{"id":201688,"n":"Beurre plaquette Eco+ Doux - 60% MG  - 200g","p":1.45,"u":"7,25 €/KG","img":"https://fd9-photos.leclercdrive.fr/image.ashx?id=2794187&use=l&cat=p&typeid=i","cat":284379},{"id":201689,"n":"Café capsules Plantation Lungo -","p":5.15,"u":"33,01 €/KG","img":"https://fd9-photos.leclercdrive.fr/image.ashx?id=2860085&use=l&cat=p&typeid=i","cat":284749},{"id":201690,"n":"Beurre plaquette Eco+ Demi-sel - 60% MG - 200g","p":1.47,"u":"7,35 €/KG","img":"https://fd9-photos.leclercdrive.fr/image.ashx?id=2794184&use=l&cat=p&typeid=i","cat":284379},{"id":201692,"n":"Frites Crousti Express Findus Micro-ondes Allumette 2x100g","p":1.72,"u":"8,60 €/KG","img":"https://fd9-photos.leclercdrive.fr/image.ashx?id=2648274&use=l&cat=p&typeid=i","cat":319791},{"id":201693,"n":"Frites Crousti Express Findus Micro-ondes Classique 2x100g","p":1.62,"u":"8,10 €/KG","img":"https://fd9-photos.leclercdrive.fr/image.ashx?id=2648271&use=l&cat=p&typeid=i","cat":319791},{"id":201702,"n":"Bière Leffe Ruby 5% - 6x25cl","p":5.28,"u":"3,52 €/L","img":"https://fd9-photos.leclercdrive.fr/image.ashx?id=2811581&use=l&cat=p&typeid=i","cat":334878},{"id":201706,"n":"Bière Leffe Ruby 5% - 12x25cl","p":9.47,"u":"3,16 €/L","img":"https://fd9-photos.leclercdrive.fr/image.ashx?id=2813008&use=l&cat=p&typeid=i","cat":334878},{"id":201747,"n":"Thé vert Lipton Fleur d'oranger - x20 - 30g","p":2.43,"u":"81,00 €/KG","img":"https://fd9-photos.leclercdrive.fr/image.ashx?id=2463398&use=l&cat=p&typeid=i","cat":293233},{"id":201772,"n":"Dentifrice Elmex Sensitive Blancheur douce - 75ml","p":4.58,"u":"61,07 €/L","img":"https://fd9-photos.leclercdrive.fr/image.ashx?id=2721187&use=l&cat=p&typeid=i","cat":284612},{"id":201774,"n":"Sous-vêtements nuit DryNites® Garçons 4-7 ans (17-30 kg) x16","p":12.38,"u":"0,77 €/P","img":"https://fd9-photos.leclercdrive.fr/image.ashx?id=2844727&use=l&cat=p&typeid=i","cat":290633},{"id":201776,"n":"Sous-vêtements nuit DryNites® Filles 8-13 ans (30-48 kg) x13","p":11.85,"u":"0,91 €/P","img":"https://fd9-photos.leclercdrive.fr/image.ashx?id=2844736&use=l&cat=p&typeid=i","cat":290633},{"id":201790,"n":"Sachet repas chat Purina One Chats difficiles 4x85g","p":3.17,"u":"9,32 €/KG","img":"https://fd9-photos.leclercdrive.fr/image.ashx?id=2477868&use=l&cat=p&typeid=i","cat":285286},{"id":201791,"n":"Soupe en sachets chat Felix Sélection de poissons - 6x48g","p":1.97,"u":"6,84 €/KG","img":"https://fd9-photos.leclercdrive.fr/image.ashx?id=2887251&use=l&cat=p&typeid=i","cat":285286},{"id":201792,"n":"Mousseline Purina Gourmet Thon nappé de sauce - 4x57g","p":2.79,"u":"12,24 €/KG","img":"https://fd9-photos.leclercdrive.fr/image.ashx?id=2899722&use=l&cat=p&typeid=i","cat":285601},{"id":201835,"n":"Pizza Crousti Moelleuse Marie Royale - 500g","p":4.63,"u":"9,26 €/KG","img":"https://fd9-photos.leclercdrive.fr/image.ashx?id=2996704&use=l&cat=p&typeid=i","cat":284256},{"id":201837,"n":"Protège-slips Doulys Ultra-mince normal - x45","p":0.87,"u":"0,02 €/P","img":"https://fd9-photos.leclercdrive.fr/image.ashx?id=2849590&use=l&cat=p&typeid=i","cat":284625},{"id":201915,"n":"Protège-slips Doulys Slip ou string - x45","p":1.61,"u":"0,04 €/P","img":"https://fd9-photos.leclercdrive.fr/image.ashx?id=3006178&use=l&cat=p&typeid=i","cat":284625},{"id":201934,"n":"Protège-slips Vania Confort Fresh - x56","p":2.43,"img":"https://fd9-photos.leclercdrive.fr/image.ashx?id=2735227&use=l&cat=p&typeid=i","cat":284625},{"id":201935,"n":"Protège-slips Confort Vania  Sans parfum - x56","p":2.37,"u":"0,04 €/P","img":"https://fd9-photos.leclercdrive.fr/image.ashx?id=2735230&use=l&cat=p&typeid=i","cat":284625},{"id":201945,"n":"Gel Douche Le Petit Marseillais  Lait de vanille - 250ml","p":1.55,"u":"6,20 €/L","img":"https://fd9-photos.leclercdrive.fr/image.ashx?id=2676096&use=l&cat=p&typeid=i","cat":284594},{"id":201946,"n":"Gel Douche Le Petit Marseillais Lait de vanille - 650 ml","p":2.94,"u":"4,52 €/L","img":"https://fd9-photos.leclercdrive.fr/image.ashx?id=2674794&use=l&cat=p&typeid=i","cat":284594},{"id":201947,"n":"Gel Douche Le Petit Marseillais Fleur de cerisie - 650ml","p":3.22,"u":"4,95 €/L","img":"https://fd9-photos.leclercdrive.fr/image.ashx?id=2676099&use=l&cat=p&typeid=i","cat":284594},{"id":201948,"n":"Gel Douche Le Petit Marseillais Abricot et noisette - 650ml","p":3.22,"u":"4,95 €/MT","img":"https://fd9-photos.leclercdrive.fr/image.ashx?id=2676102&use=l&cat=p&typeid=i","cat":284594},{"id":201949,"n":"Gel Douche Le Petit Marseillais Fleur d'oranger - 250ml","p":1.58,"u":"6,32 €/MT","img":"https://fd9-photos.leclercdrive.fr/image.ashx?id=2963397&use=l&cat=p&typeid=i","cat":284594},{"id":201950,"n":"Gel Douche Le Petit Marseillais Amande douce - 250ml","p":1.57,"u":"6,28 €/MT","img":"https://fd9-photos.leclercdrive.fr/image.ashx?id=2946592&use=l&cat=p&typeid=i","cat":284594},{"id":201951,"n":"Gel Douche Le Petit Marseillais Lait - 250ml","p":1.57,"u":"6,28 €/MT","img":"https://fd9-photos.leclercdrive.fr/image.ashx?id=2676108&use=l&cat=p&typeid=i","cat":284594},{"id":201952,"n":"Gel Douche Le Petit Marseillais Lait - 650ml","p":3.22,"u":"4,95 €/L","img":"https://fd9-photos.leclercdrive.fr/image.ashx?id=2676111&use=l&cat=p&typeid=i","cat":284594},{"id":201953,"n":"Gel Douche Le Petit Marseillais Pêche nectarine - 250ml","p":1.57,"u":"6,28 €/L","img":"https://fd9-photos.leclercdrive.fr/image.ashx?id=2938761&use=l&cat=p&typeid=i","cat":284594},{"id":201954,"n":"Gel Douche Le Petit Marseillais  Peche nectarine - 650ml","p":2.66,"u":"4,09 €/L","img":"https://fd9-photos.leclercdrive.fr/image.ashx?id=2676114&use=l&cat=p&typeid=i","cat":284594},{"id":201955,"n":"Gel Douche Le Petit Marseillais Olivier Tillieul - 650ml","p":3.78,"u":"5,82 €/MT","img":"https://fd9-photos.leclercdrive.fr/image.ashx?id=2676117&use=l&cat=p&typeid=i","cat":284594},{"id":201956,"n":"Gel Douche Le Petit Marseillais Verveine citron - 250ml","p":1.57,"u":"6,28 €/MT","img":"https://fd9-photos.leclercdrive.fr/image.ashx?id=2941769&use=l&cat=p&typeid=i","cat":284594},{"id":201957,"n":"Gel douche pamplemousse orange  Le Petit marseillais - 650ml","p":2.94,"u":"4,52 €/L","img":"https://fd9-photos.leclercdrive.fr/image.ashx?id=2676123&use=l&cat=p&typeid=i","cat":284594},{"id":201967,"n":"Bière blonde Corona 12x33cl","p":15.15,"u":"3,83 €/L","img":"https://fd9-photos.leclercdrive.fr/image.ashx?id=2544521&use=l&cat=p&typeid=i","cat":334873},{"id":201968,"n":"Bière blonde Corona Extra 4,5% - 6x33cl","p":8.38,"u":"4,23 €/L","img":"https://fd9-photos.leclercdrive.fr/image.ashx?id=2865452&use=l&cat=p&typeid=i","cat":334873},{"id":202058,"n":"Salade riz et thon Menu Fraîcheur - 300g","p":1.75,"u":"5,83 €/KG","img":"https://fd9-photos.leclercdrive.fr/image.ashx?id=2646014&use=l&cat=p&typeid=i","cat":333657},{"id":202059,"n":"Salade pièmontaise poulet Menu Fraîcheur - 300g","p":2.29,"u":"7,63 €/KG","img":"https://fd9-photos.leclercdrive.fr/image.ashx?id=2646017&use=l&cat=p&typeid=i","cat":333657},{"id":202064,"n":"Fromage blanc nature Délisse 500g","p":1.29,"u":"2,58 €/KG","img":"https://fd9-photos.leclercdrive.fr/image.ashx?id=3012878&use=l&cat=p&typeid=i","cat":284409},{"id":202066,"n":"Fromage blanc nature Délisse 4x100g","p":0.97,"u":"2,43 €/KG","img":"https://fd9-photos.leclercdrive.fr/image.ashx?id=3012881&use=l&cat=p&typeid=i","cat":284409},{"id":202406,"n":"Pur jus d'orange Jardin Bio Bio - 75cl","p":3.45,"u":"4,60 €/L","img":"https://fd9-photos.leclercdrive.fr/image.ashx?id=2471865&use=l&cat=p&typeid=i","cat":284915},{"id":202544,"n":"Gel douche Le Petit Marseillais Grenade - 250ml","p":1.65,"u":"6,60 €/L","img":"https://fd9-photos.leclercdrive.fr/image.ashx?id=2685126&use=l&cat=p&typeid=i","cat":284594},{"id":202545,"n":"Gel douche Le Petit Marseillais Fleur de Tiare - 250ml","p":1.55,"u":"6,20 €/L","img":"https://fd9-photos.leclercdrive.fr/image.ashx?id=2676093&use=l&cat=p&typeid=i","cat":284594},{"id":202546,"n":"Gel douche Le Petit Marseillais Mandarine - 250ml","p":1.49,"u":"5,96 €/L","img":"https://fd9-photos.leclercdrive.fr/image.ashx?id=2684527&use=l&cat=p&typeid=i","cat":284594},{"id":202547,"n":"Gel douche Le Petit Marseillais Mangue Passion - 250ml","p":1.58,"u":"6,32 €/L","img":"https://fd9-photos.leclercdrive.fr/image.ashx?id=2685189&use=l&cat=p&typeid=i","cat":284594},{"id":202549,"n":"Gel douche Le Petit Marseillais Argan et Karité - 250ml","p":1.68,"u":"6,72 €/L","img":"https://fd9-photos.leclercdrive.fr/image.ashx?id=2684539&use=l&cat=p&typeid=i","cat":284594},{"id":202623,"n":"Lentilles blondes Eco  500g","p":0.89,"u":"1,78 €/KG","img":"https://fd9-photos.leclercdrive.fr/image.ashx?id=2630049&use=l&cat=p&typeid=i","cat":284430},{"id":202734,"n":"Oignon jaune bio Bio village 1kg","p":2.79,"u":"2,79 €/KG","img":"https://fd9-photos.leclercdrive.fr/image.ashx?id=2922451&use=l&cat=p&typeid=i","cat":284352},{"id":202870,"n":"Sucrines bicolores Panier du Primeur x3","p":1.29,"u":"0,43 €/P","img":"https://fd9-photos.leclercdrive.fr/image.ashx?id=2477544&use=l&cat=p&typeid=i","cat":284352},{"id":202879,"n":"Dos de cabillaud MSC Eco+ Sans peau et sans arête - 200g","p":4.97,"u":"24,85 €/KG","img":"https://fd9-photos.leclercdrive.fr/image.ashx?id=2714327&use=l&cat=p&typeid=i","cat":284342},{"id":202886,"n":"Déodorant Fresh Adidas 150ml","p":2.65,"u":"17,67 €/L","img":"https://fd9-photos.leclercdrive.fr/image.ashx?id=2475813&use=l&cat=p&typeid=i","cat":284618},{"id":202892,"n":"Filet de lieu noir Eco+ Sans peau et sans arête - 220g","p":2.97,"u":"13,50 €/KG","img":"https://fd9-photos.leclercdrive.fr/image.ashx?id=2966713&use=l&cat=p&typeid=i","cat":284342},{"id":202908,"n":"Skyr Yoplait  Nature 0%MG - 450G","p":2.24,"u":"4,98 €/KG","img":"https://fd9-photos.leclercdrive.fr/image.ashx?id=2884468&use=l&cat=p&typeid=i","cat":315000},{"id":202966,"n":"Plat individuel Pad thaï Garbit - 300g","p":3.43,"u":"11,43 €/KG","img":"https://fd9-photos.leclercdrive.fr/image.ashx?id=2901908&use=l&cat=p&typeid=i","cat":284953},{"id":203037,"n":"Shampooing Mixa Bébé  Très Doux - 300ml","p":2.38,"u":"7,93 €/L","img":"https://fd9-photos.leclercdrive.fr/image.ashx?id=2479321&use=l&cat=p&typeid=i","cat":284740},{"id":203041,"n":"Lait de toilette Mixa Bébé  Très Doux - 300ml","p":2.44,"u":"8,13 €/L","img":"https://fd9-photos.leclercdrive.fr/image.ashx?id=2479324&use=l&cat=p&typeid=i","cat":284741},{"id":203042,"n":"Gel Toilette Intime Extra Doux Intima Natural Hamamélis 200ml","p":3.08,"u":"15,40 €/L","img":"https://fd9-photos.leclercdrive.fr/image.ashx?id=2959871&use=l&cat=p&typeid=i","cat":284627},{"id":203043,"n":"Gel Toilette Intime Régulateur Intima Natural Cranberry 200ml","p":3.18,"u":"15,90 €/L","img":"https://fd9-photos.leclercdrive.fr/image.ashx?id=2959874&use=l&cat=p&typeid=i","cat":284627},{"id":203048,"n":"Aérosol désodorisant Glade Muguet - 300ml","p":2.5,"u":"8,33 €/L","img":"https://fd9-photos.leclercdrive.fr/image.ashx?id=2664211&use=l&cat=p&typeid=i","cat":311626},{"id":203049,"n":"Recharge Sense & Spray Glade Muguet - 18 ml","p":3.91,"u":"217,22 €/L","img":"https://fd9-photos.leclercdrive.fr/image.ashx?id=2634349&use=l&cat=p&typeid=i","cat":311629},{"id":203052,"n":"Recharge pour diffuseur Glade  Bois de Santal & Jasmin - 18ml","p":3.78,"u":"210,00 €/L","img":"https://fd9-photos.leclercdrive.fr/image.ashx?id=2634358&use=l&cat=p&typeid=i","cat":311629},{"id":203055,"n":"Diffuseur Automatic Spray Glade Sandalwood & Jasmine - 269 ml","p":9.4,"img":"https://fd9-photos.leclercdrive.fr/image.ashx?id=2866007&use=l&cat=p&typeid=i","cat":311629},{"id":203057,"n":"Recharge Touch & Fresh Glade Muguet - 10ml","p":3.36,"u":"336,00 €/L","img":"https://fd9-photos.leclercdrive.fr/image.ashx?id=2506612&use=l&cat=p&typeid=i","cat":311629},{"id":203059,"n":"Recharge Touch & Fresh Glade Sandalwood & Jasmine - 10 ml","p":3.21,"u":"321,00 €/L","img":"https://fd9-photos.leclercdrive.fr/image.ashx?id=2914744&use=l&cat=p&typeid=i","cat":311629},{"id":203062,"n":"Spray désodorisant Glade  Bois de Santal & Jasmin - 269ml","p":3.58,"u":"13,31 €/L","img":"https://fd9-photos.leclercdrive.fr/image.ashx?id=2864170&use=l&cat=p&typeid=i","cat":311629},{"id":203063,"n":"Gel désodorisant Glade  Longue durée - Muguet - x1","p":1.48,"img":"https://fd9-photos.leclercdrive.fr/image.ashx?id=2479429&use=l&cat=p&typeid=i","cat":311628},{"id":203116,"n":"Edulcorant Canderel x80 comprimés","p":1.85,"u":"0,02 €/P","img":"https://fd9-photos.leclercdrive.fr/image.ashx?id=2811017&use=l&cat=p&typeid=i","cat":324846},{"id":203206,"n":"Mini oeufs Kinder Bueno Chocolat - 80g","p":3.4,"u":"42,50 €/KG","img":"https://fd9-photos.leclercdrive.fr/image.ashx?id=2866499&use=l&cat=p&typeid=i","cat":327592},{"id":203367,"n":"Aiguillettes de poulet blanc Bon Plan Le Gaulois - 400g","p":5.86,"u":"14,65 €/KG","img":"https://fd9-photos.leclercdrive.fr/image.ashx?id=2481586&use=l&cat=p&typeid=i","cat":284336},{"id":203368,"n":"Filet de poulet blanc  Bon Plan Le Gaulois - 500g","p":6.09,"u":"12,18 €/KG","img":"https://fd9-photos.leclercdrive.fr/image.ashx?id=2481589&use=l&cat=p&typeid=i","cat":284336},{"id":203433,"n":"Gel douche Homme Adidas After Sport - 250ml","p":1.68,"u":"6,72 €/L","img":"https://fd9-photos.leclercdrive.fr/image.ashx?id=2990799&use=l&cat=p&typeid=i","cat":284619},{"id":203471,"n":"Banane Eco+ x4","p":0.79,"u":"0,20 €/P","img":"https://fd9-photos.leclercdrive.fr/image.ashx?id=2600252&use=l&cat=p&typeid=i","cat":284356},{"id":203604,"n":"Banane Eco+ x4","p":0.79,"u":"0,20 €/P","img":"https://fd9-photos.leclercdrive.fr/image.ashx?id=2600252&use=l&cat=p&typeid=i","cat":284356},{"id":203821,"n":"Boîte chien Pedigree  Cuisinés en sauce - 6x400g","p":8.42,"u":"3,51 €/KG","img":"https://fd9-photos.leclercdrive.fr/image.ashx?id=2849722&use=l&cat=p&typeid=i","cat":288578},{"id":203822,"n":"Boîte chien Pedigree Cuisinés en sauce - 4x400g","p":6.01,"u":"3,76 €/KG","img":"https://fd9-photos.leclercdrive.fr/image.ashx?id=2849719&use=l&cat=p&typeid=i","cat":288578},{"id":203823,"n":"Sachet fraicheur chat Whiskas Carte mixte en gelée - 48x85g","p":16.13,"u":"3,95 €/KG","img":"https://fd9-photos.leclercdrive.fr/image.ashx?id=2486916&use=l&cat=p&typeid=i","cat":285286},{"id":203824,"n":"Sachet fraicheur chat Whiskas Classiques en sauce - 24x85g","p":9.94,"u":"4,87 €/KG","img":"https://fd9-photos.leclercdrive.fr/image.ashx?id=2486913&use=l&cat=p&typeid=i","cat":285286},{"id":203826,"n":"Sachet fraicheur chat Whiskas Poissons en gelée - 12x85g","p":4.62,"u":"4,53 €/KG","img":"https://fd9-photos.leclercdrive.fr/image.ashx?id=2486910&use=l&cat=p&typeid=i","cat":285286},{"id":203899,"n":"Masque Multi-Usages Garnier Cheveux longs et ternes - 390ml","p":6.78,"u":"17,38 €/L","img":"https://fd9-photos.leclercdrive.fr/image.ashx?id=2490707&use=l&cat=p&typeid=i","cat":284608},{"id":204050,"n":"Haricots vert Bio Village Bio 220g","p":1.49,"u":"6,77 €/KG","img":"https://fd9-photos.leclercdrive.fr/image.ashx?id=3002716&use=l&cat=p&typeid=i","cat":312606},{"id":204057,"n":"Céréales Spécial K Kellogg's Chocolat noir - 500g","p":3.97,"u":"7,94 €/KG","img":"https://fd9-photos.leclercdrive.fr/image.ashx?id=2692710&use=l&cat=p&typeid=i","cat":309512},{"id":204058,"n":"Céréales Special K Kellogg's Chocolat au Lait - 500g","p":3.88,"u":"7,76 €/KG","img":"https://fd9-photos.leclercdrive.fr/image.ashx?id=2692713&use=l&cat=p&typeid=i","cat":309512},{"id":204061,"n":"Mais Bio Village Bio - 285g","p":1.09,"u":"3,82 €/KG","img":"https://fd9-photos.leclercdrive.fr/image.ashx?id=3002719&use=l&cat=p&typeid=i","cat":312611},{"id":204131,"n":"Nettoyant four Decapfour  Express - 500ml","p":3.38,"u":"6,76 €/L","img":"https://fd9-photos.leclercdrive.fr/image.ashx?id=2489719&use=l&cat=p&typeid=i","cat":325363},{"id":204157,"n":"Pâte feuilletée Herta Trésor de Grand-Mère  280g","p":1.63,"u":"5,82 €/KG","img":"https://fd9-photos.leclercdrive.fr/image.ashx?id=2833303&use=l&cat=p&typeid=i","cat":333681},{"id":204158,"n":"Pâte brisée Herta Trésor de Grand-Mère - 280g","p":1.71,"u":"6,11 €/KG","img":"https://fd9-photos.leclercdrive.fr/image.ashx?id=2833306&use=l&cat=p&typeid=i","cat":333681},{"id":204159,"n":"Pâte à tarte sablée Herta Trésor de Grand-Mère - 280g","p":1.87,"u":"6,68 €/KG","img":"https://fd9-photos.leclercdrive.fr/image.ashx?id=2814536&use=l&cat=p&typeid=i","cat":333681},{"id":204162,"n":"Boîte chien Pedigree Terrine - 6x400g","p":8.79,"img":"https://fd9-photos.leclercdrive.fr/image.ashx?id=2849725&use=l&cat=p&typeid=i","cat":288578},{"id":204169,"n":"Sachet fraicheur chat Whiskas Festins volaille gelée - 12x85g","p":4.76,"u":"4,67 €/KG","img":"https://fd9-photos.leclercdrive.fr/image.ashx?id=2490329&use=l&cat=p&typeid=i","cat":285286},{"id":204179,"n":"Sachet fraicheur chat Whiskas Tasty Mix en sauce - 40x85g","p":15.98,"u":"4,70 €/KG","img":"https://fd9-photos.leclercdrive.fr/image.ashx?id=2589488&use=l&cat=p&typeid=i","cat":285286},{"id":204247,"n":"Protège-slip Vania Confort Multiformes - 1p","p":2.33,"img":"https://fd9-photos.leclercdrive.fr/image.ashx?id=2735224&use=l&cat=p&typeid=i","cat":284625},{"id":204266,"n":"Baguette St-Martin 250g","p":1.05,"u":"4,20 €/KG","img":"https://fd9-photos.leclercdrive.fr/image.ashx?id=597464&use=l&cat=p&typeid=i","cat":284359},{"id":204268,"n":"Pavé Réthais  400g","p":1.65,"u":"4,13 €/KG","img":"https://fd9-photos.leclercdrive.fr/image.ashx?id=2063023&use=l&cat=p&typeid=i","cat":284359},{"id":204270,"n":"Pavé St-Martin 400g","p":1.45,"u":"3,63 €/KG","img":"https://fd9-photos.leclercdrive.fr/image.ashx?id=2063023&use=l&cat=p&typeid=i","cat":284359},{"id":204275,"n":"Soin Hydratant So Bio Etic Grenade bio - 50ml","p":10.83,"u":"216,60 €/L","img":"https://fd9-photos.leclercdrive.fr/image.ashx?id=2787110&use=l&cat=p&typeid=i","cat":325345},{"id":204302,"n":"Shampoing nutrition Ultra Doux Lait de coco - 300ml","p":2.88,"u":"9,60 €/L","img":"https://fd9-photos.leclercdrive.fr/image.ashx?id=2492788&use=l&cat=p&typeid=i","cat":284606},{"id":204303,"n":"Shampoing purifiant Ultra Doux Cheveux gras - 300ml","p":2.78,"u":"9,27 €/L","img":"https://fd9-photos.leclercdrive.fr/image.ashx?id=2492791&use=l&cat=p&typeid=i","cat":284606},{"id":204304,"n":"Shampoing Illuminant Ultra Doux Camomille - 300ml","p":2.66,"u":"8,87 €/L","img":"https://fd9-photos.leclercdrive.fr/image.ashx?id=2926596&use=l&cat=p&typeid=i","cat":284606},{"id":204305,"n":"Shampoing nutrition Ultra Doux Argan et camélia - 300ml","p":2.65,"u":"8,83 €/L","img":"https://fd9-photos.leclercdrive.fr/image.ashx?id=2492797&use=l&cat=p&typeid=i","cat":284606},{"id":204306,"n":"Shampoing nutrition Ultra Doux Cheveu Bouclé à Frisé - 300ml","p":2.57,"u":"8,57 €/L","img":"https://fd9-photos.leclercdrive.fr/image.ashx?id=2926599&use=l&cat=p&typeid=i","cat":284606},{"id":204307,"n":"Shampoing Couleur Ultra Doux Cheveux colorés - 300ml","p":2.65,"u":"8,83 €/L","img":"https://fd9-photos.leclercdrive.fr/image.ashx?id=2492803&use=l&cat=p&typeid=i","cat":284606},{"id":204308,"n":"Shampoing Enfants Ultra Doux Abricot - 300ml","p":2.63,"u":"8,77 €/L","img":"https://fd9-photos.leclercdrive.fr/image.ashx?id=2851093&use=l&cat=p&typeid=i","cat":284606},{"id":204310,"n":"Shampoing Hydratant Ultra Doux Cheveux délicats - 300ml","p":2.68,"u":"8,93 €/L","img":"https://fd9-photos.leclercdrive.fr/image.ashx?id=2492812&use=l&cat=p&typeid=i","cat":284606},{"id":204311,"n":"Shampoing doux Ultra Doux Extrait de tilleul - 300ml","p":2.73,"u":"9,10 €/L","img":"https://fd9-photos.leclercdrive.fr/image.ashx?id=2492815&use=l&cat=p&typeid=i","cat":284606},{"id":204313,"n":"Après-shampooing karité Garnier Cheveu bouclé à Frisé - 250ml","p":2.64,"u":"10,56 €/L","img":"https://fd9-photos.leclercdrive.fr/image.ashx?id=2986651&use=l&cat=p&typeid=i","cat":284607},{"id":204314,"n":"Après-shampoing Ultra doux Cheveux fragiles - 250ml","p":2.73,"u":"10,92 €/L","img":"https://fd9-photos.leclercdrive.fr/image.ashx?id=2646569&use=l&cat=p&typeid=i","cat":284607},{"id":204316,"n":"Shampoing réparateur Ultra Doux Cheveux fragiles - 300ml","p":2.69,"u":"8,97 €/L","img":"https://fd9-photos.leclercdrive.fr/image.ashx?id=2646572&use=l&cat=p&typeid=i","cat":284606},{"id":204327,"n":"Soupe instantanée Royco  Velouté Tomates - 4x200ml","p":1.33,"u":"1,66 €/L","img":"https://fd9-photos.leclercdrive.fr/image.ashx?id=2650991&use=l&cat=p&typeid=i","cat":293527},{"id":204329,"n":"Soupe liquide Liebig  Façon napolitaine - 1L","p":3.1,"u":"3,10 €/L","img":"https://fd9-photos.leclercdrive.fr/image.ashx?id=2493133&use=l&cat=p&typeid=i","cat":284462},{"id":204330,"n":"Soupe liquide brique Liebig  Poule Vermicelles - 1L","p":2.56,"u":"2,56 €/L","img":"https://fd9-photos.leclercdrive.fr/image.ashx?id=2493136&use=l&cat=p&typeid=i","cat":284462},{"id":204383,"n":"Mini pizzas Piccolinis Buitoni 3 Formaggi x9 - 270g","p":2.83,"u":"10,48 €/KG","img":"https://fd9-photos.leclercdrive.fr/image.ashx?id=2493649&use=l&cat=p&typeid=i","cat":319774},{"id":204386,"n":"Mini pizzas Piccolinis Buitoni Bolognaise x9 - 270g","p":2.74,"u":"10,15 €/KG","img":"https://fd9-photos.leclercdrive.fr/image.ashx?id=2493655&use=l&cat=p&typeid=i","cat":319774},{"id":204488,"n":"Dentifrice Aquafresh Triple Protection Blancheur - 125ml","p":1.76,"u":"14,08 €/L","img":"https://fd9-photos.leclercdrive.fr/image.ashx?id=2546755&use=l&cat=p&typeid=i","cat":284612},{"id":204620,"n":"Purée Butternut Patate douce Notre Jardin - 750g","p":3.49,"u":"4,65 €/KG","img":"https://fd9-photos.leclercdrive.fr/image.ashx?id=2856208&use=l&cat=p&typeid=i","cat":319805},{"id":204717,"n":"Soda Schweppes Saveur Agrumes Zero - 1,5L","p":1.68,"u":"1,12 €/L","img":"https://fd9-photos.leclercdrive.fr/image.ashx?id=2852444&use=l&cat=p&typeid=i","cat":284532},{"id":204718,"n":"Soda Schweppes Saveur Agrumes - 1,5L","p":1.65,"u":"1,10 €/L","img":"https://fd9-photos.leclercdrive.fr/image.ashx?id=2852447&use=l&cat=p&typeid=i","cat":284532},{"id":204719,"n":"Soda Schweppes Indian Tonic - 1,5L","p":1.69,"u":"1,13 €/L","img":"https://fd9-photos.leclercdrive.fr/image.ashx?id=2852456&use=l&cat=p&typeid=i","cat":284531},{"id":204731,"n":"Sachet fraîcheur chat Whiskas  Sélection en sauce - 12x85g","p":5.21,"u":"5,11 €/KG","img":"https://fd9-photos.leclercdrive.fr/image.ashx?id=2495764&use=l&cat=p&typeid=i","cat":285286},{"id":204734,"n":"Boîte chien Pedigree Cuisinés en sauce - 3x800g","p":7.32,"u":"3,05 €/KG","img":"https://fd9-photos.leclercdrive.fr/image.ashx?id=2849731&use=l&cat=p&typeid=i","cat":288578},{"id":204748,"n":"Boisson énergisante Red Bull Goût Abricot-Fraise, 250ml","p":1.23,"u":"4,92 €/L","img":"https://fd9-photos.leclercdrive.fr/image.ashx?id=3011995&use=l&cat=p&typeid=i","cat":284533},{"id":204788,"n":"Gnocchi à poêler Lustucru 325g","p":1.5,"u":"4,62 €/KG","img":"https://fd9-photos.leclercdrive.fr/image.ashx?id=2975218&use=l&cat=p&typeid=i","cat":333682},{"id":204789,"n":"Gnocchi à poêler Lustucru 520g","p":2.24,"u":"4,31 €/KG","img":"https://fd9-photos.leclercdrive.fr/image.ashx?id=2792423&use=l&cat=p&typeid=i","cat":333682},{"id":204791,"n":"Gnocchi à poêler Lustucru  Format XXL - 720g","p":2.85,"u":"3,96 €/KG","img":"https://fd9-photos.leclercdrive.fr/image.ashx?id=2788556&use=l&cat=p&typeid=i","cat":333682},{"id":204951,"n":"Thon Sauce Mayonnaise Petit Navire - 140g","p":1.64,"u":"11,71 €/KG","img":"https://fd9-photos.leclercdrive.fr/image.ashx?id=2528292&use=l&cat=p&typeid=i","cat":303867},{"id":204952,"n":"Thon Sauce Catalane Petit Navire - 140g","p":1.89,"u":"13,50 €/KG","img":"https://fd9-photos.leclercdrive.fr/image.ashx?id=2989072&use=l&cat=p&typeid=i","cat":303867},{"id":205171,"n":"Soupe instantanée Royco  Velouté 12 Légumes - 4x200ml","p":1.58,"u":"1,98 €/L","img":"https://fd9-photos.leclercdrive.fr/image.ashx?id=2650997&use=l&cat=p&typeid=i","cat":293527},{"id":205232,"n":"Serviettes Always Ultra Normal Plus - T1 - x14","p":2.38,"u":"0,17 €/P","img":"https://fd9-photos.leclercdrive.fr/image.ashx?id=2851321&use=l&cat=p&typeid=i","cat":284624},{"id":205233,"n":"Serviettes Always Ultra Long - T2 - x12","p":2.43,"u":"0,20 €/P","img":"https://fd9-photos.leclercdrive.fr/image.ashx?id=2851324&use=l&cat=p&typeid=i","cat":284624},{"id":205235,"n":"Serviettes Always Ultra Secure night -T4 - x9","p":2.58,"u":"0,29 €/P","img":"https://fd9-photos.leclercdrive.fr/image.ashx?id=2851330&use=l&cat=p&typeid=i","cat":284624},{"id":205236,"n":"Protège-slip Always Fresh & Protect - Normal - x30","p":1.63,"u":"0,05 €/P","img":"https://fd9-photos.leclercdrive.fr/image.ashx?id=2949070&use=l&cat=p&typeid=i","cat":284625},{"id":205237,"n":"Sérum anti-âge L'Oréal Paris Revitalift Vitamine C - 30ml","p":13.96,"u":"465,33 €/L","img":"https://fd9-photos.leclercdrive.fr/image.ashx?id=3003351&use=l&cat=p&typeid=i","cat":325345},{"id":205238,"n":"Savon Eco+ Amande douce - 150g","p":0.61,"u":"4,07 €/KG","img":"https://fd9-photos.leclercdrive.fr/image.ashx?id=2499058&use=l&cat=p&typeid=i","cat":284597},{"id":205239,"n":"Nettoyant four Decapfour Confort - 500ml","p":3.7,"u":"7,40 €/L","img":"https://fd9-photos.leclercdrive.fr/image.ashx?id=2499669&use=l&cat=p&typeid=i","cat":325363},{"id":205281,"n":"Huile d'olive vierge extra Terra Delyssa - 75cl","p":9.69,"u":"12,92 €/L","img":"https://fd9-photos.leclercdrive.fr/image.ashx?id=2679356&use=l&cat=p&typeid=i","cat":284453},{"id":205302,"n":"Gel lavant Sanytol Nourrisant Bio - 250ml","p":2.62,"u":"10,48 €/L","img":"https://fd9-photos.leclercdrive.fr/image.ashx?id=2904658&use=l&cat=p&typeid=i","cat":284597},{"id":205304,"n":"Bandes de cire froide Expert Veet Corps Peaux sensibles x40","p":8.22,"u":"0,21 €/P","img":"https://fd9-photos.leclercdrive.fr/image.ashx?id=2964959&use=l&cat=p&typeid=i","cat":325351},{"id":205305,"n":"Bandes de cire froide Expert Veet Visage Peaux sensibles x20","p":4.78,"u":"0,24 €/P","img":"https://fd9-photos.leclercdrive.fr/image.ashx?id=2915440&use=l&cat=p&typeid=i","cat":325351},{"id":205309,"n":"Lait Corps Hydratant Nivea Fermeté Q10 Vitamine C - 250ml","p":3.35,"u":"13,40 €/L","img":"https://fd9-photos.leclercdrive.fr/image.ashx?id=2586983&use=l&cat=p&typeid=i","cat":325349},{"id":205310,"n":"Dentifrice Oral-B Pro-Expert Blancheur saine - 75ml","p":3.47,"u":"46,27 €/L","img":"https://fd9-photos.leclercdrive.fr/image.ashx?id=2737306&use=l&cat=p&typeid=i","cat":284612},{"id":205311,"n":"Masque Remède Garnier Cheveux normaux à gras - 340ml","p":5.03,"u":"14,79 €/L","img":"https://fd9-photos.leclercdrive.fr/image.ashx?id=2500171&use=l&cat=p&typeid=i","cat":284608},{"id":205317,"n":"Après-Shampooing Garnier Cheveux normaux à gras - 200ml","p":2.54,"u":"12,70 €/L","img":"https://fd9-photos.leclercdrive.fr/image.ashx?id=2500174&use=l&cat=p&typeid=i","cat":284607},{"id":205318,"n":"Shampoing charbon Ultra Doux Equilibrant - 250ml","p":2.39,"u":"9,56 €/L","img":"https://fd9-photos.leclercdrive.fr/image.ashx?id=2500177&use=l&cat=p&typeid=i","cat":284606},{"id":205320,"n":"Masque Assouplissant Garnier Cheveu sec à très sec - 340ml","p":5.08,"u":"14,94 €/L","img":"https://fd9-photos.leclercdrive.fr/image.ashx?id=2500162&use=l&cat=p&typeid=i","cat":284608},{"id":205321,"n":"Masque Merveilleux Garnier Cheveux Secs, Ternes - 340ml","p":5.03,"u":"14,79 €/L","img":"https://fd9-photos.leclercdrive.fr/image.ashx?id=2500165&use=l&cat=p&typeid=i","cat":284608},{"id":205322,"n":"Masque remède Nutrition Garnier Avocat karité - 340ml","p":4.68,"u":"13,76 €/L","img":"https://fd9-photos.leclercdrive.fr/image.ashx?id=2875453&use=l&cat=p&typeid=i","cat":284608},{"id":205327,"n":"Pâte Nocciolata Bio cacao 250g","p":3.3,"u":"13,20 €/KG","img":"https://fd9-photos.leclercdrive.fr/image.ashx?id=2807897&use=l&cat=p&typeid=i","cat":284481},{"id":205344,"n":"Pâte à tartiner Nocciolata  Bio cacao Noisettes - 650g","p":7.43,"u":"11,43 €/KG","img":"https://fd9-photos.leclercdrive.fr/image.ashx?id=2883248&use=l&cat=p&typeid=i","cat":284481},{"id":205347,"n":"Pâte à Nocciolata  Bio Cacao - 250g","p":3.05,"u":"12,20 €/KG","img":"https://fd9-photos.leclercdrive.fr/image.ashx?id=2883251&use=l&cat=p&typeid=i","cat":284481},{"id":205439,"n":"Sirop sans sucre Teisseire  Fraise - 60cl","p":2.99,"u":"4,98 €/L","img":"https://fd9-photos.leclercdrive.fr/image.ashx?id=2500455&use=l&cat=p&typeid=i","cat":295020},{"id":205459,"n":"Sandwich Wraper's Sodebo  Poulet Bacon - 190g","p":3.49,"u":"18,37 €/KG","img":"https://fd9-photos.leclercdrive.fr/image.ashx?id=2886789&use=l&cat=p&typeid=i","cat":333658},{"id":205520,"n":"Crème glacée La Laitière Rhum Raisins - 490g","p":3.24,"pp":2.27,"u":"4,63 €/KG","img":"https://fd9-photos.leclercdrive.fr/image.ashx?id=2877877&use=l&cat=p&typeid=i","cat":284263},{"id":205522,"n":"Shampoing Réparateur Elsève Pro Bond Repair - 200ml","p":5.67,"u":"28,35 €/L","img":"https://fd9-photos.leclercdrive.fr/image.ashx?id=3008779&use=l&cat=p&typeid=i","cat":284606},{"id":205525,"n":"Démêlant Intense Elsève Pro Bond Repair - 150ml","p":5.53,"u":"36,87 €/L","img":"https://fd9-photos.leclercdrive.fr/image.ashx?id=3008782&use=l&cat=p&typeid=i","cat":284607},{"id":205594,"n":"IGP Pruneaux d'Agen dénoyautés Nos Régions ont du Talent 375g","p":3.11,"u":"8,29 €/KG","img":"https://fd9-photos.leclercdrive.fr/image.ashx?id=2583837&use=l&cat=p&typeid=i","cat":284357},{"id":205657,"n":"P'tit diner Yooji Bio Carotte patate douce 300g","p":3.73,"u":"12,43 €/KG","img":"https://fd9-photos.leclercdrive.fr/image.ashx?id=2792870&use=l&cat=p&typeid=i","cat":290631},{"id":205659,"n":"Ptit diner Petit pois  Epinards et orge bio - 300g","p":3.67,"u":"12,23 €/KG","img":"https://fd9-photos.leclercdrive.fr/image.ashx?id=2832257&use=l&cat=p&typeid=i","cat":290631},{"id":205876,"n":"Nettoyant dilué Mr Propre Bicarbonate - 1L","p":2.75,"u":"2,75 €/L","img":"https://fd9-photos.leclercdrive.fr/image.ashx?id=2867842&use=l&cat=p&typeid=i","cat":284907},{"id":205879,"n":"Nettoyant liquide Mr Propre Multi-usages - Citron - 1.3L","p":2.3,"u":"1,77 €/L","img":"https://fd9-photos.leclercdrive.fr/image.ashx?id=2683418&use=l&cat=p&typeid=i","cat":284907},{"id":205892,"n":"Nettoyant multi-usages Mr Propre - Savon noir - 1L","p":2.77,"u":"2,77 €/L","img":"https://fd9-photos.leclercdrive.fr/image.ashx?id=2889976&use=l&cat=p&typeid=i","cat":284907},{"id":205957,"n":"Fromage Persillée Bresse Bleu Le véritable - 300g","p":3.96,"u":"13,20 €/KG","img":"https://fd9-photos.leclercdrive.fr/image.ashx?id=2926515&use=l&cat=p&typeid=i","cat":314032},{"id":206033,"n":"Biscuits Mots Doux P'tit Déli Chocolat noisettes - 180g","p":1.89,"u":"10,50 €/KG","img":"https://fd9-photos.leclercdrive.fr/image.ashx?id=2771136&use=l&cat=p&typeid=i","cat":284488},{"id":206050,"n":"Thé glacé Fuze Tea Framboise Menthe  Sans sucres - 1.25L","p":1.5,"u":"1,20 €/L","img":"https://fd9-photos.leclercdrive.fr/image.ashx?id=2997217&use=l&cat=p&typeid=i","cat":295019},{"id":206105,"n":"Gel Nettoyant Visage Nivea Peaux à Imperfections - 150ml","p":3.92,"u":"26,13 €/L","img":"https://fd9-photos.leclercdrive.fr/image.ashx?id=2878243&use=l&cat=p&typeid=i","cat":284603},{"id":206106,"n":"Crème Visage Nuit Nivea Peaux à Imperfections - 40ml","p":6.77,"u":"169,25 €/L","img":"https://fd9-photos.leclercdrive.fr/image.ashx?id=2894999&use=l&cat=p&typeid=i","cat":325345},{"id":206108,"n":"Gommage Visage Nivea Peaux à Imperfections - 150ml","p":4.98,"u":"33,20 €/L","img":"https://fd9-photos.leclercdrive.fr/image.ashx?id=2836121&use=l&cat=p&typeid=i","cat":325346},{"id":206115,"n":"Serviette hygiénique Always Ultra normal - T1 - x16","p":2.42,"u":"0,15 €/P","img":"https://fd9-photos.leclercdrive.fr/image.ashx?id=2867809&use=l&cat=p&typeid=i","cat":284624},{"id":206116,"n":"Rol'nuts  Chocolat cacahuète - 100g","p":0.96,"u":"9,60 €/KG","img":"https://fd9-photos.leclercdrive.fr/image.ashx?id=2507691&use=l&cat=p&typeid=i","cat":284449},{"id":206120,"n":"Crème dépilatoire Expert Veet Corps Peaux sensibles 200ml","p":5.28,"u":"26,40 €/L","img":"https://fd9-photos.leclercdrive.fr/image.ashx?id=2970804&use=l&cat=p&typeid=i","cat":325351},{"id":206122,"n":"Liquide vaisselle Rainett Concentré - Framboise - 500ml","p":1.81,"u":"3,62 €/L","img":"https://fd9-photos.leclercdrive.fr/image.ashx?id=2508792&use=l&cat=p&typeid=i","cat":284655},{"id":206123,"n":"Liquide vaisselle Paic Bi Activ Vinaigre et Sel minéral - 750ml","p":2.85,"u":"3,80 €/L","img":"https://fd9-photos.leclercdrive.fr/image.ashx?id=2508843&use=l&cat=p&typeid=i","cat":284655},{"id":206125,"n":"Riz parfumé  1kg","p":2.29,"u":"2,29 €/KG","img":"https://fd9-photos.leclercdrive.fr/image.ashx?id=2515521&use=l&cat=p&typeid=i","cat":284428},{"id":206126,"n":"Infusion La Tisanière Nuit calme - x20 - 28g","p":2.48,"u":"88,57 €/KG","img":"https://fd9-photos.leclercdrive.fr/image.ashx?id=2907863&use=l&cat=p&typeid=i","cat":293234},{"id":206128,"n":"Pâte à tartiner Nocciolata Bio Praliné Noisettes - 250g","p":3.29,"u":"13,16 €/KG","img":"https://fd9-photos.leclercdrive.fr/image.ashx?id=2883254&use=l&cat=p&typeid=i","cat":284481},{"id":206138,"n":"Boisson concentrée Teisseire Grenadine zéro sucres - 1,3L","p":4.98,"u":"3,83 €/L","img":"https://fd9-photos.leclercdrive.fr/image.ashx?id=2508585&use=l&cat=p&typeid=i","cat":295020},{"id":206139,"n":"Sirop Teisseire Cassis - 60cl","p":3.3,"u":"5,50 €/L","img":"https://fd9-photos.leclercdrive.fr/image.ashx?id=2508588&use=l&cat=p&typeid=i","cat":295020},{"id":206140,"n":"Sirop concentré Teisseire Citron vert - 60cl","p":3.3,"u":"5,50 €/L","img":"https://fd9-photos.leclercdrive.fr/image.ashx?id=2508591&use=l&cat=p&typeid=i","cat":295020},{"id":206142,"n":"Sirop Teisseire  Fraise - 60cl","p":3.3,"u":"5,50 €/L","img":"https://fd9-photos.leclercdrive.fr/image.ashx?id=2771750&use=l&cat=p&typeid=i","cat":295020},{"id":206143,"n":"Sirop Teisseire  Pêche - 60cl","p":3.3,"u":"5,50 €/L","img":"https://fd9-photos.leclercdrive.fr/image.ashx?id=2508597&use=l&cat=p&typeid=i","cat":295020},{"id":206144,"n":"Boisson concentrée Teisseire A diluer grenadine Zéro - 60cl","p":2.72,"u":"4,53 €/L","img":"https://fd9-photos.leclercdrive.fr/image.ashx?id=2508600&use=l&cat=p&typeid=i","cat":295020},{"id":206147,"n":"Boisson concentrée Teisseire Menthe verte sans sucres - 60cl","p":2.74,"u":"4,57 €/L","img":"https://fd9-photos.leclercdrive.fr/image.ashx?id=2508603&use=l&cat=p&typeid=i","cat":295020},{"id":206149,"n":"Boisson concentrée Teisseire Citron sans sucres - 60cl","p":2.89,"u":"4,82 €/L","img":"https://fd9-photos.leclercdrive.fr/image.ashx?id=2508606&use=l&cat=p&typeid=i","cat":295020},{"id":206158,"n":"Steaks végétaux et gourmands Happyvore x2 - 200g","p":3.58,"u":"17,90 €/KG","img":"https://fd9-photos.leclercdrive.fr/image.ashx?id=2736148&use=l&cat=p&typeid=i","cat":316036},{"id":206163,"n":"Sirop Teisseire  Menthe verte - 60cl","p":2.25,"u":"3,75 €/L","img":"https://fd9-photos.leclercdrive.fr/image.ashx?id=2772726&use=l&cat=p&typeid=i","cat":295020},{"id":206164,"n":"Sirop Teisseire  Grenadine - 60cl","p":2.2,"u":"3,67 €/L","img":"https://fd9-photos.leclercdrive.fr/image.ashx?id=2772729&use=l&cat=p&typeid=i","cat":295020},{"id":206169,"n":"Sirop Tesseire Citron - 60cl","p":2.25,"u":"3,75 €/L","img":"https://fd9-photos.leclercdrive.fr/image.ashx?id=2771747&use=l&cat=p&typeid=i","cat":295020},{"id":206170,"n":"Sirop Teisseire Framboise - 60cl","p":3.37,"u":"5,62 €/L","img":"https://fd9-photos.leclercdrive.fr/image.ashx?id=2509331&use=l&cat=p&typeid=i","cat":295020},{"id":206172,"n":"Biscuits Kinder Tronky fourrés Cacao et au lait  - 90g","p":1.64,"u":"18,22 €/KG","img":"https://fd9-photos.leclercdrive.fr/image.ashx?id=2916462&use=l&cat=p&typeid=i","cat":284488},{"id":206300,"n":"Sirop Teisseire  Fruit de la passion - 60cl","p":3.53,"u":"5,88 €/L","img":"https://fd9-photos.leclercdrive.fr/image.ashx?id=2510780&use=l&cat=p&typeid=i","cat":295020},{"id":206315,"n":"Boisson énergisante  Monster - Juiced khaotic 50cl","p":1.48,"u":"2,96 €/L","img":"https://fd9-photos.leclercdrive.fr/image.ashx?id=2511047&use=l&cat=p&typeid=i","cat":284533},{"id":206439,"n":"Pâte à tartiner Nocciolata  Bio - Crunchy - 250g","p":3.51,"u":"14,04 €/KG","img":"https://fd9-photos.leclercdrive.fr/image.ashx?id=2905078&use=l&cat=p&typeid=i","cat":284481},{"id":206443,"n":"Sirop Teisseire  Violette - 60cl","p":3.3,"u":"5,50 €/L","img":"https://fd9-photos.leclercdrive.fr/image.ashx?id=2510786&use=l&cat=p&typeid=i","cat":295020},{"id":206445,"n":"Sirop Tropical  Teisseire Zéro sucres - 60cl","p":2.96,"u":"4,93 €/L","img":"https://fd9-photos.leclercdrive.fr/image.ashx?id=2510792&use=l&cat=p&typeid=i","cat":295020},{"id":206582,"n":"Liquide vaiselle Paic Bi Activ Vinaigre et citron - 750ml","p":2.88,"u":"3,84 €/L","img":"https://fd9-photos.leclercdrive.fr/image.ashx?id=2966797&use=l&cat=p&typeid=i","cat":284655},{"id":206613,"n":"Thé glacé Oasis Ice Tea Saveur Framboise Cassis - 1,5L","p":1.9,"u":"1,27 €/L","img":"https://fd9-photos.leclercdrive.fr/image.ashx?id=2681730&use=l&cat=p&typeid=i","cat":295019},{"id":206617,"n":"Lessive liquide Arbre Vert Recharge x34 - 1.53L","p":5.98,"u":"3,91 €/L","img":"https://fd9-photos.leclercdrive.fr/image.ashx?id=2680209&use=l&cat=p&typeid=i","cat":284640},{"id":206725,"n":"Bâtonnet Magnum Double Sunlover x4 - 300g","p":3.78,"u":"12,60 €/KG","img":"https://fd9-photos.leclercdrive.fr/image.ashx?id=2886397&use=l&cat=p&typeid=i","cat":284265},{"id":206726,"n":"Glace Bâtonnet MAGNUM Double Caramel 4x85ml","p":2.98,"u":"10,49 €/KG","img":"https://fd9-photos.leclercdrive.fr/image.ashx?id=2770626&use=l&cat=p&typeid=i","cat":284265},{"id":206727,"n":"Bâtonnet Magnum Double Chocolat x4 - 284g","p":2.99,"u":"10,53 €/KG","img":"https://fd9-photos.leclercdrive.fr/image.ashx?id=3009284&use=l&cat=p&typeid=i","cat":284265},{"id":206728,"n":"Bâtonnet Magnum Double Raspberry - x4 284g","p":3.05,"u":"10,74 €/KG","img":"https://fd9-photos.leclercdrive.fr/image.ashx?id=2770629&use=l&cat=p&typeid=i","cat":284265},{"id":206790,"n":"Jambon nature Grill Petitgas -25% de sel x2 - 160g","p":2.99,"u":"18,69 €/KG","img":"https://fd9-photos.leclercdrive.fr/image.ashx?id=2560957&use=l&cat=p&typeid=i","cat":316009},{"id":206893,"n":"Tranches de chèvre Soignon  150g","p":2.9,"u":"19,33 €/KG","img":"https://fd9-photos.leclercdrive.fr/image.ashx?id=2762229&use=l&cat=p&typeid=i","cat":314028},{"id":206935,"n":"Thon entier Eco+ 140g","p":1.33,"u":"9,50 €/KG","img":"https://fd9-photos.leclercdrive.fr/image.ashx?id=2967540&use=l&cat=p&typeid=i","cat":303867},{"id":206936,"n":"Légum' Vapeur Notre Jardin Petits pois & carottes 265g","p":1.45,"u":"5,47 €/KG","img":"https://fd9-photos.leclercdrive.fr/image.ashx?id=3002647&use=l&cat=p&typeid=i","cat":312607},{"id":206950,"n":"Gaufrettes P'tit Déli Fourrés - 128g","p":1.59,"u":"12,42 €/KG","img":"https://fd9-photos.leclercdrive.fr/image.ashx?id=2842522&use=l&cat=p&typeid=i","cat":284488},{"id":206963,"n":"Morceaux et coeurs de palmier  250g","p":1.99,"u":"7,96 €/KG","img":"https://fd9-photos.leclercdrive.fr/image.ashx?id=2670365&use=l&cat=p&typeid=i","cat":312611},{"id":206978,"n":"Rôti de porc Fleury Michon À la broche CSN x4 - 140g","p":3.07,"u":"21,93 €/P","img":"https://fd9-photos.leclercdrive.fr/image.ashx?id=2733412&use=l&cat=p&typeid=i","cat":316009},{"id":206981,"n":"Rôti de poulet Fleury Michon 100% filet CSN x4 - 150g","p":2.45,"u":"16,33 €/KG","img":"https://fd9-photos.leclercdrive.fr/image.ashx?id=2892670&use=l&cat=p&typeid=i","cat":316010},{"id":206985,"n":"Haché de jambon Fleury Michon À poêler x2 - 190g","p":1.85,"u":"9,74 €/KG","img":"https://fd9-photos.leclercdrive.fr/image.ashx?id=2518649&use=l&cat=p&typeid=i","cat":316009},{"id":206987,"n":"Haché jambon fromage  Fleury Michon x2 - 180g","p":2.04,"u":"11,33 €/KG","img":"https://fd9-photos.leclercdrive.fr/image.ashx?id=2522164&use=l&cat=p&typeid=i","cat":316009},{"id":206992,"n":"Emincés pouletFleury Michon -25% sel sans nitrite -150g","p":2.45,"u":"16,33 €/KG","img":"https://fd9-photos.leclercdrive.fr/image.ashx?id=2661316&use=l&cat=p&typeid=i","cat":316011},{"id":206994,"n":"Allumettes de poulet  Fleury Michon x2 - 150g","p":1.73,"u":"11,53 €/KG","img":"https://fd9-photos.leclercdrive.fr/image.ashx?id=2659647&use=l&cat=p&typeid=i","cat":316011},{"id":206997,"n":"Couscous à la marocaine légumes Fleury Michon - 450g","p":3.73,"u":"8,29 €/KG","img":"https://fd9-photos.leclercdrive.fr/image.ashx?id=2656724&use=l&cat=p&typeid=i","cat":333665},{"id":207017,"n":"Monster Top Speed Zero 50CL","p":1.43,"u":"2,86 €/L","img":"https://fd9-photos.leclercdrive.fr/image.ashx?id=2861174&use=l&cat=p&typeid=i","cat":284533},{"id":207019,"n":"Monster Aussie Lemonade Boite - 50cl","p":1.67,"u":"3,34 €/L","img":"https://fd9-photos.leclercdrive.fr/image.ashx?id=2519552&use=l&cat=p&typeid=i","cat":284533},{"id":207042,"n":"Sirop Teisseire Grenadine Bidon mega - 1.3L","p":5.13,"u":"3,95 €/L","img":"https://fd9-photos.leclercdrive.fr/image.ashx?id=2519480&use=l&cat=p&typeid=i","cat":295020},{"id":207043,"n":"Lessive Liquide L'Arbre Vert Savon végétal 45 lavages 2,025L","p":7.1,"u":"3,51 €/L","img":"https://fd9-photos.leclercdrive.fr/image.ashx?id=3008542&use=l&cat=p&typeid=i","cat":284640},{"id":207044,"n":"Recharge Lessive l'Arbre Vert Amande Douce 34 lavages 1,53L","p":6.08,"u":"3,97 €/L","img":"https://fd9-photos.leclercdrive.fr/image.ashx?id=2684503&use=l&cat=p&typeid=i","cat":284640},{"id":207073,"n":"Tablette lave vaiselle L'Arbre Vert Tout-en-1 - x32","p":4.99,"u":"8,54 €/KG","img":"https://fd9-photos.leclercdrive.fr/image.ashx?id=2672332&use=l&cat=p&typeid=i","cat":284656},{"id":207074,"n":"Vaisselle mains L'Arbre Vert Peaux sensibles - 500ml","p":1.62,"u":"3,24 €/L","img":"https://fd9-photos.leclercdrive.fr/image.ashx?id=2845428&use=l&cat=p&typeid=i","cat":284655},{"id":207075,"n":"Vaisselle Main L'Arbre Vert Amande - 500ml","p":1.51,"u":"3,02 €/L","img":"https://fd9-photos.leclercdrive.fr/image.ashx?id=2845431&use=l&cat=p&typeid=i","cat":284655},{"id":207076,"n":"Recharge Vaisselle mains L'Arbre Vert - Amande - 1L","p":2.68,"u":"2,68 €/L","img":"https://fd9-photos.leclercdrive.fr/image.ashx?id=2849926&use=l&cat=p&typeid=i","cat":284655},{"id":207133,"n":"Mimolette Isigny Ste Mère 210g","p":2.4,"u":"11,43 €/KG","img":"https://fd9-photos.leclercdrive.fr/image.ashx?id=2521101&use=l&cat=p&typeid=i","cat":314034},{"id":207137,"n":"Assouplissant Minidou Vent de fraîcheur - 1L - x50","p":4.22,"u":"4,22 €/L","img":"https://fd9-photos.leclercdrive.fr/image.ashx?id=2795887&use=l&cat=p&typeid=i","cat":284650},{"id":207139,"n":"Serviettes hygiéniques Always  Ultra - Secure night - x18","p":4.07,"u":"0,23 €/P","img":"https://fd9-photos.leclercdrive.fr/image.ashx?id=2849436&use=l&cat=p&typeid=i","cat":284624},{"id":207140,"n":"Serviettes hygiéniques Always Ultra - Secure night extra- x16","p":3.96,"u":"0,25 €/P","img":"https://fd9-photos.leclercdrive.fr/image.ashx?id=3000878&use=l&cat=p&typeid=i","cat":284624},{"id":207147,"n":"Filets maquereau Petit Navire Sauce tomate - 169g","p":1.67,"u":"9,88 €/KG","img":"https://fd9-photos.leclercdrive.fr/image.ashx?id=2989069&use=l&cat=p&typeid=i","cat":303868},{"id":207153,"n":"Thon mariné Petit Navire Oignons roses -","p":2.21,"u":"20,09 €/KG","img":"https://fd9-photos.leclercdrive.fr/image.ashx?id=2682866&use=l&cat=p&typeid=i","cat":303867},{"id":207154,"n":"Thon naturel Petit Navire 112g","p":2.05,"u":"18,30 €/KG","img":"https://fd9-photos.leclercdrive.fr/image.ashx?id=3003092&use=l&cat=p&typeid=i","cat":303867},{"id":207162,"n":"Sauce rouleaux de printemps Tanoshi - 250ml","p":2.46,"u":"9,84 €/L","img":"https://fd9-photos.leclercdrive.fr/image.ashx?id=2913229&use=l&cat=p&typeid=i","cat":288992},{"id":207173,"n":"Sauce nems Tanoshi 150ml","p":1.9,"u":"12,67 €/L","img":"https://fd9-photos.leclercdrive.fr/image.ashx?id=2921615&use=l&cat=p&typeid=i","cat":288992},{"id":207198,"n":"Recharge lessive liquide  Rainette Aloe vera - 1.6L","p":5.99,"u":"3,74 €/L","img":"https://fd9-photos.leclercdrive.fr/image.ashx?id=2858684&use=l&cat=p&typeid=i","cat":284640},{"id":207199,"n":"Recharge lessive liquide  Rainett Savon de Marseille 1.6L","p":6.42,"u":"4,01 €/L","img":"https://fd9-photos.leclercdrive.fr/image.ashx?id=2842129&use=l&cat=p&typeid=i","cat":284640},{"id":207210,"n":"Fromage à tartiner Kiri Délicieusement fouetté - 125g","p":2.27,"u":"18,16 €/KG","img":"https://fd9-photos.leclercdrive.fr/image.ashx?id=2686591&use=l&cat=p&typeid=i","cat":314029},{"id":207226,"n":"Bâtonnet Magnum Mini Double Caramel x6 - 282g","p":4.14,"u":"14,68 €/KG","img":"https://fd9-photos.leclercdrive.fr/image.ashx?id=2805648&use=l&cat=p&typeid=i","cat":284265},{"id":207238,"n":"Liqueur Whisky Fireball - 70cl 33% vol.","p":18.28,"u":"26,11 €/L","img":"https://fd9-photos.leclercdrive.fr/image.ashx?id=2531649&use=l&cat=p&typeid=i","cat":286032},{"id":207249,"n":"Dentifrice Oral-B Protège et nettoie - 75ml","p":2.08,"u":"27,73 €/L","img":"https://fd9-photos.leclercdrive.fr/image.ashx?id=2957683&use=l&cat=p&typeid=i","cat":284612},{"id":207262,"n":"Capsules Nescafé Dolce Gusto  Grande - x16","p":4.72,"u":"34,71 €/KG","img":"https://fd9-photos.leclercdrive.fr/image.ashx?id=2964153&use=l&cat=p&typeid=i","cat":293239},{"id":207396,"n":"Galettes moelleuses St Michel Marbrée Chocolat - 180g","p":1.88,"u":"10,44 €/KG","img":"https://fd9-photos.leclercdrive.fr/image.ashx?id=2936263&use=l&cat=p&typeid=i","cat":284487},{"id":207401,"n":"Adoucissant Soupline  Éclat de Fraîcheur - 28p","p":6.08,"u":"0,22 €/P","img":"https://fd9-photos.leclercdrive.fr/image.ashx?id=2583509&use=l&cat=p&typeid=i","cat":284650},{"id":207402,"n":"Adoucissant Soupline  Hypoallergénique - 28p","p":6.18,"u":"0,22 €/P","img":"https://fd9-photos.leclercdrive.fr/image.ashx?id=2818827&use=l&cat=p&typeid=i","cat":284650},{"id":207451,"n":"Café en grains L'OR Espresso 100% Arabica N° 8 500g","p":10.89,"u":"21,78 €/KG","img":"https://fd9-photos.leclercdrive.fr/image.ashx?id=2887731&use=l&cat=p&typeid=i","cat":293237},{"id":207458,"n":"Pizza La Royale Pizzaiolo 478g","p":4.48,"u":"9,37 €/KG","img":"https://fd9-photos.leclercdrive.fr/image.ashx?id=2965256&use=l&cat=p&typeid=i","cat":284256},{"id":207460,"n":"Crème glacée La Laitière Vanille bourbon - 490g","p":3.24,"pp":2.27,"u":"4,63 €/KG","img":"https://fd9-photos.leclercdrive.fr/image.ashx?id=3000009&use=l&cat=p&typeid=i","cat":284263},{"id":207467,"n":"Moutarde Forte Amora 430g","p":1.49,"u":"3,47 €/KG","img":"https://fd9-photos.leclercdrive.fr/image.ashx?id=2526079&use=l&cat=p&typeid=i","cat":288850},{"id":207469,"n":"Moutarde Forte Amora 185g","p":1.45,"u":"7,84 €/KG","img":"https://fd9-photos.leclercdrive.fr/image.ashx?id=2526082&use=l&cat=p&typeid=i","cat":288850},{"id":207471,"n":"Moutarde Mi-forte Amora 415g","p":1.49,"u":"3,59 €/KG","img":"https://fd9-photos.leclercdrive.fr/image.ashx?id=2993176&use=l&cat=p&typeid=i","cat":288850},{"id":207476,"n":"Moutarde de Dijon Fine MAILLE L'Original Bocal - 360g","p":1.47,"u":"4,08 €/KG","img":"https://fd9-photos.leclercdrive.fr/image.ashx?id=2945841&use=l&cat=p&typeid=i","cat":288850},{"id":207478,"n":"Moutarde à l'Ancienne MAILLE Bocal - 360g","p":2.41,"u":"6,69 €/KG","img":"https://fd9-photos.leclercdrive.fr/image.ashx?id=2664307&use=l&cat=p&typeid=i","cat":288850},{"id":207480,"n":"Crème glacée La Laitière Caramel Beurre salé - 490g","p":3.24,"pp":2.27,"u":"4,63 €/KG","img":"https://fd9-photos.leclercdrive.fr/image.ashx?id=2877883&use=l&cat=p&typeid=i","cat":284263},{"id":207492,"n":"Crème glacée La Laitière Vanille pécan - 490g","p":3.24,"pp":2.27,"u":"4,63 €/KG","img":"https://fd9-photos.leclercdrive.fr/image.ashx?id=3000015&use=l&cat=p&typeid=i","cat":284263},{"id":207528,"n":"Lessive liquide L'Arbre Vert Peaux sensibles - x34 - 1.53L","p":6.98,"u":"4,56 €/L","img":"https://fd9-photos.leclercdrive.fr/image.ashx?id=3008536&use=l&cat=p&typeid=i","cat":284640},{"id":207529,"n":"Recharge lessive L'Arbre Vert Peaux sensibles - x34 - 1.53L","p":6.32,"u":"4,13 €/L","img":"https://fd9-photos.leclercdrive.fr/image.ashx?id=2680212&use=l&cat=p&typeid=i","cat":284640},{"id":207530,"n":"Vaisselle mains L'Arbre Vert Peaux sensibles - 750ml","p":1.81,"u":"2,41 €/L","img":"https://fd9-photos.leclercdrive.fr/image.ashx?id=2850575&use=l&cat=p&typeid=i","cat":284655},{"id":207531,"n":"Serviettes hygiéniques Always Ultra - Normal - x30","p":4.07,"img":"https://fd9-photos.leclercdrive.fr/image.ashx?id=2846496&use=l&cat=p&typeid=i","cat":284624},{"id":207533,"n":"Préservatifs Durex Feeling  Extra Fins Extra Lubrifiés x12","p":5.98,"img":"https://fd9-photos.leclercdrive.fr/image.ashx?id=2962014&use=l&cat=p&typeid=i","cat":284631},{"id":207534,"n":"Fleur de sel de l'île de Ré Rivesaline - 140g","p":4.3,"u":"30,71 €/KG","img":"https://fd9-photos.leclercdrive.fr/image.ashx?id=2102251&use=l&cat=p&typeid=i","cat":284457},{"id":207536,"n":"Préservatifs Durex Nude Sans Latex Extra Lubrifié x10","p":7.73,"img":"https://fd9-photos.leclercdrive.fr/image.ashx?id=2730478&use=l&cat=p&typeid=i","cat":284631},{"id":207540,"n":"Croûtons Tipiak Ail - 75g","p":1.45,"u":"19,33 €/KG","img":"https://fd9-photos.leclercdrive.fr/image.ashx?id=2684461&use=l&cat=p&typeid=i","cat":284464},{"id":207549,"n":"Shampoing purifiant Ultra Doux Force et Brillance - 300ml","p":2.93,"u":"9,77 €/L","img":"https://fd9-photos.leclercdrive.fr/image.ashx?id=2878072&use=l&cat=p&typeid=i","cat":284606},{"id":207615,"n":"Lessive capsule L'Arbre Vert Savon végétal - x24","p":8.88,"u":"14,03 €/KG","img":"https://fd9-photos.leclercdrive.fr/image.ashx?id=2742126&use=l&cat=p&typeid=i","cat":284641},{"id":207627,"n":"ST MARC Pistolet Antibactérien - 750ml","p":1.88,"u":"2,51 €/L","img":"https://fd9-photos.leclercdrive.fr/image.ashx?id=2528054&use=l&cat=p&typeid=i","cat":325357},{"id":208271,"n":"Capsules café L'Or Espresso Forza N°9 x50","p":13.67,"u":"52,58 €/KG","img":"https://fd9-photos.leclercdrive.fr/image.ashx?id=3000471&use=l&cat=p&typeid=i","cat":284749},{"id":208323,"n":"Franck Provost Shampooing Expert Nutrition Antifrizz 0.4L","p":4.06,"u":"10,15 €/L","img":"https://fd9-photos.leclercdrive.fr/image.ashx?id=2974396&use=l&cat=p&typeid=i","cat":284606},{"id":208330,"n":"Lait Corps nourrissant Mixa Effet Soleil Karité - 250ml","p":4.73,"u":"18,92 €/L","img":"https://fd9-photos.leclercdrive.fr/image.ashx?id=2530017&use=l&cat=p&typeid=i","cat":325349},{"id":208385,"n":"Capsules café L'Or Espresso Delizioso N°5 x50","p":13.67,"u":"52,58 €/KG","img":"https://fd9-photos.leclercdrive.fr/image.ashx?id=2788064&use=l&cat=p&typeid=i","cat":284749},{"id":208417,"n":"Capsules café L'Or Espresso Ristretto N°11 x50","p":13.66,"u":"52,54 €/KG","img":"https://fd9-photos.leclercdrive.fr/image.ashx?id=3000474&use=l&cat=p&typeid=i","cat":284749},{"id":208421,"n":"Infusion fruits rouges Elephant Touche de menthe - 40g","p":2.69,"u":"67,25 €/KG","img":"https://fd9-photos.leclercdrive.fr/image.ashx?id=2813104&use=l&cat=p&typeid=i","cat":293234},{"id":208426,"n":"Infusion Eléphant Tilleul Citron  - x20 - 28g","p":2.73,"u":"97,50 €/KG","img":"https://fd9-photos.leclercdrive.fr/image.ashx?id=2530284&use=l&cat=p&typeid=i","cat":293234},{"id":208484,"n":"Chips paysanne Lay's Saveur Oignon de Roscoff - 120g","p":1.47,"u":"12,25 €/KG","img":"https://fd9-photos.leclercdrive.fr/image.ashx?id=2810777&use=l&cat=p&typeid=i","cat":284447},{"id":208636,"n":"Purée Mousline Crème et noix de muscade - 500g","p":3.11,"u":"6,22 €/KG","img":"https://fd9-photos.leclercdrive.fr/image.ashx?id=3011728&use=l&cat=p&typeid=i","cat":284431},{"id":208638,"n":"Purée Mousline x3 sachets - 195g","p":1.41,"u":"7,23 €/KG","img":"https://fd9-photos.leclercdrive.fr/image.ashx?id=3004414&use=l&cat=p&typeid=i","cat":284431},{"id":208642,"n":"Purée Mousline x4 - 520g","p":2.39,"u":"4,60 €/KG","img":"https://fd9-photos.leclercdrive.fr/image.ashx?id=3011734&use=l&cat=p&typeid=i","cat":284431},{"id":208651,"n":"Purée Mousline  x8 - 1.04 kg","p":4.38,"u":"4,21 €/KG","img":"https://fd9-photos.leclercdrive.fr/image.ashx?id=2986780&use=l&cat=p&typeid=i","cat":284431},{"id":208658,"n":"Biscuit P'tit Deli Chocolat lait blanc - 150g","p":1.75,"u":"11,67 €/KG","img":"https://fd9-photos.leclercdrive.fr/image.ashx?id=2684835&use=l&cat=p&typeid=i","cat":284488},{"id":208749,"n":"Riz long grain 10 min Lustucru  x5 - 900g","p":2.15,"u":"2,39 €/KG","img":"https://fd9-photos.leclercdrive.fr/image.ashx?id=2963739&use=l&cat=p&typeid=i","cat":284428},{"id":208750,"n":"Purée Mousline x3 - 375g","p":2.56,"u":"6,83 €/KG","img":"https://fd9-photos.leclercdrive.fr/image.ashx?id=2940135&use=l&cat=p&typeid=i","cat":284431},{"id":208751,"n":"Riz long grain 10 min Lustucru x5 - 450g","p":1.44,"u":"3,20 €/KG","img":"https://fd9-photos.leclercdrive.fr/image.ashx?id=2955830&use=l&cat=p&typeid=i","cat":284428},{"id":208759,"n":"Purée Mousline  Presse purée - 375g","p":2.81,"u":"7,49 €/KG","img":"https://fd9-photos.leclercdrive.fr/image.ashx?id=2940117&use=l&cat=p&typeid=i","cat":284431},{"id":208761,"n":"Purée Mousline x4 - 125g","p":1.2,"u":"9,60 €/KG","img":"https://fd9-photos.leclercdrive.fr/image.ashx?id=2940126&use=l&cat=p&typeid=i","cat":284431},{"id":208763,"n":"Dentifrice Colgate Max Fresh Cristaux fraicheur - 75ml","p":1.89,"u":"25,20 €/L","img":"https://fd9-photos.leclercdrive.fr/image.ashx?id=2957311&use=l&cat=p&typeid=i","cat":284612},{"id":208772,"n":"Gel douche Sanex Natural Prebiotic - Sensitive - 425ml","p":4.56,"u":"10,73 €/L","img":"https://fd9-photos.leclercdrive.fr/image.ashx?id=2757857&use=l&cat=p&typeid=i","cat":284594},{"id":208774,"n":"Crème corps nourrissante Mixa Peaux extra sèches - 400ml","p":4.59,"u":"11,48 €/L","img":"https://fd9-photos.leclercdrive.fr/image.ashx?id=2533862&use=l&cat=p&typeid=i","cat":325350},{"id":208776,"n":"Gel douche Tahiti Vanille et huile de coco 250ml","p":1.96,"u":"7,84 €/L","img":"https://fd9-photos.leclercdrive.fr/image.ashx?id=2533130&use=l&cat=p&typeid=i","cat":284594},{"id":208786,"n":"Thé glacé Lipton Ice Tea Pêche La bouteille de 1.25L","p":1.45,"u":"1,16 €/L","img":"https://fd9-photos.leclercdrive.fr/image.ashx?id=2731567&use=l&cat=p&typeid=i","cat":295019},{"id":208788,"n":"Thé glacé Lipton Ice Tea Pêche  Sans sucres bouteille de 1.25L","p":1.6,"u":"1,28 €/L","img":"https://fd9-photos.leclercdrive.fr/image.ashx?id=2731570&use=l&cat=p&typeid=i","cat":295019},{"id":208806,"n":"Grilletine blé complet Pasquier Sans sucre ajouté - 255g","p":2.06,"u":"8,08 €/KG","img":"https://fd9-photos.leclercdrive.fr/image.ashx?id=2533559&use=l&cat=p&typeid=i","cat":284479},{"id":208856,"n":"Dentifrice Colgate Tonigencyl Expert - 75ml","p":2.08,"u":"27,73 €/L","img":"https://fd9-photos.leclercdrive.fr/image.ashx?id=2859992&use=l&cat=p&typeid=i","cat":284612},{"id":208867,"n":"Serum physiologique Prorhinel 30x5ml","p":3.13,"u":"20,87 €/L","img":"https://fd9-photos.leclercdrive.fr/image.ashx?id=2878303&use=l&cat=p&typeid=i","cat":284741},{"id":209057,"n":"Céréales bébé P'TITE CEREALE chocolat biscuit 12M+ - 415g","p":3.24,"u":"7,81 €/KG","img":"https://fd9-photos.leclercdrive.fr/image.ashx?id=2537303&use=l&cat=p&typeid=i","cat":312225},{"id":209060,"n":"Chips nature Lay's Sel - 6x25g","p":2.02,"u":"13,47 €/KG","img":"https://fd9-photos.leclercdrive.fr/image.ashx?id=3011143&use=l&cat=p&typeid=i","cat":284447},{"id":209064,"n":"Céréales bébé BABICAO Cacao 10M+ - 400g","p":3.42,"u":"8,55 €/KG","img":"https://fd9-photos.leclercdrive.fr/image.ashx?id=2537294&use=l&cat=p&typeid=i","cat":312225},{"id":209066,"n":"Céréales bébé P'TITE CEREALE Vanille Biscuit 12M+ - 415g","p":3.24,"u":"7,81 €/KG","img":"https://fd9-photos.leclercdrive.fr/image.ashx?id=2537297&use=l&cat=p&typeid=i","cat":312225},{"id":209093,"n":"Adoucissant Soupline Magnolia & lavande - x60 1.28L","p":6.38,"u":"4,91 €/L","img":"https://fd9-photos.leclercdrive.fr/image.ashx?id=2832569&use=l&cat=p&typeid=i","cat":284650},{"id":209094,"n":"Adoucissant Soupline Concentré Mandarine Vanille x60 - 1.28ml","p":6.2,"u":"4,84 €/L","img":"https://fd9-photos.leclercdrive.fr/image.ashx?id=2832572&use=l&cat=p&typeid=i","cat":284650},{"id":209113,"n":"Pâtes Collezione Barilla Farfalle Generose - 500g","p":1.65,"u":"3,30 €/KG","img":"https://fd9-photos.leclercdrive.fr/image.ashx?id=2654122&use=l&cat=p&typeid=i","cat":284427},{"id":209137,"n":"Blanc de poulet Tradilège Doré au four - 240g","p":1.97,"u":"8,21 €/KG","img":"https://fd9-photos.leclercdrive.fr/image.ashx?id=2925759&use=l&cat=p&typeid=i","cat":316010},{"id":209151,"n":"Pâtes Torti Legumes Panzani 3 Minutes - 500G","p":1.46,"u":"2,92 €/KG","img":"https://fd9-photos.leclercdrive.fr/image.ashx?id=2896117&use=l&cat=p&typeid=i","cat":284427},{"id":209179,"n":"Crème dépilatoire Expert Veet Bikini Maillot Intégral 200ml","p":8.78,"u":"87,80 €/L","img":"https://fd9-photos.leclercdrive.fr/image.ashx?id=2964968&use=l&cat=p&typeid=i","cat":325351},{"id":209208,"n":"Sauce soja Suzi Wan Sucrée - 135ml","p":1.92,"u":"14,22 €/KG","img":"https://fd9-photos.leclercdrive.fr/image.ashx?id=2892931&use=l&cat=p&typeid=i","cat":288992},{"id":209209,"n":"Sauce soja Suzi Wan 250ml","p":2.74,"u":"10,96 €/L","img":"https://fd9-photos.leclercdrive.fr/image.ashx?id=2990880&use=l&cat=p&typeid=i","cat":288992},{"id":209301,"n":"Thé vert glacé Lipton Ice Tea Citron vert menthe - 1.25L","p":1.67,"u":"1,34 €/L","img":"https://fd9-photos.leclercdrive.fr/image.ashx?id=2731579&use=l&cat=p&typeid=i","cat":295019},{"id":209302,"n":"Thé glacé Lipton Ice Tea Citron/citron vert - 1.25L","p":1.58,"u":"1,26 €/L","img":"https://fd9-photos.leclercdrive.fr/image.ashx?id=2731573&use=l&cat=p&typeid=i","cat":295019},{"id":209306,"n":"Thé glacé Lipton Ice Tea Mangue - 1.25L","p":2.02,"u":"1,62 €/L","img":"https://fd9-photos.leclercdrive.fr/image.ashx?id=2731585&use=l&cat=p&typeid=i","cat":295019},{"id":209309,"n":"Thé glacé Lipton Ice Tea Framboise - 1.25L","p":1.71,"u":"1,37 €/L","img":"https://fd9-photos.leclercdrive.fr/image.ashx?id=2731588&use=l&cat=p&typeid=i","cat":295019},{"id":209345,"n":"Chair de crabe Côte de Mer 102g","p":2.99,"u":"28,48 €/KG","img":"https://fd9-photos.leclercdrive.fr/image.ashx?id=2557482&use=l&cat=p&typeid=i","cat":305147},{"id":209351,"n":"Pointes d'asperges Géant Vert blanches - 110g","p":3.78,"u":"17,83 €/L","img":"https://fd9-photos.leclercdrive.fr/image.ashx?id=2840557&use=l&cat=p&typeid=i","cat":312611},{"id":209355,"n":"Aubergines cuisinées D'Aucy 380g","p":2.33,"u":"6,13 €/KG","img":"https://fd9-photos.leclercdrive.fr/image.ashx?id=2539509&use=l&cat=p&typeid=i","cat":312612},{"id":209368,"n":"Thé glacé Lipton Ice Tea Pêche La bouteille de 1.75L","p":1.82,"u":"1,04 €/L","img":"https://fd9-photos.leclercdrive.fr/image.ashx?id=2731594&use=l&cat=p&typeid=i","cat":295019},{"id":209424,"n":"Yaourt bifidus Activia céréales Poire et aux fruits - 4x115g","p":2.48,"u":"5,39 €/KG","img":"https://fd9-photos.leclercdrive.fr/image.ashx?id=2901641&use=l&cat=p&typeid=i","cat":315000},{"id":209426,"n":"Crème dessert Danette Caramel lit chocolat - 4x125g","p":1.7,"u":"3,40 €/KG","img":"https://fd9-photos.leclercdrive.fr/image.ashx?id=2926251&use=l&cat=p&typeid=i","cat":285041},{"id":209430,"n":"Skyr Danone Citron 0%mg - 2x140g","p":2.36,"u":"8,43 €/KG","img":"https://fd9-photos.leclercdrive.fr/image.ashx?id=2851728&use=l&cat=p&typeid=i","cat":315000},{"id":209431,"n":"Skyr Danone Fraise 0%mg - 2x140g","p":2.1,"u":"7,50 €/KG","img":"https://fd9-photos.leclercdrive.fr/image.ashx?id=2755270&use=l&cat=p&typeid=i","cat":315000},{"id":209432,"n":"Skyr Danone Vanille 0%mg - 2x140g","p":2.1,"u":"7,50 €/KG","img":"https://fd9-photos.leclercdrive.fr/image.ashx?id=2944654&use=l&cat=p&typeid=i","cat":315000},{"id":209465,"n":"Sirop Teisseire Ice Tea Pêche Bidon - 60cl","p":3.3,"u":"5,50 €/L","img":"https://fd9-photos.leclercdrive.fr/image.ashx?id=2539710&use=l&cat=p&typeid=i","cat":295020},{"id":209491,"n":"Couscous moyen Ferrero sachet -500g","p":1.63,"u":"3,26 €/KG","img":"https://fd9-photos.leclercdrive.fr/image.ashx?id=2869561&use=l&cat=p&typeid=i","cat":284429},{"id":209494,"n":"Salade & Cie Sodebo Roma Jambon Speck - 320g","p":3.04,"u":"9,50 €/KG","img":"https://fd9-photos.leclercdrive.fr/image.ashx?id=2732413&use=l&cat=p&typeid=i","cat":333657},{"id":209495,"n":"Salade & Cie Sodebo Manhattan Poulet rôti - 320g","p":2.9,"u":"9,06 €/KG","img":"https://fd9-photos.leclercdrive.fr/image.ashx?id=2732407&use=l&cat=p&typeid=i","cat":333657},{"id":209496,"n":"Salade & Cie Sodebo Montmartre Jambon supérieur - 320g","p":3.1,"u":"9,69 €/KG","img":"https://fd9-photos.leclercdrive.fr/image.ashx?id=2868945&use=l&cat=p&typeid=i","cat":333657},{"id":209510,"n":"Chips nature Lay's Sel - 250g","p":2.21,"u":"8,84 €/KG","img":"https://fd9-photos.leclercdrive.fr/image.ashx?id=2995073&use=l&cat=p&typeid=i","cat":284447},{"id":209514,"n":"Chips Lay's Nature - 135g","p":1.28,"u":"9,48 €/KG","img":"https://fd9-photos.leclercdrive.fr/image.ashx?id=2994482&use=l&cat=p&typeid=i","cat":284447},{"id":209593,"n":"Brioche Muffin La Boulangère x5 - 250g","p":1.45,"u":"5,80 €/KG","img":"https://fd9-photos.leclercdrive.fr/image.ashx?id=2912443&use=l&cat=p&typeid=i","cat":284478},{"id":209597,"n":"Compote Allégée en sucres Eco+ Bocal pomme poire - 720g","p":1.13,"u":"1,57 €/KG","img":"https://fd9-photos.leclercdrive.fr/image.ashx?id=2953206&use=l&cat=p&typeid=i","cat":284508},{"id":209598,"n":"Compote Allégée en sucres Eco+ Bocal pomme banane - 720g","p":1.03,"u":"1,43 €/KG","img":"https://fd9-photos.leclercdrive.fr/image.ashx?id=2953209&use=l&cat=p&typeid=i","cat":284508},{"id":209599,"n":"Capsules café L'Or Espresso Lungo Profondo N°8 x50","p":15.35,"u":"59,04 €/KG","img":"https://fd9-photos.leclercdrive.fr/image.ashx?id=2540898&use=l&cat=p&typeid=i","cat":284749},{"id":209600,"n":"Capsules café L'Or Espresso Splendente N°7 x50","p":13.67,"u":"52,58 €/KG","img":"https://fd9-photos.leclercdrive.fr/image.ashx?id=3000477&use=l&cat=p&typeid=i","cat":284749},{"id":209601,"n":"Thé vert Lipton Menthe intense - x20 - 32g","p":1.6,"u":"50,00 €/KG","img":"https://fd9-photos.leclercdrive.fr/image.ashx?id=2540907&use=l&cat=p&typeid=i","cat":293233},{"id":209648,"n":"Briochettes pépites de chocolat Pasquier - 400g","p":2.93,"u":"7,33 €/KG","img":"https://fd9-photos.leclercdrive.fr/image.ashx?id=2541196&use=l&cat=p&typeid=i","cat":296366},{"id":209686,"n":"Thé vert Lipton Myrtille et mure - x20 - 32g","p":2.27,"u":"70,94 €/KG","img":"https://fd9-photos.leclercdrive.fr/image.ashx?id=2542816&use=l&cat=p&typeid=i","cat":293233},{"id":209688,"n":"Thé vert menthe Lipton Asie - x30s - 48g","p":2.55,"u":"53,13 €/KG","img":"https://fd9-photos.leclercdrive.fr/image.ashx?id=2542819&use=l&cat=p&typeid=i","cat":293233},{"id":209691,"n":"Thé vert Lipton x30s - 39g","p":2.44,"u":"62,56 €/KG","img":"https://fd9-photos.leclercdrive.fr/image.ashx?id=2542822&use=l&cat=p&typeid=i","cat":293233},{"id":209722,"n":"Dessert Glacé Viennetta Caramel beurre salé - 320g","p":2.11,"u":"6,59 €/KG","img":"https://fd9-photos.leclercdrive.fr/image.ashx?id=2802836&use=l&cat=p&typeid=i","cat":284266},{"id":209733,"n":"Dessert Glacé Viennetta Vanille -  320g","p":2.23,"u":"6,97 €/KG","img":"https://fd9-photos.leclercdrive.fr/image.ashx?id=3009182&use=l&cat=p&typeid=i","cat":284266},{"id":209739,"n":"Adoucissant concentré Soupline Hypoallergénique 64 lav. 1,35L","p":5.04,"u":"3,73 €/L","img":"https://fd9-photos.leclercdrive.fr/image.ashx?id=2831185&use=l&cat=p&typeid=i","cat":284650},{"id":209800,"n":"Lait Corps Nourrissant Nivea Peaux très sèches - 400ml","p":4.06,"u":"10,15 €/L","img":"https://fd9-photos.leclercdrive.fr/image.ashx?id=2544476&use=l&cat=p&typeid=i","cat":325349},{"id":209801,"n":"Rasoirs jetables Wilkinson Xtreme 3 - Pure sensitive - x12","p":11.68,"u":"0,97 €/P","img":"https://fd9-photos.leclercdrive.fr/image.ashx?id=2861719&use=l&cat=p&typeid=i","cat":284616},{"id":209805,"n":"Rasoirs Essential 2 Wilkinson Precision plastique recyclé x12","p":5.46,"u":"0,46 €/P","img":"https://fd9-photos.leclercdrive.fr/image.ashx?id=2736337&use=l&cat=p&typeid=i","cat":284616},{"id":209858,"n":"Parfum de linge Soupline Spray Brume Grand Air - 250 ml","p":5.1,"u":"20,40 €/L","img":"https://fd9-photos.leclercdrive.fr/image.ashx?id=2544584&use=l&cat=p&typeid=i","cat":325302},{"id":209859,"n":"Déboucheur Liquide Destop  4 doses - 950ml","p":2.98,"u":"3,14 €/L","img":"https://fd9-photos.leclercdrive.fr/image.ashx?id=2832161&use=l&cat=p&typeid=i","cat":284908},{"id":209860,"n":"Déboucheur Gel Destop  Express - 4 doses - 950ml","p":2.85,"u":"3,00 €/L","img":"https://fd9-photos.leclercdrive.fr/image.ashx?id=2832164&use=l&cat=p&typeid=i","cat":284908},{"id":209863,"n":"Gel anti-calcaire Calgon  4 en 1 - 750ml","p":5.05,"u":"6,73 €/L","img":"https://fd9-photos.leclercdrive.fr/image.ashx?id=2963475&use=l&cat=p&typeid=i","cat":284653},{"id":209865,"n":"Gel anti-calcaire Calgon  4 en 1 - 2,25L","p":13.18,"u":"5,86 €/L","img":"https://fd9-photos.leclercdrive.fr/image.ashx?id=2953932&use=l&cat=p&typeid=i","cat":284653},{"id":209866,"n":"Infusion Elephant  Pêche Abricot - x20 38g","p":2.39,"u":"62,89 €/KG","img":"https://fd9-photos.leclercdrive.fr/image.ashx?id=2544617&use=l&cat=p&typeid=i","cat":293234},{"id":209869,"n":"Infusion Elephant Pomme cannelle - 36g","p":1.99,"u":"55,28 €/KG","img":"https://fd9-photos.leclercdrive.fr/image.ashx?id=2544614&use=l&cat=p&typeid=i","cat":293234},{"id":209875,"n":"Gel WC 100% Détartrant Harpic 5 min Chrono - 750ml","p":1.58,"u":"2,11 €/L","img":"https://fd9-photos.leclercdrive.fr/image.ashx?id=2864687&use=l&cat=p&typeid=i","cat":284662},{"id":209877,"n":"Aérosol Fabulon  Pressing express - 400ml","p":4.31,"u":"10,78 €/L","img":"https://fd9-photos.leclercdrive.fr/image.ashx?id=2544410&use=l&cat=p&typeid=i","cat":284652},{"id":209878,"n":"Spray vitres Ajax Triple action - 750ml","p":1.93,"u":"2,57 €/L","img":"https://fd9-photos.leclercdrive.fr/image.ashx?id=2544581&use=l&cat=p&typeid=i","cat":325363},{"id":209879,"n":"Spray nettoyant La Croix Salle de bain - 500ml","p":1.86,"u":"3,72 €/L","img":"https://fd9-photos.leclercdrive.fr/image.ashx?id=2544587&use=l&cat=p&typeid=i","cat":325357},{"id":209891,"n":"Nettoyant lave-vaisselle Finish  Intégral Anti-Odeurs - 250ml","p":3.18,"u":"12,72 €/L","img":"https://fd9-photos.leclercdrive.fr/image.ashx?id=2659735&use=l&cat=p&typeid=i","cat":284657},{"id":209893,"n":"Détachant poudre Vanish  940g","p":9.93,"u":"10,56 €/KG","img":"https://fd9-photos.leclercdrive.fr/image.ashx?id=2680308&use=l&cat=p&typeid=i","cat":284651},{"id":209894,"n":"Adoucissant concentré Soupline  Lavande 60 lavages 1,35 L","p":5.48,"u":"4,06 €/L","img":"https://fd9-photos.leclercdrive.fr/image.ashx?id=2912716&use=l&cat=p&typeid=i","cat":284650},{"id":209900,"n":"Biscuit Pick Up! Fourré lait - 168g","p":2.21,"u":"13,15 €/KG","img":"https://fd9-photos.leclercdrive.fr/image.ashx?id=2561314&use=l&cat=p&typeid=i","cat":284488},{"id":209996,"n":"Détachant Gel Vanish  750ml","p":5.53,"u":"7,37 €/L","img":"https://fd9-photos.leclercdrive.fr/image.ashx?id=2878108&use=l&cat=p&typeid=i","cat":284651},{"id":210011,"n":"Détachant poudre Vanish  Blanc - 940g","p":9.93,"u":"10,56 €/KG","img":"https://fd9-photos.leclercdrive.fr/image.ashx?id=2680311&use=l&cat=p&typeid=i","cat":284651},{"id":210015,"n":"Nettoyant ménager La Croix Spray - Ultra cuisine - 500ml","p":1.82,"u":"3,64 €/L","img":"https://fd9-photos.leclercdrive.fr/image.ashx?id=2545216&use=l&cat=p&typeid=i","cat":325357},{"id":210047,"n":"Gel douche Sanex Natural Prebiotic - Enfants - 425m","p":4.85,"u":"11,41 €/L","img":"https://fd9-photos.leclercdrive.fr/image.ashx?id=2545219&use=l&cat=p&typeid=i","cat":284594},{"id":210048,"n":"Gel douche Sanex Hypoallergenique - 425ml","p":4.23,"u":"9,95 €/L","img":"https://fd9-photos.leclercdrive.fr/image.ashx?id=2757860&use=l&cat=p&typeid=i","cat":284594},{"id":210050,"n":"Gel douche Sanex Natural Prebiotic Protection + - 425ml","p":4.18,"u":"9,84 €/L","img":"https://fd9-photos.leclercdrive.fr/image.ashx?id=2757872&use=l&cat=p&typeid=i","cat":284594},{"id":210052,"n":"Pop up Smarties 4x52g","p":3.67,"u":"17,64 €/KG","img":"https://fd9-photos.leclercdrive.fr/image.ashx?id=2557734&use=l&cat=p&typeid=i","cat":285250},{"id":210067,"n":"Riz Lustucru 900g","p":2.38,"u":"2,64 €/KG","img":"https://fd9-photos.leclercdrive.fr/image.ashx?id=2963742&use=l&cat=p&typeid=i","cat":284428},{"id":210076,"n":"Gel douche Tahiti Coco & Huile de coco - 250ml","p":2.01,"u":"8,04 €/L","img":"https://fd9-photos.leclercdrive.fr/image.ashx?id=2545897&use=l&cat=p&typeid=i","cat":284594},{"id":210254,"n":"Brossettes Oral-B Pro Cross Action - x4","p":18.48,"img":"https://fd9-photos.leclercdrive.fr/image.ashx?id=2743643&use=l&cat=p&typeid=i","cat":297133},{"id":210703,"n":"Terrine Tous mes amis Volaille carottes - 1.2kg","p":1.95,"u":"1,63 €/KG","img":"https://fd9-photos.leclercdrive.fr/image.ashx?id=2815758&use=l&cat=p&typeid=i","cat":288578},{"id":210705,"n":"Dragées chocolatées M&M's Cacahuètes - 250g","p":3.09,"u":"12,36 €/KG","img":"https://fd9-photos.leclercdrive.fr/image.ashx?id=3003393&use=l&cat=p&typeid=i","cat":304238},{"id":210708,"n":"Coulis Sainte Lucie Fruits rouges  - 110g","p":3.05,"u":"27,73 €/KG","img":"https://fd9-photos.leclercdrive.fr/image.ashx?id=2551093&use=l&cat=p&typeid=i","cat":284504},{"id":210717,"n":"Boulettes de boeuf Eco+ 1.2kg","p":1.53,"img":"https://fd9-photos.leclercdrive.fr/image.ashx?id=2815740&use=l&cat=p&typeid=i","cat":288578},{"id":210803,"n":"Adoucissant Hyperdou Douceur de pêche - 1.9L - x27","p":2.42,"u":"1,27 €/L","img":"https://fd9-photos.leclercdrive.fr/image.ashx?id=2974834&use=l&cat=p&typeid=i","cat":284650},{"id":210804,"n":"Adoucissant Hyperdou Rêve de fraîcheur - 1.9L - x27","p":2.15,"u":"1,13 €/L","img":"https://fd9-photos.leclercdrive.fr/image.ashx?id=2958762&use=l&cat=p&typeid=i","cat":284650},{"id":210806,"n":"Adoucissant Hyperdou Senstive - 1.9L - x27","p":2.38,"u":"1,25 €/L","img":"https://fd9-photos.leclercdrive.fr/image.ashx?id=2974843&use=l&cat=p&typeid=i","cat":284650},{"id":210821,"n":"Pommes rissolées Findus 590g","p":2.39,"u":"4,05 €/KG","img":"https://fd9-photos.leclercdrive.fr/image.ashx?id=2790099&use=l&cat=p&typeid=i","cat":319792},{"id":210823,"n":"Pommes noisette Findus 500g","p":2.23,"u":"4,46 €/KG","img":"https://fd9-photos.leclercdrive.fr/image.ashx?id=2865866&use=l&cat=p&typeid=i","cat":319792},{"id":210824,"n":"Pommes noisette Findus 900g","p":3.67,"u":"4,08 €/KG","img":"https://fd9-photos.leclercdrive.fr/image.ashx?id=2899500&use=l&cat=p&typeid=i","cat":319792},{"id":210889,"n":"Yaourt à boire Eco+ Fraise - 850g","p":1.33,"u":"1,56 €/KG","img":"https://fd9-photos.leclercdrive.fr/image.ashx?id=2552033&use=l&cat=p&typeid=i","cat":284415},{"id":210946,"n":"Margarine Planta Fin  Demi-sel 100% végétal - 450g","p":2.88,"u":"6,40 €/KG","img":"https://fd9-photos.leclercdrive.fr/image.ashx?id=2989474&use=l&cat=p&typeid=i","cat":315229},{"id":210948,"n":"Margarine Planta Fin Doux 100% végétal - 450g","p":2.49,"u":"5,53 €/KG","img":"https://fd9-photos.leclercdrive.fr/image.ashx?id=2989477&use=l&cat=p&typeid=i","cat":315229},{"id":210952,"n":"Tiramisu Eco+ 2x80g","p":1.12,"u":"7,00 €/KG","img":"https://fd9-photos.leclercdrive.fr/image.ashx?id=2552496&use=l&cat=p&typeid=i","cat":284419},{"id":210961,"n":"Le Fondant Mamie Nova Pistache - 2x150g","p":1.46,"u":"4,87 €/KG","img":"https://fd9-photos.leclercdrive.fr/image.ashx?id=2886957&use=l&cat=p&typeid=i","cat":285041},{"id":210965,"n":"Le Fondant Mamie Nova Caramel beurre salé - 2x150g","p":1.57,"u":"5,23 €/KG","img":"https://fd9-photos.leclercdrive.fr/image.ashx?id=2909038&use=l&cat=p&typeid=i","cat":285041},{"id":210968,"n":"Tajine de boeuf Fleury Michon 350g","p":3.51,"u":"10,03 €/KG","img":"https://fd9-photos.leclercdrive.fr/image.ashx?id=2656730&use=l&cat=p&typeid=i","cat":333665},{"id":210975,"n":"Cabillaud Fondue de poireaux Weight Watchers - 290g","p":4.75,"u":"16,38 €/KG","img":"https://fd9-photos.leclercdrive.fr/image.ashx?id=2610882&use=l&cat=p&typeid=i","cat":333665},{"id":210976,"n":"Émincés de boeuf Marie Sauce au poivre - 300g","p":4.73,"u":"15,77 €/KG","img":"https://fd9-photos.leclercdrive.fr/image.ashx?id=2554178&use=l&cat=p&typeid=i","cat":333665},{"id":211044,"n":"Gel Toilette Intime Extra Doux Intima Natural Hamamélis 500ml","p":5.89,"u":"11,78 €/L","img":"https://fd9-photos.leclercdrive.fr/image.ashx?id=2959877&use=l&cat=p&typeid=i","cat":284627},{"id":211052,"n":"Café moulu San Marco Supremo N°8 - 2x250g","p":10.49,"u":"20,98 €/KG","img":"https://fd9-photos.leclercdrive.fr/image.ashx?id=2553662&use=l&cat=p&typeid=i","cat":284750},{"id":211079,"n":"Terrine Tous Mes Amis 3x1.2kg","p":5.85,"u":"1,63 €/KG","img":"https://fd9-photos.leclercdrive.fr/image.ashx?id=2815770&use=l&cat=p&typeid=i","cat":288578},{"id":211080,"n":"Pectine sucrée Sainte Lucie 35g","p":2.76,"u":"78,86 €/KG","img":"https://fd9-photos.leclercdrive.fr/image.ashx?id=2554094&use=l&cat=p&typeid=i","cat":284504},{"id":211082,"n":"Soda Canada Dry Ginger Ale 6x33cl","p":3.87,"u":"1,95 €/L","img":"https://fd9-photos.leclercdrive.fr/image.ashx?id=2669097&use=l&cat=p&typeid=i","cat":284531},{"id":211083,"n":"Persillade Sainte Lucie 24g","p":3.77,"u":"157,08 €/KG","img":"https://fd9-photos.leclercdrive.fr/image.ashx?id=2974345&use=l&cat=p&typeid=i","cat":298297},{"id":211095,"n":"Dessert végétal Alpro Fraise - 500g","p":1.91,"u":"3,82 €/KG","img":"https://fd9-photos.leclercdrive.fr/image.ashx?id=2976071&use=l&cat=p&typeid=i","cat":316071},{"id":211103,"n":"Ail des ours Sainte Lucie 9g","p":2.56,"u":"284,44 €/KG","img":"https://fd9-photos.leclercdrive.fr/image.ashx?id=2554091&use=l&cat=p&typeid=i","cat":298297},{"id":211113,"n":"Poivre 5 baies Sainte Lucie 80g","p":4.39,"u":"54,88 €/KG","img":"https://fd9-photos.leclercdrive.fr/image.ashx?id=2554106&use=l&cat=p&typeid=i","cat":298297},{"id":211157,"n":"Adoucissant Soupline Grand Air - 1,9L","p":4.23,"u":"2,23 €/L","img":"https://fd9-photos.leclercdrive.fr/image.ashx?id=2976878&use=l&cat=p&typeid=i","cat":284650},{"id":211178,"n":"Papier cuisson Alfapac Rouleau 12m","p":2.49,"pp":1.49,"img":"https://fd9-photos.leclercdrive.fr/image.ashx?id=2887737&use=l&cat=p&typeid=i","cat":334134},{"id":211397,"n":"Cacahuetes caramélisées Tokapi Salé - 150g","p":1.4,"u":"9,33 €/KG","img":"https://fd9-photos.leclercdrive.fr/image.ashx?id=2793329&use=l&cat=p&typeid=i","cat":284448},{"id":211398,"n":"Amandes  Tokapi 200g","p":2.78,"u":"13,90 €/KG","img":"https://fd9-photos.leclercdrive.fr/image.ashx?id=2793326&use=l&cat=p&typeid=i","cat":284448},{"id":211411,"n":"Noix de muscade Sainte Lucie 18g","p":3.01,"u":"167,22 €/KG","img":"https://fd9-photos.leclercdrive.fr/image.ashx?id=2975176&use=l&cat=p&typeid=i","cat":298297},{"id":211413,"n":"Céréales Kit Kat 330g","p":3.67,"u":"11,12 €/KG","img":"https://fd9-photos.leclercdrive.fr/image.ashx?id=2989453&use=l&cat=p&typeid=i","cat":309513},{"id":211414,"n":"Céréales Miel Pops Kellogg's 330g","p":2.16,"u":"6,55 €/KG","img":"https://fd9-photos.leclercdrive.fr/image.ashx?id=3003423&use=l&cat=p&typeid=i","cat":309513},{"id":211415,"n":"Poules aux vermicelles Maggi 3x59g","p":1.25,"u":"7,06 €/KG","img":"https://fd9-photos.leclercdrive.fr/image.ashx?id=2556345&use=l&cat=p&typeid=i","cat":284463},{"id":211430,"n":"Persil Sainte Lucie Feuilles coupées - 60g","p":3.59,"u":"59,83 €/KG","img":"https://fd9-photos.leclercdrive.fr/image.ashx?id=2557326&use=l&cat=p&typeid=i","cat":298297},{"id":211432,"n":"Court bouillon Maggi Legumes et vin blanc 150g","p":1.53,"u":"10,20 €/KG","img":"https://fd9-photos.leclercdrive.fr/image.ashx?id=2557740&use=l&cat=p&typeid=i","cat":288379},{"id":211436,"n":"Weetabix crispy  Minis choco - 500g","p":3.76,"u":"7,52 €/KG","img":"https://fd9-photos.leclercdrive.fr/image.ashx?id=2971311&use=l&cat=p&typeid=i","cat":309512},{"id":211437,"n":"Céréales Kellogg's Rice Krispies - 360g","p":2.64,"u":"7,33 €/KG","img":"https://fd9-photos.leclercdrive.fr/image.ashx?id=3003420&use=l&cat=p&typeid=i","cat":309513},{"id":211453,"n":"Bâtonnets Milka Chocolat et vanille x4 - 260g","p":3.36,"u":"12,92 €/KG","img":"https://fd9-photos.leclercdrive.fr/image.ashx?id=2557410&use=l&cat=p&typeid=i","cat":284265},{"id":211470,"n":"Dentifrice Signal Professionnel Action Sensibilité Complet 75ml","p":2.92,"u":"38,93 €/L","img":"https://fd9-photos.leclercdrive.fr/image.ashx?id=2961326&use=l&cat=p&typeid=i","cat":284612},{"id":211478,"n":"Pâte feuilletée Croustipate Au beurre frais - 280g","p":1.98,"u":"7,07 €/KG","img":"https://fd9-photos.leclercdrive.fr/image.ashx?id=2900917&use=l&cat=p&typeid=i","cat":333681},{"id":211512,"n":"Dentifrice Blancheur Signal White Now Original 75ml","p":2.37,"u":"31,60 €/L","img":"https://fd9-photos.leclercdrive.fr/image.ashx?id=2832590&use=l&cat=p&typeid=i","cat":284612},{"id":211513,"n":"Dentifrice Blancheur Signal White now Gold 75ml","p":2.38,"u":"31,73 €/L","img":"https://fd9-photos.leclercdrive.fr/image.ashx?id=2770187&use=l&cat=p&typeid=i","cat":284612},{"id":211520,"n":"Dentifrice Signal Professionnel Sensibilité Gencives 75ml","p":3.38,"u":"45,07 €/L","img":"https://fd9-photos.leclercdrive.fr/image.ashx?id=2961329&use=l&cat=p&typeid=i","cat":284612},{"id":211522,"n":"Dentifrice Signal Professionnel Sensibilité Blancheur 75ml","p":2.92,"u":"38,93 €/L","img":"https://fd9-photos.leclercdrive.fr/image.ashx?id=2961332&use=l&cat=p&typeid=i","cat":284612},{"id":211524,"n":"Dentifrice Signal Sensibilité Fraîcheur - 75ml","p":3.58,"u":"47,73 €/L","img":"https://fd9-photos.leclercdrive.fr/image.ashx?id=2961335&use=l&cat=p&typeid=i","cat":284612},{"id":211525,"n":"Lessive tablettes Persil Bouquet de Provence - x32","p":6.01,"u":"6,26 €/KG","img":"https://fd9-photos.leclercdrive.fr/image.ashx?id=2557809&use=l&cat=p&typeid=i","cat":284641},{"id":211550,"n":"Sel Regénérant Sun Lave Vaisselle Standard 1Kg","p":1.07,"u":"1,07 €/KG","img":"https://fd9-photos.leclercdrive.fr/image.ashx?id=2729434&use=l&cat=p&typeid=i","cat":284657},{"id":211555,"n":"Sun Capsules Lave-Vaisselle Tout en 1 Absolu Brillance x28","p":7.9,"u":"18,81 €/KG","img":"https://fd9-photos.leclercdrive.fr/image.ashx?id=2961350&use=l&cat=p&typeid=i","cat":284656},{"id":211556,"n":"Sun Capsules Lave-Vaisselle Tout en1 Absolu Dégraissant x28","p":7.9,"u":"18,81 €/KG","img":"https://fd9-photos.leclercdrive.fr/image.ashx?id=2961353&use=l&cat=p&typeid=i","cat":284656},{"id":211561,"n":"Déodorant Spray Dove Anti- Transpirant Invisible Dry 100ml","p":3.14,"u":"31,40 €/L","img":"https://fd9-photos.leclercdrive.fr/image.ashx?id=2905711&use=l&cat=p&typeid=i","cat":284595},{"id":211562,"n":"Déodorant Spray Compressé Dove Anti-Transpirant Original 100ml","p":3.17,"u":"31,70 €/L","img":"https://fd9-photos.leclercdrive.fr/image.ashx?id=2793098&use=l&cat=p&typeid=i","cat":284595},{"id":211563,"n":"Déodorant Spray Dove Anti- Transpirant Invisible Dry 200ml","p":2.99,"u":"14,95 €/L","img":"https://fd9-photos.leclercdrive.fr/image.ashx?id=2877244&use=l&cat=p&typeid=i","cat":284595},{"id":211573,"n":"Déodorant Spray Dove Anti- Transpirant Original 200ml","p":3.06,"u":"15,30 €/L","img":"https://fd9-photos.leclercdrive.fr/image.ashx?id=2878486&use=l&cat=p&typeid=i","cat":284595},{"id":211574,"n":"Déodorant semi-compressé Dove Powder soft - 200ml","p":2.88,"u":"14,40 €/L","img":"https://fd9-photos.leclercdrive.fr/image.ashx?id=2961338&use=l&cat=p&typeid=i","cat":284595},{"id":211575,"n":"Déodorant bille Dove   Advanced care invisible - 50ml","p":1.92,"u":"38,40 €/L","img":"https://fd9-photos.leclercdrive.fr/image.ashx?id=2867338&use=l&cat=p&typeid=i","cat":284595},{"id":211579,"n":"Déodorant Bille Dove Anti- Transpirant Original 50ml","p":2.61,"u":"52,20 €/L","img":"https://fd9-photos.leclercdrive.fr/image.ashx?id=2877685&use=l&cat=p&typeid=i","cat":284595},{"id":211598,"n":"Yaourt protéiné Hipro Stracciatella 0%mg - 2x160g","p":2.03,"u":"6,34 €/KG","img":"https://fd9-photos.leclercdrive.fr/image.ashx?id=2807438&use=l&cat=p&typeid=i","cat":315000},{"id":211771,"n":"Chèvre doux poivrons piquillos L'Atelier Blini - 140g","p":3.24,"u":"23,14 €/KG","img":"https://fd9-photos.leclercdrive.fr/image.ashx?id=3001362&use=l&cat=p&typeid=i","cat":315999},{"id":211808,"n":"Olives Noires Confites Tramier  Dénoyautées 150g","p":1.86,"u":"12,40 €/KG","img":"https://fd9-photos.leclercdrive.fr/image.ashx?id=2840829&use=l&cat=p&typeid=i","cat":284450},{"id":211856,"n":"Biscuits Petits Chocos Bonne maman - 250g","p":2.42,"u":"9,68 €/KG","img":"https://fd9-photos.leclercdrive.fr/image.ashx?id=2949997&use=l&cat=p&typeid=i","cat":284488},{"id":212107,"n":"Brosse à dents Colgate Extra-clean médium - x4","p":1.8,"u":"0,45 €/P","img":"https://fd9-photos.leclercdrive.fr/image.ashx?id=2564309&use=l&cat=p&typeid=i","cat":284614},{"id":212110,"n":"Adoucissant Hyperdou Senteur de provence - 1.9L x 27","p":2.39,"u":"1,26 €/L","img":"https://fd9-photos.leclercdrive.fr/image.ashx?id=2974840&use=l&cat=p&typeid=i","cat":284650},{"id":212112,"n":"Céréales Frosties Kellogg's  330g","p":2.26,"u":"6,85 €/KG","img":"https://fd9-photos.leclercdrive.fr/image.ashx?id=2565362&use=l&cat=p&typeid=i","cat":309513},{"id":212248,"n":"Crème glacée La Laitière Chocolat avec copeaux - 490g","p":3.24,"pp":2.27,"u":"4,63 €/KG","img":"https://fd9-photos.leclercdrive.fr/image.ashx?id=3000012&use=l&cat=p&typeid=i","cat":284263},{"id":212267,"n":"Après-shampooing DermaXPro Revitalisant cheveux sec  200ml","p":4.56,"u":"22,80 €/L","img":"https://fd9-photos.leclercdrive.fr/image.ashx?id=2565440&use=l&cat=p&typeid=i","cat":284607},{"id":212274,"n":"Crème de soin DermaXPro Apaise - 145ml","p":5.68,"u":"39,17 €/L","img":"https://fd9-photos.leclercdrive.fr/image.ashx?id=2565425&use=l&cat=p&typeid=i","cat":284608},{"id":212275,"n":"Après-shampooing DermaXPro Apaise - Cheveux secs - 200ml","p":4.62,"u":"23,10 €/L","img":"https://fd9-photos.leclercdrive.fr/image.ashx?id=2565422&use=l&cat=p&typeid=i","cat":284607},{"id":212276,"n":"Après-shampooing DermaXPro Répare - 200ml","p":5.56,"u":"27,80 €/L","img":"https://fd9-photos.leclercdrive.fr/image.ashx?id=2565437&use=l&cat=p&typeid=i","cat":284607},{"id":212277,"n":"Après-shampooing DermaXPro Hydrate - 200ml","p":4.57,"u":"22,85 €/L","img":"https://fd9-photos.leclercdrive.fr/image.ashx?id=2565428&use=l&cat=p&typeid=i","cat":284607},{"id":212465,"n":"Protège-slip Confort Vania Coton Bio - x30","p":2.67,"img":"https://fd9-photos.leclercdrive.fr/image.ashx?id=2735215&use=l&cat=p&typeid=i","cat":284625},{"id":212467,"n":"Protège-slip Protection Vania Large Fresh - x36","p":2.97,"img":"https://fd9-photos.leclercdrive.fr/image.ashx?id=2735233&use=l&cat=p&typeid=i","cat":284625},{"id":212468,"n":"Protège-slips Confort Vania Aloe vera - x56","p":2.38,"img":"https://fd9-photos.leclercdrive.fr/image.ashx?id=2735236&use=l&cat=p&typeid=i","cat":284625},{"id":212469,"n":"Protège-slip Protection Vania Long Fresh - x40","p":2.48,"img":"https://fd9-photos.leclercdrive.fr/image.ashx?id=2735239&use=l&cat=p&typeid=i","cat":284625},{"id":212473,"n":"Liquide de Rinçage Finish  Citron - 800ml","p":5.49,"u":"6,86 €/L","img":"https://fd9-photos.leclercdrive.fr/image.ashx?id=2881966&use=l&cat=p&typeid=i","cat":284657},{"id":212486,"n":"Film étirable Elembal 50m","p":1.8,"u":"0,04 €/MT","img":"https://fd9-photos.leclercdrive.fr/image.ashx?id=2566146&use=l&cat=p&typeid=i","cat":285194},{"id":212504,"n":"Crème hyaluronique Mixa 400ml","p":5.08,"u":"12,70 €/L","img":"https://fd9-photos.leclercdrive.fr/image.ashx?id=2585810&use=l&cat=p&typeid=i","cat":325350},{"id":212570,"n":"Portes-mines jetables Esquisse Rose, beige, bleu - x3","p":0.85,"img":"https://fd9-photos.leclercdrive.fr/image.ashx?id=2943325&use=l&cat=p&typeid=i","cat":284696},{"id":212595,"n":"Litière chats Tous mes Amis Parfumée grise - 5L","p":3.1,"u":"0,62 €/L","img":"https://fd9-photos.leclercdrive.fr/image.ashx?id=2568358&use=l&cat=p&typeid=i","cat":284683},{"id":212643,"n":"Margarine Planta Fin Doux 100% végétal - 225g","p":1.69,"u":"7,51 €/KG","img":"https://fd9-photos.leclercdrive.fr/image.ashx?id=2989471&use=l&cat=p&typeid=i","cat":315229},{"id":212645,"n":"Margarine Planta Fin Demi-sel 100% végétal - 225g","p":1.91,"u":"8,49 €/KG","img":"https://fd9-photos.leclercdrive.fr/image.ashx?id=2989465&use=l&cat=p&typeid=i","cat":315229},{"id":212679,"n":"Céréales Coco Pops Chocos Kellogg's - 330g","p":2.48,"u":"7,52 €/KG","img":"https://fd9-photos.leclercdrive.fr/image.ashx?id=2571683&use=l&cat=p&typeid=i","cat":309513},{"id":212754,"n":"Soupe chinoise Maggi 60g","p":1.12,"u":"18,67 €/KG","img":"https://fd9-photos.leclercdrive.fr/image.ashx?id=2571869&use=l&cat=p&typeid=i","cat":288992},{"id":212764,"n":"Gelée vin de Madère Maggi x2 - 48g","p":1.28,"u":"26,67 €/KG","img":"https://fd9-photos.leclercdrive.fr/image.ashx?id=2570748&use=l&cat=p&typeid=i","cat":288380},{"id":212817,"n":"Nettoyant vitres Ajax Triple action Recharge - 750ml","p":1.67,"u":"2,23 €/L","img":"https://fd9-photos.leclercdrive.fr/image.ashx?id=2842969&use=l&cat=p&typeid=i","cat":325363},{"id":212825,"n":"Safran Sainte Lucie En filaments - 0.20g","p":4.61,"img":"https://fd9-photos.leclercdrive.fr/image.ashx?id=2571173&use=l&cat=p&typeid=i","cat":298297},{"id":212828,"n":"Mélange cajun Sainte Lucie 45g","p":2.33,"u":"51,78 €/KG","img":"https://fd9-photos.leclercdrive.fr/image.ashx?id=2571176&use=l&cat=p&typeid=i","cat":298297},{"id":212922,"n":"Déboucheur Gel Destop  Spécial Cuisine - 1L","p":3.14,"u":"3,14 €/L","img":"https://fd9-photos.leclercdrive.fr/image.ashx?id=2572278&use=l&cat=p&typeid=i","cat":284908},{"id":212934,"n":"Lait bébé poudre Guigoz Optipro 3ème âge - dès 12 mois - 830g","p":10.23,"u":"12,33 €/KG","img":"https://fd9-photos.leclercdrive.fr/image.ashx?id=2895059&use=l&cat=p&typeid=i","cat":290219},{"id":213023,"n":"Pâtée et morceaux chiens Eco+ Boeuf - 1.2kg","p":1.67,"u":"1,39 €/KG","img":"https://fd9-photos.leclercdrive.fr/image.ashx?id=2815743&use=l&cat=p&typeid=i","cat":288578},{"id":213025,"n":"Boulettes à la volaille Eco+ 1.2kg","p":1.54,"u":"1,28 €/KG","img":"https://fd9-photos.leclercdrive.fr/image.ashx?id=2815737&use=l&cat=p&typeid=i","cat":288578},{"id":213190,"n":"Milky fromage enfant à tartiner Les Croisés 12 portions - 216g","p":1.85,"u":"8,56 €/KG","img":"https://fd9-photos.leclercdrive.fr/image.ashx?id=2791914&use=l&cat=p&typeid=i","cat":314030},{"id":213200,"n":"Gaufrettes Quadro Cémoi Choco noisettes - 187g","p":2.05,"u":"10,96 €/KG","img":"https://fd9-photos.leclercdrive.fr/image.ashx?id=2654731&use=l&cat=p&typeid=i","cat":284488},{"id":213366,"n":"Toast nature Harrys Tranches épaisses - 250g","p":1.75,"u":"7,00 €/KG","img":"https://fd9-photos.leclercdrive.fr/image.ashx?id=2581253&use=l&cat=p&typeid=i","cat":285454},{"id":213395,"n":"Sérum hyalurogel Mixa Peau sensible - 30ml","p":5.59,"u":"186,33 €/L","img":"https://fd9-photos.leclercdrive.fr/image.ashx?id=2585807&use=l&cat=p&typeid=i","cat":325345},{"id":213427,"n":"Gel douche Sanex Hypoallergenique - 2x425ml","p":6.04,"u":"7,11 €/L","img":"https://fd9-photos.leclercdrive.fr/image.ashx?id=2757863&use=l&cat=p&typeid=i","cat":284594},{"id":213432,"n":"Gel Corps et Cheveux Cadum Hypoallergenique - 750ml","p":4.18,"u":"5,57 €/L","img":"https://fd9-photos.leclercdrive.fr/image.ashx?id=2581798&use=l&cat=p&typeid=i","cat":284594},{"id":213441,"n":"Gel douche Sanex Natural Prebiotic - Protection 2x425ml","p":6.04,"u":"7,11 €/L","img":"https://fd9-photos.leclercdrive.fr/image.ashx?id=2757875&use=l&cat=p&typeid=i","cat":284594},{"id":213443,"n":"Après-Shampoing Franck Provost Expert nutrition - 450ml","p":4.06,"u":"9,02 €/L","img":"https://fd9-photos.leclercdrive.fr/image.ashx?id=2581807&use=l&cat=p&typeid=i","cat":284607},{"id":213444,"n":"Crème de Douche Hydratante Dop Barbe à Papa - 290ml","p":2.03,"u":"7,00 €/L","img":"https://fd9-photos.leclercdrive.fr/image.ashx?id=2581801&use=l&cat=p&typeid=i","cat":284594},{"id":213451,"n":"Haché moelleux Eco+ x2 - 200g","p":2.39,"u":"11,95 €/KG","img":"https://fd9-photos.leclercdrive.fr/image.ashx?id=2930609&use=l&cat=p&typeid=i","cat":284332},{"id":213464,"n":"Panés Spécial Burger Père Dodu  Chapelure Corn Flakes - x2 - 18","p":2.61,"u":"14,50 €/KG","img":"https://fd9-photos.leclercdrive.fr/image.ashx?id=2957221&use=l&cat=p&typeid=i","cat":333684},{"id":213487,"n":"Crème semi-épaisse UHT Délisse Entière - 30% MG - 2x25cl","p":3.21,"u":"6,42 €/L","img":"https://fd9-photos.leclercdrive.fr/image.ashx?id=2579396&use=l&cat=p&typeid=i","cat":284381},{"id":213528,"n":"Gel WC Canard 100% Détartrant - 750ml","p":2.39,"u":"3,19 €/L","img":"https://fd9-photos.leclercdrive.fr/image.ashx?id=2580194&use=l&cat=p&typeid=i","cat":284662},{"id":213530,"n":"Skyr Siggi's  Nature 0% MG - 450g","p":3.25,"u":"7,22 €/KG","img":"https://fd9-photos.leclercdrive.fr/image.ashx?id=3007945&use=l&cat=p&typeid=i","cat":315000},{"id":213549,"n":"Shampoing Repulpant Elsève Hyaluron Repulp - 300ml","p":5.02,"u":"16,73 €/L","img":"https://fd9-photos.leclercdrive.fr/image.ashx?id=2580768&use=l&cat=p&typeid=i","cat":284606},{"id":213555,"n":"Shampoing Nutrition Elsève Cheveux Fins, Secs - 300ml","p":4.44,"u":"14,80 €/L","img":"https://fd9-photos.leclercdrive.fr/image.ashx?id=2582243&use=l&cat=p&typeid=i","cat":284606},{"id":213581,"n":"Gel douche Cadum Crème d'amande - 450ml","p":2.8,"u":"6,22 €/L","img":"https://fd9-photos.leclercdrive.fr/image.ashx?id=2582273&use=l&cat=p&typeid=i","cat":284594},{"id":213582,"n":"Crème Douche surgras Bio Cadum Karité - 450ml","p":2.53,"u":"5,62 €/L","img":"https://fd9-photos.leclercdrive.fr/image.ashx?id=2580801&use=l&cat=p&typeid=i","cat":284594},{"id":213600,"n":"Crème Douche Nourrissante Cadum Huile de Coco Bio - 450ml","p":2.73,"u":"6,07 €/L","img":"https://fd9-photos.leclercdrive.fr/image.ashx?id=2582276&use=l&cat=p&typeid=i","cat":284594},{"id":213602,"n":"Crème Douche Nourrissante Cadum Miel de Fleurs bio - 450ml","p":2.68,"u":"5,96 €/L","img":"https://fd9-photos.leclercdrive.fr/image.ashx?id=2582279&use=l&cat=p&typeid=i","cat":284594},{"id":213604,"n":"Crème Douche Hydratation Cadum Huile d'Amandes Douces - 450ml","p":2.48,"u":"5,51 €/L","img":"https://fd9-photos.leclercdrive.fr/image.ashx?id=2582282&use=l&cat=p&typeid=i","cat":284594},{"id":213605,"n":"Crème de douche Cadum Fleur de coton - 450ml","p":2.8,"u":"6,22 €/L","img":"https://fd9-photos.leclercdrive.fr/image.ashx?id=2582285&use=l&cat=p&typeid=i","cat":284594},{"id":213606,"n":"Gel Douche Sans Savon Bio Cadum Huile d'Amandes Douces - 450ml","p":2.53,"u":"5,62 €/L","img":"https://fd9-photos.leclercdrive.fr/image.ashx?id=2582288&use=l&cat=p&typeid=i","cat":284594},{"id":213614,"n":"Lentilles corail Notre Jardin 500g","p":1.72,"u":"3,44 €/KG","img":"https://fd9-photos.leclercdrive.fr/image.ashx?id=2983835&use=l&cat=p&typeid=i","cat":284430},{"id":213687,"n":"Shampoing karité Franck Provost Cheveux Secs, très secs - 500ml","p":4.06,"u":"8,12 €/L","img":"https://fd9-photos.leclercdrive.fr/image.ashx?id=2581804&use=l&cat=p&typeid=i","cat":284606},{"id":213690,"n":"Shampoing Franck Provost Cheveux abîmés cassants - 500ml","p":4.06,"u":"8,12 €/L","img":"https://fd9-photos.leclercdrive.fr/image.ashx?id=2582315&use=l&cat=p&typeid=i","cat":284606},{"id":213691,"n":"Après-Shampooing Franck Provost Expert réparation - 450ml","p":4.06,"u":"9,02 €/L","img":"https://fd9-photos.leclercdrive.fr/image.ashx?id=2582318&use=l&cat=p&typeid=i","cat":284607},{"id":213692,"n":"Shampooing Franck Provost Cheveux colorés - 500ml","p":4.06,"u":"8,12 €/L","img":"https://fd9-photos.leclercdrive.fr/image.ashx?id=2582321&use=l&cat=p&typeid=i","cat":284606},{"id":213703,"n":"Gel Corps et Cheveux Cadum Sans Sulfate - 400ml","p":2.8,"u":"7,00 €/L","img":"https://fd9-photos.leclercdrive.fr/image.ashx?id=2582270&use=l&cat=p&typeid=i","cat":284594},{"id":213722,"n":"Madeleine St Michel -30% de sucre 400g","p":2.58,"u":"6,45 €/KG","img":"https://fd9-photos.leclercdrive.fr/image.ashx?id=2962305&use=l&cat=p&typeid=i","cat":284492},{"id":213724,"n":"Bouchée pour chien Eco+ Boeuf, pâtes, carottes - 1.2kg","p":1.93,"u":"1,61 €/KG","img":"https://fd9-photos.leclercdrive.fr/image.ashx?id=2815728&use=l&cat=p&typeid=i","cat":288578},{"id":213782,"n":"Bloc WC Canard Eau Bleue 5 en 1 - x2","p":1.5,"u":"0,75 €/P","img":"https://fd9-photos.leclercdrive.fr/image.ashx?id=2582378&use=l&cat=p&typeid=i","cat":284662},{"id":213792,"n":"Nettoyant sol savon noir Perfboost Carolin -1L","p":2.68,"u":"2,68 €/L","img":"https://fd9-photos.leclercdrive.fr/image.ashx?id=2582633&use=l&cat=p&typeid=i","cat":284907},{"id":213793,"n":"Burger Bacon Marie Boeuf Charolais Emmental - 190g","p":3.31,"u":"17,42 €/KG","img":"https://fd9-photos.leclercdrive.fr/image.ashx?id=2858615&use=l&cat=p&typeid=i","cat":333671},{"id":213794,"n":"Burger Rustique Marie Boeuf Charolais Emmental - 190g","p":3.27,"u":"17,21 €/KG","img":"https://fd9-photos.leclercdrive.fr/image.ashx?id=2858621&use=l&cat=p&typeid=i","cat":333671},{"id":213817,"n":"Croquettes chats Perfect Fit Stérilisés, saumon - 1.4kg","p":6.36,"u":"4,54 €/KG","img":"https://fd9-photos.leclercdrive.fr/image.ashx?id=2619163&use=l&cat=p&typeid=i","cat":284680},{"id":213822,"n":"Soupline hypoallergenique 1.9l","p":4.87,"u":"2,56 €/L","img":"https://fd9-photos.leclercdrive.fr/image.ashx?id=2772527&use=l&cat=p&typeid=i","cat":284650},{"id":213823,"n":"Soupline dilué 3D grand air 2.85l","p":6.48,"u":"2,27 €/L","img":"https://fd9-photos.leclercdrive.fr/image.ashx?id=2811791&use=l&cat=p&typeid=i","cat":284650},{"id":213830,"n":"Adoucissant Soupline concentré  3D Grand air - 1,35L","p":5.04,"u":"3,73 €/L","img":"https://fd9-photos.leclercdrive.fr/image.ashx?id=2924950&use=l&cat=p&typeid=i","cat":284650},{"id":213833,"n":"Colgate Chloro intense  75ml","p":1.21,"u":"16,13 €/L","img":"https://fd9-photos.leclercdrive.fr/image.ashx?id=2964231&use=l&cat=p&typeid=i","cat":284612},{"id":213834,"n":"Brosse à dents Colgate Extra-clean souple - x4","p":1.99,"u":"0,50 €/P","img":"https://fd9-photos.leclercdrive.fr/image.ashx?id=3011950&use=l&cat=p&typeid=i","cat":284614},{"id":213836,"n":"Dentifrice Colgate Ultra Brite  Haleine Fraîche - 75ml","p":1.18,"u":"15,73 €/L","img":"https://fd9-photos.leclercdrive.fr/image.ashx?id=2802845&use=l&cat=p&typeid=i","cat":284612},{"id":213857,"n":"Recharges WC Canard Fresh Disc  Fraîcheur Marine - 2x6 disques","p":4.99,"u":"2,50 €/P","img":"https://fd9-photos.leclercdrive.fr/image.ashx?id=2754824&use=l&cat=p&typeid=i","cat":284662},{"id":213930,"n":"Fromage enfant La Vache qui rit Original 24P à tartiner - 384g","p":3.92,"u":"10,21 €/KG","img":"https://fd9-photos.leclercdrive.fr/image.ashx?id=2945451&use=l&cat=p&typeid=i","cat":314030},{"id":213953,"n":"Recharges WC Canard fresh disc Citron - 2x6 disques","p":4.99,"u":"2,50 €/P","img":"https://fd9-photos.leclercdrive.fr/image.ashx?id=2754821&use=l&cat=p&typeid=i","cat":284662},{"id":213954,"n":"Protège-slips Vania Pocket Normal - x30","p":2.18,"u":"0,07 €/P","img":"https://fd9-photos.leclercdrive.fr/image.ashx?id=2735245&use=l&cat=p&typeid=i","cat":284625},{"id":213958,"n":"Crème Corps Hydratante Mixa Peau très Sèche, terne - 400ml","p":5.28,"u":"13,20 €/L","img":"https://fd9-photos.leclercdrive.fr/image.ashx?id=2595767&use=l&cat=p&typeid=i","cat":325350},{"id":213959,"n":"Nettoyant ménager Pliz Fée du logis - 250ml","p":1.86,"u":"7,44 €/L","img":"https://fd9-photos.leclercdrive.fr/image.ashx?id=2585540&use=l&cat=p&typeid=i","cat":325364},{"id":213961,"n":"Terrine chiens Tous Mes Amis Viandes carottes - 1.2kg","p":1.95,"u":"1,63 €/KG","img":"https://fd9-photos.leclercdrive.fr/image.ashx?id=3015590&use=l&cat=p&typeid=i","cat":288578},{"id":213964,"n":"Nettoyant ménager Ajax Maison pure Sureau - 1.25L","p":3.19,"u":"2,55 €/L","img":"https://fd9-photos.leclercdrive.fr/image.ashx?id=2585555&use=l&cat=p&typeid=i","cat":284907},{"id":213965,"n":"Adoucissant Eco+ Fraîcheur - 1.5L - x60","p":1.64,"u":"1,09 €/L","img":"https://fd9-photos.leclercdrive.fr/image.ashx?id=2967543&use=l&cat=p&typeid=i","cat":284650},{"id":214103,"n":"Toasts Aromates spécial saumon Tranches épaisses Harrys 250G","p":1.75,"u":"7,00 €/KG","img":"https://fd9-photos.leclercdrive.fr/image.ashx?id=2587578&use=l&cat=p&typeid=i","cat":285454},{"id":214105,"n":"Toast Brioché spécial foie gras Tranches épaisses Harrys 250G","p":1.75,"u":"7,00 €/KG","img":"https://fd9-photos.leclercdrive.fr/image.ashx?id=2587581&use=l&cat=p&typeid=i","cat":285454},{"id":214321,"n":"Déodorant bille Dove Grenade - Anti-transpirant 50ml","p":2.61,"u":"52,20 €/L","img":"https://fd9-photos.leclercdrive.fr/image.ashx?id=2867341&use=l&cat=p&typeid=i","cat":284595},{"id":214326,"n":"Déodorant spray Dovd Grenade anti-transpirant 200ml","p":2.98,"u":"14,90 €/L","img":"https://fd9-photos.leclercdrive.fr/image.ashx?id=2987035&use=l&cat=p&typeid=i","cat":284595},{"id":214327,"n":"Déodorant Spray Dove Anti- Transpirant Beauty Finish 100ml","p":3.38,"u":"33,80 €/L","img":"https://fd9-photos.leclercdrive.fr/image.ashx?id=2987038&use=l&cat=p&typeid=i","cat":284595},{"id":214328,"n":"Déodorant Spray compressé Dove Anti-Transpirant Original 200ml","p":2.28,"u":"11,40 €/L","img":"https://fd9-photos.leclercdrive.fr/image.ashx?id=2877250&use=l&cat=p&typeid=i","cat":284595},{"id":214396,"n":"Eponges Spontex Tradition - x2","p":1.52,"u":"0,76 €/P","img":"https://fd9-photos.leclercdrive.fr/image.ashx?id=2589365&use=l&cat=p&typeid=i","cat":284667},{"id":214403,"n":"Lessive liquide Bonux L'original 50 Lavages - 2.25L","p":9.83,"u":"4,37 €/L","img":"https://fd9-photos.leclercdrive.fr/image.ashx?id=2881993&use=l&cat=p&typeid=i","cat":284640},{"id":214455,"n":"Piles rechargeables Foxter Accus - RTU - HR06 2350 mAh x4","p":6.99,"u":"1,75 €/P","img":"https://fd9-photos.leclercdrive.fr/image.ashx?id=2594884&use=l&cat=p&typeid=i","cat":300572},{"id":214512,"n":"Saucisson Le Classique Cochonou 240g","p":4.17,"u":"17,38 €/P","img":"https://fd9-photos.leclercdrive.fr/image.ashx?id=2798117&use=l&cat=p&typeid=i","cat":316006},{"id":214558,"n":"Café en grains Bio Méo Espresso - 1kg","p":19.97,"u":"19,97 €/KG","img":"https://fd9-photos.leclercdrive.fr/image.ashx?id=2593980&use=l&cat=p&typeid=i","cat":293237},{"id":214778,"n":"Lait en poudre bio Modilac 2ème âge - 800g","p":19.0,"u":"23,75 €/KG","img":"https://fd9-photos.leclercdrive.fr/image.ashx?id=2981172&use=l&cat=p&typeid=i","cat":284727},{"id":214779,"n":"Lait en poudre bio Modilac Croissance - 800g","p":18.11,"u":"22,64 €/KG","img":"https://fd9-photos.leclercdrive.fr/image.ashx?id=2981175&use=l&cat=p&typeid=i","cat":290219},{"id":214800,"n":"Croquettes petit chien   Pedigree au bœuf - 2kg","p":7.43,"u":"3,72 €/KG","img":"https://fd9-photos.leclercdrive.fr/image.ashx?id=2876995&use=l&cat=p&typeid=i","cat":294526},{"id":214809,"n":"Capsule Nescafé Dolce Gusto Neo  Lungo - x12","p":4.13,"u":"59,86 €/KG","img":"https://fd9-photos.leclercdrive.fr/image.ashx?id=2775041&use=l&cat=p&typeid=i","cat":293241},{"id":214882,"n":"Pizza Crust Sodebo Groovy  Bacon - 580g","p":6.68,"u":"11,52 €/KG","img":"https://fd9-photos.leclercdrive.fr/image.ashx?id=2864474&use=l&cat=p&typeid=i","cat":333679},{"id":214901,"n":"Blanchisseur joints carrelage Rubson - 7ml","p":7.47,"img":"https://fd9-photos.leclercdrive.fr/image.ashx?id=2595221&use=l&cat=p&typeid=i","cat":300576},{"id":215015,"n":"Crabe des neiges Chatka Alaska et Antarctique - 180g","p":12.9,"u":"71,67 €/KG","img":"https://fd9-photos.leclercdrive.fr/image.ashx?id=2938833&use=l&cat=p&typeid=i","cat":305147},{"id":215016,"n":"Croutons nature Tipiak 220g","p":3.59,"u":"16,32 €/KG","img":"https://fd9-photos.leclercdrive.fr/image.ashx?id=2842061&use=l&cat=p&typeid=i","cat":284464},{"id":215017,"n":"Croutons ail Tipiak 220g","p":3.29,"u":"14,95 €/KG","img":"https://fd9-photos.leclercdrive.fr/image.ashx?id=2688872&use=l&cat=p&typeid=i","cat":284464},{"id":215021,"n":"Purée Mousline Crème et noix muscade - 195g","p":2.14,"u":"10,97 €/KG","img":"https://fd9-photos.leclercdrive.fr/image.ashx?id=3005200&use=l&cat=p&typeid=i","cat":284431},{"id":215041,"n":"Lasagnes à la Bolognaise  Fleury Michon - 300g","p":3.63,"u":"12,10 €/KG","img":"https://fd9-photos.leclercdrive.fr/image.ashx?id=3003242&use=l&cat=p&typeid=i","cat":333665},{"id":215056,"n":"Recharge Lessive liquide  Rainett - Bicarbonate 1.6L","p":6.14,"u":"3,84 €/L","img":"https://fd9-photos.leclercdrive.fr/image.ashx?id=2940291&use=l&cat=p&typeid=i","cat":284640},{"id":215163,"n":"Knacki Gourmande Herta  100% pur porc x4 - 280g","p":2.66,"u":"9,50 €/KG","img":"https://fd9-photos.leclercdrive.fr/image.ashx?id=2799859&use=l&cat=p&typeid=i","cat":316012},{"id":215207,"n":"Dentifrice Oral-B 3D White Advanced Luxe perfection - 75ml","p":4.26,"u":"56,80 €/L","img":"https://fd9-photos.leclercdrive.fr/image.ashx?id=2737543&use=l&cat=p&typeid=i","cat":284612},{"id":215208,"n":"Dentifrice Oral-B Pro-Science Advanced Calm Original - 75ml","p":4.85,"u":"64,67 €/L","img":"https://fd9-photos.leclercdrive.fr/image.ashx?id=2737792&use=l&cat=p&typeid=i","cat":284612},{"id":215210,"n":"Eponge salle de bain Spontex Salsa Power - x2","p":2.38,"u":"1,19 €/P","img":"https://fd9-photos.leclercdrive.fr/image.ashx?id=2742099&use=l&cat=p&typeid=i","cat":284667},{"id":215245,"n":"Confit d'oignons Charal 100g","p":1.72,"u":"17,20 €/KG","img":"https://fd9-photos.leclercdrive.fr/image.ashx?id=2598109&use=l&cat=p&typeid=i","cat":284382},{"id":215377,"n":"Fromage Persillée Bresse Bleu Le véritable - 200g","p":2.77,"u":"13,85 €/KG","img":"https://fd9-photos.leclercdrive.fr/image.ashx?id=2927486&use=l&cat=p&typeid=i","cat":314032},{"id":215379,"n":"Sérum Visage Anti-âge Nivea Anti-taches Luminous - 30ml","p":19.86,"u":"662,00 €/L","img":"https://fd9-photos.leclercdrive.fr/image.ashx?id=2985492&use=l&cat=p&typeid=i","cat":325345},{"id":215501,"n":"Casier chocolat  liqueur Abtey x12 -  155g","p":6.17,"u":"39,81 €/KG","img":"https://fd9-photos.leclercdrive.fr/image.ashx?id=2731174&use=l&cat=p&typeid=i","cat":327601},{"id":215502,"n":"Casier chocolat liqueur Abtey Rhum arrangé x12 - 155g","p":6.55,"u":"42,26 €/KG","img":"https://fd9-photos.leclercdrive.fr/image.ashx?id=2599586&use=l&cat=p&typeid=i","cat":327601},{"id":215578,"n":"Assortiment Etoile Delacre  Biscuits - 240g","p":7.67,"u":"31,96 €/KG","img":"https://fd9-photos.leclercdrive.fr/image.ashx?id=2962158&use=l&cat=p&typeid=i","cat":284490},{"id":215581,"n":"Bouchées chocolats mon chéri  x30 - 315g","p":8.76,"u":"27,81 €/KG","img":"https://fd9-photos.leclercdrive.fr/image.ashx?id=2952923&use=l&cat=p&typeid=i","cat":327601},{"id":215585,"n":"Moulage Kinder Surprise  Modèles divers - 75g","p":3.47,"u":"46,27 €/KG","img":"https://fd9-photos.leclercdrive.fr/image.ashx?id=2599381&use=l&cat=p&typeid=i","cat":327592},{"id":215586,"n":"Moulage chocolat Kinder 110g","p":3.67,"u":"33,36 €/KG","img":"https://fd9-photos.leclercdrive.fr/image.ashx?id=2764155&use=l&cat=p&typeid=i","cat":327592},{"id":215589,"n":"Calendrier de l'Avent Kinder House 3D - 234g","p":11.27,"u":"48,16 €/KG","img":"https://fd9-photos.leclercdrive.fr/image.ashx?id=2599393&use=l&cat=p&typeid=i","cat":336112},{"id":215600,"n":"Boîte Ferrero collection  42 pièces - 431g","p":16.65,"u":"38,63 €/KG","img":"https://fd9-photos.leclercdrive.fr/image.ashx?id=2899752&use=l&cat=p&typeid=i","cat":327595},{"id":215735,"n":"Bouchées Chocolat Noël Nestlé L'Atelier Lait Caramel - 272g","p":10.01,"u":"36,80 €/KG","img":"https://fd9-photos.leclercdrive.fr/image.ashx?id=2940594&use=l&cat=p&typeid=i","cat":327595},{"id":215737,"n":"Smarties chocolat Mini Figurines - 147g","p":5.66,"u":"38,50 €/KG","img":"https://fd9-photos.leclercdrive.fr/image.ashx?id=3000450&use=l&cat=p&typeid=i","cat":327592},{"id":215739,"n":"Galak Chocolat Noël Mini Figurines - 147g","p":5.65,"u":"38,44 €/KG","img":"https://fd9-photos.leclercdrive.fr/image.ashx?id=2897375&use=l&cat=p&typeid=i","cat":327592},{"id":215749,"n":"Authentique Revillon Noir et  Lait- 360g","p":9.77,"u":"27,14 €/KG","img":"https://fd9-photos.leclercdrive.fr/image.ashx?id=2618399&use=l&cat=p&typeid=i","cat":327597},{"id":215763,"n":"Père noël canne Rohan 400g","p":9.0,"u":"22,50 €/KG","img":"https://fd9-photos.leclercdrive.fr/image.ashx?id=2620287&use=l&cat=p&typeid=i","cat":327592},{"id":215764,"n":"Lutins et boules Rohan 245g","p":5.74,"u":"23,43 €/KG","img":"https://fd9-photos.leclercdrive.fr/image.ashx?id=2620296&use=l&cat=p&typeid=i","cat":327592},{"id":215901,"n":"Choucroute à l'Alsacienne  Stoeffler - 950g","p":8.07,"u":"8,49 €/KG","img":"https://fd9-photos.leclercdrive.fr/image.ashx?id=2607680&use=l&cat=p&typeid=i","cat":333666},{"id":215917,"n":"Liquide de Rinçage Finish  800ml","p":4.99,"u":"6,24 €/L","img":"https://fd9-photos.leclercdrive.fr/image.ashx?id=2864678&use=l&cat=p&typeid=i","cat":284657},{"id":215972,"n":"Jambon fumé grill Petitgas A poêler 8 tranches - 800g","p":10.2,"u":"12,75 €/KG","img":"https://fd9-photos.leclercdrive.fr/image.ashx?id=2601536&use=l&cat=p&typeid=i","cat":316009},{"id":216014,"n":"Feta bio Bio Village 150g","p":2.49,"u":"16,60 €/KG","img":"https://fd9-photos.leclercdrive.fr/image.ashx?id=2972256&use=l&cat=p&typeid=i","cat":314026},{"id":216093,"n":"Chips Tortilla Doritos Goût barbecue style - 160g","p":1.95,"u":"12,19 €/KG","img":"https://fd9-photos.leclercdrive.fr/image.ashx?id=2880718&use=l&cat=p&typeid=i","cat":287899},{"id":216095,"n":"Chips Tortilla Doritos Goût nacho cheese - 160g","p":1.53,"u":"9,56 €/KG","img":"https://fd9-photos.leclercdrive.fr/image.ashx?id=2990478&use=l&cat=p&typeid=i","cat":287899},{"id":216096,"n":"Chips Tortilla Doritos Goût Nature Sel - 160g","p":1.96,"u":"12,25 €/KG","img":"https://fd9-photos.leclercdrive.fr/image.ashx?id=2880715&use=l&cat=p&typeid=i","cat":287899},{"id":216097,"n":"Chips Tortilla Doritos Goût paprika - 160g","p":2.09,"u":"13,06 €/KG","img":"https://fd9-photos.leclercdrive.fr/image.ashx?id=2890091&use=l&cat=p&typeid=i","cat":287899},{"id":216098,"n":"Chips Tortilla Doritos Goût sweet chili - 160g","p":1.93,"u":"12,06 €/KG","img":"https://fd9-photos.leclercdrive.fr/image.ashx?id=2990475&use=l&cat=p&typeid=i","cat":287899},{"id":216099,"n":"Chips Tortilla Doritos Goût sour cream - 160g","p":1.98,"u":"12,38 €/KG","img":"https://fd9-photos.leclercdrive.fr/image.ashx?id=2890088&use=l&cat=p&typeid=i","cat":287899},{"id":216112,"n":"Yaourt Fruits Panier de Yoplait Fraise Framboise - 4x125g","p":1.93,"u":"3,86 €/KG","img":"https://fd9-photos.leclercdrive.fr/image.ashx?id=2884471&use=l&cat=p&typeid=i","cat":284410},{"id":216114,"n":"Yaourt Fruits Panier de Yoplait Abricot Nectarine - 4x125g","p":1.96,"u":"3,92 €/KG","img":"https://fd9-photos.leclercdrive.fr/image.ashx?id=2884474&use=l&cat=p&typeid=i","cat":284410},{"id":216126,"n":"Yaourt Panier de Yoplait Fruits Rouges 0%Mg - 8x125g","p":2.78,"u":"2,78 €/KG","img":"https://fd9-photos.leclercdrive.fr/image.ashx?id=2830399&use=l&cat=p&typeid=i","cat":284410},{"id":216128,"n":"Yaourt Fruits Panier de Yoplait Panaché 0%Mg - 16x125g","p":4.37,"u":"2,19 €/KG","img":"https://fd9-photos.leclercdrive.fr/image.ashx?id=2884495&use=l&cat=p&typeid=i","cat":284410},{"id":216303,"n":"Riz Méditerranée Ben's original  Express 2mn - 220g","p":1.3,"u":"5,20 €/KG","img":"https://fd9-photos.leclercdrive.fr/image.ashx?id=2995301&use=l&cat=p&typeid=i","cat":287600},{"id":216463,"n":"Lingettes désinfectantes St  Marc Anti-Bactériennes - x80","p":2.33,"u":"0,03 €/P","img":"https://fd9-photos.leclercdrive.fr/image.ashx?id=2811341&use=l&cat=p&typeid=i","cat":325358},{"id":216563,"n":"Chocolat Révillon Caramel et Nougatine d'Exception - 340g","p":8.79,"u":"25,85 €/KG","img":"https://fd9-photos.leclercdrive.fr/image.ashx?id=2608728&use=l&cat=p&typeid=i","cat":327597},{"id":216597,"n":"Pâte à tartiner Andros be nuts Cacahuète crémeux - 325g","p":3.15,"u":"9,69 €/KG","img":"https://fd9-photos.leclercdrive.fr/image.ashx?id=2916201&use=l&cat=p&typeid=i","cat":284481},{"id":216741,"n":"Sauce tomate Gusti Amo Bio tomate basilic  - 350g","p":3.11,"u":"8,89 €/KG","img":"https://fd9-photos.leclercdrive.fr/image.ashx?id=2608872&use=l&cat=p&typeid=i","cat":288384},{"id":216999,"n":"Pétales céréales Grainea Nature - 750g","p":2.99,"u":"3,99 €/KG","img":"https://fd9-photos.leclercdrive.fr/image.ashx?id=2927869&use=l&cat=p&typeid=i","cat":309512},{"id":217003,"n":"Céréales coco pops Kellogg's Au chocolat - 550g","p":3.74,"u":"6,80 €/KG","img":"https://fd9-photos.leclercdrive.fr/image.ashx?id=2611080&use=l&cat=p&typeid=i","cat":309513},{"id":217117,"n":"Dosettes café Senseo Espresso Brazil x32","p":5.84,"u":"26,31 €/KG","img":"https://fd9-photos.leclercdrive.fr/image.ashx?id=2788058&use=l&cat=p&typeid=i","cat":293238},{"id":217256,"n":"Champignons de Paris blancs Panier du Primeur - 400g","p":2.39,"u":"5,98 €/KG","img":"https://fd9-photos.leclercdrive.fr/image.ashx?id=2610765&use=l&cat=p&typeid=i","cat":284352},{"id":217393,"n":"Effiloché longe de thon Marvo En sauce - 80g","p":0.84,"img":"https://fd9-photos.leclercdrive.fr/image.ashx?id=2616799&use=l&cat=p&typeid=i","cat":285286},{"id":217427,"n":"Moulage chocolat Kinder Pingouin - 35g","p":1.75,"u":"50,00 €/KG","img":"https://fd9-photos.leclercdrive.fr/image.ashx?id=2619294&use=l&cat=p&typeid=i","cat":327592},{"id":217470,"n":"Parmentier de canard confit Fleury Michon - 300g","p":3.87,"u":"12,90 €/KG","img":"https://fd9-photos.leclercdrive.fr/image.ashx?id=3003257&use=l&cat=p&typeid=i","cat":333665},{"id":217541,"n":"Papillotes Revillon Noir 70% Pralinés d'exception - 340g","p":13.09,"u":"38,50 €/KG","img":"https://fd9-photos.leclercdrive.fr/image.ashx?id=2614014&use=l&cat=p&typeid=i","cat":327597},{"id":217543,"n":"Papillotes Revillon Lait Pralinés d'exception - 340g","p":12.37,"u":"36,38 €/KG","img":"https://fd9-photos.leclercdrive.fr/image.ashx?id=2614011&use=l&cat=p&typeid=i","cat":327597},{"id":217611,"n":"Chataigne Bio Village Bio - 195g","p":3.71,"u":"19,03 €/KG","img":"https://fd9-photos.leclercdrive.fr/image.ashx?id=2613747&use=l&cat=p&typeid=i","cat":312612},{"id":217612,"n":"Café en grain Plantation Pur arabica - 1kg","p":13.06,"u":"13,06 €/KG","img":"https://fd9-photos.leclercdrive.fr/image.ashx?id=2824307&use=l&cat=p&typeid=i","cat":293237},{"id":217613,"n":"Café en grain Plantation Ethiopie - 500g","p":7.99,"u":"15,98 €/KG","img":"https://fd9-photos.leclercdrive.fr/image.ashx?id=2824310&use=l&cat=p&typeid=i","cat":293237},{"id":217615,"n":"Fèves edamame d'aucy  2x130g","p":3.77,"u":"14,50 €/KG","img":"https://fd9-photos.leclercdrive.fr/image.ashx?id=2614927&use=l&cat=p&typeid=i","cat":312606},{"id":217917,"n":"IGP Nids d'Alsace 500g","p":2.69,"u":"5,38 €/KG","img":"https://fd9-photos.leclercdrive.fr/image.ashx?id=2856624&use=l&cat=p&typeid=i","cat":284427},{"id":217935,"n":"Désodorisant diffuseur Airwick  Active Fresh Coton - 75ml","p":3.68,"u":"49,07 €/L","img":"https://fd9-photos.leclercdrive.fr/image.ashx?id=2616186&use=l&cat=p&typeid=i","cat":311629},{"id":217982,"n":"Dentifrice Integral 8 Signal Complet Effet Prébiotique 75ml","p":1.72,"u":"22,93 €/L","img":"https://fd9-photos.leclercdrive.fr/image.ashx?id=2974665&use=l&cat=p&typeid=i","cat":284612},{"id":217989,"n":"Dentifrice Integral 8 Signal HaleineFraîche Prébiotique 75ml","p":2.1,"u":"28,00 €/L","img":"https://fd9-photos.leclercdrive.fr/image.ashx?id=2985660&use=l&cat=p&typeid=i","cat":284612},{"id":217991,"n":"Dentifrice Signal Integral 8 Nettoyage intense - 75ml","p":2.28,"u":"30,40 €/L","img":"https://fd9-photos.leclercdrive.fr/image.ashx?id=2818190&use=l&cat=p&typeid=i","cat":284612},{"id":217993,"n":"Dentifrice Integral 8 Signal Blancheur Prébiotique 75ml","p":1.72,"u":"22,93 €/L","img":"https://fd9-photos.leclercdrive.fr/image.ashx?id=2974668&use=l&cat=p&typeid=i","cat":284612},{"id":217995,"n":"Dentifrice Signal Integral 8 Resist +Prébiotique - 75ml","p":2.52,"u":"33,60 €/L","img":"https://fd9-photos.leclercdrive.fr/image.ashx?id=2818199&use=l&cat=p&typeid=i","cat":284612},{"id":218000,"n":"Dentifrice Signal Système Blancheur 1 semaine - 75ml","p":1.79,"u":"23,87 €/L","img":"https://fd9-photos.leclercdrive.fr/image.ashx?id=2777516&use=l&cat=p&typeid=i","cat":284612},{"id":218001,"n":"Dentifrice Signal Système Blancheur - Charbon - 75ml","p":2.18,"u":"29,07 €/L","img":"https://fd9-photos.leclercdrive.fr/image.ashx?id=2981421&use=l&cat=p&typeid=i","cat":284612},{"id":218003,"n":"Brosse à dents Signal Integral  8 - Noir - Souple - x1","p":2.55,"img":"https://fd9-photos.leclercdrive.fr/image.ashx?id=2748707&use=l&cat=p&typeid=i","cat":284614},{"id":218108,"n":"Chocolats liqueurs Abtey Collection chardons - x20  280g","p":9.13,"u":"32,61 €/KG","img":"https://fd9-photos.leclercdrive.fr/image.ashx?id=2616559&use=l&cat=p&typeid=i","cat":327601},{"id":218330,"n":"Mini croque-monsieur Côté Table Truffe x12 - 100g","p":4.99,"u":"49,90 €/KG","img":"https://fd9-photos.leclercdrive.fr/image.ashx?id=2617383&use=l&cat=p&typeid=i","cat":319774},{"id":218331,"n":"Saumon fumé Petit Navire Écosse 10 tranches - 290g","p":10.7,"u":"36,90 €/KG","img":"https://fd9-photos.leclercdrive.fr/image.ashx?id=2950495&use=l&cat=p&typeid=i","cat":285188},{"id":218333,"n":"Yakitori poulet Ajinomoto Sauce Teriaki - 200g","p":5.26,"u":"26,30 €/KG","img":"https://fd9-photos.leclercdrive.fr/image.ashx?id=2692596&use=l&cat=p&typeid=i","cat":319774},{"id":218423,"n":"Burrata di Bufala Les Croisés - 125g","p":2.91,"u":"23,28 €/KG","img":"https://fd9-photos.leclercdrive.fr/image.ashx?id=3009529&use=l&cat=p&typeid=i","cat":314026},{"id":218426,"n":"Escalope filet de poulet Bio Nature de France - 200g","p":9.66,"u":"48,30 €/KG","img":"https://fd9-photos.leclercdrive.fr/image.ashx?id=2967845&use=l&cat=p&typeid=i","cat":284336},{"id":218431,"n":"Coquilles fruits de mer Tipiak x4 - 360g","p":3.75,"u":"10,42 €/KG","img":"https://fd9-photos.leclercdrive.fr/image.ashx?id=2619056&use=l&cat=p&typeid=i","cat":319775},{"id":218467,"n":"Onglet de boeuf Charal 140g","p":5.22,"u":"37,29 €/KG","img":"https://fd9-photos.leclercdrive.fr/image.ashx?id=2618918&use=l&cat=p&typeid=i","cat":284328},{"id":218468,"n":"Façon tournedos de boeuf Charal x2 - 280g","p":9.05,"u":"32,32 €/KG","img":"https://fd9-photos.leclercdrive.fr/image.ashx?id=2618921&use=l&cat=p&typeid=i","cat":284328},{"id":218563,"n":"Sauce Tomates Cuisinées Panzani - 650G","p":2.22,"u":"3,42 €/KG","img":"https://fd9-photos.leclercdrive.fr/image.ashx?id=2977936&use=l&cat=p&typeid=i","cat":287599},{"id":218804,"n":"Croquettes chat Perfect Fit Boeuf Stérilisés Adulte 1.4kg","p":7.29,"u":"5,21 €/KG","img":"https://fd9-photos.leclercdrive.fr/image.ashx?id=2622792&use=l&cat=p&typeid=i","cat":284680},{"id":218807,"n":"Croquettes chat Perfect Fit Poulet stérilisés - 1.4kg","p":6.28,"u":"4,49 €/KG","img":"https://fd9-photos.leclercdrive.fr/image.ashx?id=2622795&use=l&cat=p&typeid=i","cat":284680},{"id":218831,"n":"Saumon fumé Delpeyrat Écosse 12 tranches - 330g","p":12.43,"u":"37,67 €/KG","img":"https://fd9-photos.leclercdrive.fr/image.ashx?id=2755348&use=l&cat=p&typeid=i","cat":285188},{"id":218833,"n":"Saumon fumé Delpeyrat Norvège - 12 tranches - 360g","p":12.43,"u":"34,53 €/KG","img":"https://fd9-photos.leclercdrive.fr/image.ashx?id=2755345&use=l&cat=p&typeid=i","cat":285188},{"id":219069,"n":"Sauce Pesto Barilla Alla Calabrese - 190g","p":2.48,"u":"13,05 €/KG","img":"https://fd9-photos.leclercdrive.fr/image.ashx?id=2624751&use=l&cat=p&typeid=i","cat":287599},{"id":219405,"n":"Pièces de monnaie Rohan Chocolat - 100g","p":2.39,"u":"23,90 €/KG","img":"https://fd9-photos.leclercdrive.fr/image.ashx?id=2674743&use=l&cat=p&typeid=i","cat":327592},{"id":219601,"n":"Petits pains grillés Pasquier Blé complet - 225g","p":1.62,"u":"7,20 €/KG","img":"https://fd9-photos.leclercdrive.fr/image.ashx?id=2834452&use=l&cat=p&typeid=i","cat":284479},{"id":219921,"n":"Saumon fumé Ronde des Mers Islande 4 tranches - 140g","p":4.99,"u":"35,64 €/KG","img":"https://fd9-photos.leclercdrive.fr/image.ashx?id=2833138&use=l&cat=p&typeid=i","cat":285188},{"id":220245,"n":"Croquettes chien  Pedigree à la volaille - 7kg","p":18.97,"u":"2,71 €/KG","img":"https://fd9-photos.leclercdrive.fr/image.ashx?id=2813495&use=l&cat=p&typeid=i","cat":284672},{"id":220254,"n":"Croquettes chien  Pedigree au bœuf - 7kg","p":18.97,"u":"2,71 €/KG","img":"https://fd9-photos.leclercdrive.fr/image.ashx?id=2981286&use=l&cat=p&typeid=i","cat":284672},{"id":220258,"n":"Sachet fraîcheur chat Sheba  Volaille en sauce - 40x85g","p":15.57,"u":"4,58 €/KG","img":"https://fd9-photos.leclercdrive.fr/image.ashx?id=2642729&use=l&cat=p&typeid=i","cat":285286},{"id":220280,"n":"Raisin blanc sans pépins Panier du Primeur - 500g","p":3.99,"u":"7,98 €/KG","img":"https://fd9-photos.leclercdrive.fr/image.ashx?id=2858132&use=l&cat=p&typeid=i","cat":284356},{"id":220539,"n":"Raisin rosé sans pépins Panier du Primeur - 500g","p":3.99,"u":"7,98 €/KG","img":"https://fd9-photos.leclercdrive.fr/image.ashx?id=2858144&use=l&cat=p&typeid=i","cat":284356},{"id":220546,"n":"Raisin blanc sans pépins Panier du Primeur - 500g","p":3.99,"u":"7,98 €/KG","img":"https://fd9-photos.leclercdrive.fr/image.ashx?id=2858132&use=l&cat=p&typeid=i","cat":284356},{"id":220689,"n":"Dentifrice Integral 8 Signal Interdentaire Prébiotique 75ml","p":2.1,"u":"28,00 €/L","img":"https://fd9-photos.leclercdrive.fr/image.ashx?id=2940654&use=l&cat=p&typeid=i","cat":284612},{"id":220742,"n":"Savon Le Petit Marseillais  Recharge antibacterien - 250ml","p":1.43,"u":"5,72 €/L","img":"https://fd9-photos.leclercdrive.fr/image.ashx?id=2684230&use=l&cat=p&typeid=i","cat":284597},{"id":220786,"n":"Papier toilette humide Lotus Confort - x38","p":1.58,"u":"0,04 €/P","img":"https://fd9-photos.leclercdrive.fr/image.ashx?id=2864843&use=l&cat=p&typeid=i","cat":284634},{"id":220788,"n":"Recharge crème lavante mains Le Petit Marseillais Lait 250ml","p":0.78,"u":"3,12 €/L","img":"https://fd9-photos.leclercdrive.fr/image.ashx?id=2735242&use=l&cat=p&typeid=i","cat":284597},{"id":220800,"n":"Pommes rissolées Findus 1.08kg","p":3.73,"u":"3,45 €/KG","img":"https://fd9-photos.leclercdrive.fr/image.ashx?id=2843183&use=l&cat=p&typeid=i","cat":319792},{"id":220821,"n":"Crème lavante mains Le Petit Marseillais - Amande - 250ml","p":0.87,"u":"3,48 €/L","img":"https://fd9-photos.leclercdrive.fr/image.ashx?id=2684209&use=l&cat=p&typeid=i","cat":284597},{"id":220822,"n":"Gel lavant mains Le Petit Marseillais Antibactérien 300ml","p":1.88,"u":"6,27 €/L","img":"https://fd9-photos.leclercdrive.fr/image.ashx?id=2684557&use=l&cat=p&typeid=i","cat":284597},{"id":220823,"n":"Gel lavant mains Le Petit Marseillais - Lavande - 300ml","p":1.64,"u":"5,47 €/L","img":"https://fd9-photos.leclercdrive.fr/image.ashx?id=2684221&use=l&cat=p&typeid=i","cat":284597},{"id":220824,"n":"Crème lavante mains Le Petit Marseillais - Lait - 300ml","p":1.82,"u":"6,07 €/L","img":"https://fd9-photos.leclercdrive.fr/image.ashx?id=2684224&use=l&cat=p&typeid=i","cat":284597},{"id":220826,"n":"Gel lavant mains Le Petit  Marseillais Le cuisinier 250ml","p":1.19,"u":"4,76 €/L","img":"https://fd9-photos.leclercdrive.fr/image.ashx?id=2684560&use=l&cat=p&typeid=i","cat":284597},{"id":220946,"n":"Chocolat Peluche mix Kinder Pingouin - 133g","p":13.92,"u":"104,66 €/KG","img":"https://fd9-photos.leclercdrive.fr/image.ashx?id=2638072&use=l&cat=p&typeid=i","cat":327789},{"id":220994,"n":"Gel à raser Gillettes Series Sensible clone - 200ml","p":1.99,"u":"9,95 €/L","img":"https://fd9-photos.leclercdrive.fr/image.ashx?id=2775038&use=l&cat=p&typeid=i","cat":284617},{"id":221193,"n":"Gressins sésame  Eco+ 120g","p":1.04,"u":"8,32 €/KG","img":"https://fd9-photos.leclercdrive.fr/image.ashx?id=2640004&use=l&cat=p&typeid=i","cat":297000},{"id":221203,"n":"Jus multivitamines Andros 1,5L","p":4.01,"u":"2,67 €/L","img":"https://fd9-photos.leclercdrive.fr/image.ashx?id=2904269&use=l&cat=p&typeid=i","cat":284917},{"id":221208,"n":"Disques à démaquiller x120","p":0.39,"img":"https://fd9-photos.leclercdrive.fr/image.ashx?id=2640119&use=l&cat=p&typeid=i","cat":285593},{"id":221463,"n":"Saumon fumé Delpeyrat Ecosse - 10 tranches - 275g","p":10.82,"u":"39,35 €/KG","img":"https://fd9-photos.leclercdrive.fr/image.ashx?id=2923543&use=l&cat=p&typeid=i","cat":285188},{"id":221493,"n":"Stevia en comprimés Eco+ x650 - 42,25g","p":1.52,"u":"36,19 €/KG","img":"https://fd9-photos.leclercdrive.fr/image.ashx?id=2641789&use=l&cat=p&typeid=i","cat":284502},{"id":221506,"n":"Crème lavante mains Fleur d'oranger Bio - 250ml","p":0.87,"u":"3,28 €/L","img":"https://fd9-photos.leclercdrive.fr/image.ashx?id=2684542&use=l&cat=p&typeid=i","cat":284597},{"id":221507,"n":"Infusion nuit tranquille  Elephant - x20 - 30g","p":1.53,"u":"51,00 €/KG","img":"https://fd9-photos.leclercdrive.fr/image.ashx?id=2655647&use=l&cat=p&typeid=i","cat":293234},{"id":221508,"n":"Gel lavant mains Le Petit Marseillais Huile d'olive 300ml","p":1.63,"u":"5,43 €/L","img":"https://fd9-photos.leclercdrive.fr/image.ashx?id=2684218&use=l&cat=p&typeid=i","cat":284597},{"id":221513,"n":"Gel lavant mains Le Petit Marseillais - Olive - 250ml","p":1.02,"img":"https://fd9-photos.leclercdrive.fr/image.ashx?id=2684227&use=l&cat=p&typeid=i","cat":284597},{"id":222052,"n":"Fruit de la passion 1p","p":1.5,"img":"https://fd9-photos.leclercdrive.fr/image.ashx?id=1633904&use=l&cat=p&typeid=i","cat":284356},{"id":222055,"n":"Citron  1p","p":0.58,"img":"https://fd9-photos.leclercdrive.fr/image.ashx?id=1628602&use=l&cat=p&typeid=i","cat":284356},{"id":222056,"n":"Citron vert  1p","p":0.7,"img":"https://fd9-photos.leclercdrive.fr/image.ashx?id=1628331&use=l&cat=p&typeid=i","cat":284356},{"id":222083,"n":"Shampoing illuminant Ultra Doux Camomille Miel - 600ml","p":5.03,"u":"8,38 €/L","img":"https://fd9-photos.leclercdrive.fr/image.ashx?id=2926602&use=l&cat=p&typeid=i","cat":284606},{"id":222087,"n":"Shampoing Enfants Ultra Doux Abricot - 600ml","p":5.33,"u":"8,88 €/L","img":"https://fd9-photos.leclercdrive.fr/image.ashx?id=2851096&use=l&cat=p&typeid=i","cat":284606},{"id":222088,"n":"Poire Conférence 1p","p":0.78,"img":"https://fd9-photos.leclercdrive.fr/image.ashx?id=1636641&use=l&cat=p&typeid=i","cat":284356},{"id":222089,"n":"Shampoing nutrition Ultra Doux Avocat et Karité - 600ml","p":4.93,"u":"8,22 €/L","img":"https://fd9-photos.leclercdrive.fr/image.ashx?id=2944852&use=l&cat=p&typeid=i","cat":284606},{"id":222091,"n":"Pomme Golden  1p","p":0.47,"img":"https://fd9-photos.leclercdrive.fr/image.ashx?id=1630966&use=l&cat=p&typeid=i","cat":284356},{"id":222096,"n":"Pomme Pink Lady  1p","p":0.62,"img":"https://fd9-photos.leclercdrive.fr/image.ashx?id=2121659&use=l&cat=p&typeid=i","cat":284356},{"id":222109,"n":"Avocat  1p","p":0.68,"img":"https://fd9-photos.leclercdrive.fr/image.ashx?id=1633637&use=l&cat=p&typeid=i","cat":284352},{"id":222123,"n":"Aubergine 1p","p":1.06,"img":"https://fd9-photos.leclercdrive.fr/image.ashx?id=1631421&use=l&cat=p&typeid=i","cat":284352},{"id":222128,"n":"Poivron doux rouge  1p","p":1.21,"img":"https://fd9-photos.leclercdrive.fr/image.ashx?id=1633094&use=l&cat=p&typeid=i","cat":284352},{"id":222150,"n":"Oignon jaune  1p","p":0.49,"img":"https://fd9-photos.leclercdrive.fr/image.ashx?id=764178&use=l&cat=p&typeid=i","cat":284352},{"id":222152,"n":"Oignon rouge  1p","p":0.55,"img":"https://fd9-photos.leclercdrive.fr/image.ashx?id=2910419&use=l&cat=p&typeid=i","cat":284352},{"id":222256,"n":"Avocat  1p","p":0.68,"img":"https://fd9-photos.leclercdrive.fr/image.ashx?id=1633637&use=l&cat=p&typeid=i","cat":284352},{"id":222283,"n":"Courgette  1p","p":0.83,"img":"https://fd9-photos.leclercdrive.fr/image.ashx?id=1631964&use=l&cat=p&typeid=i","cat":284352},{"id":222292,"n":"Poivron doux vert  1p","p":1.06,"img":"https://fd9-photos.leclercdrive.fr/image.ashx?id=1633202&use=l&cat=p&typeid=i","cat":284352},{"id":222296,"n":"Poivron doux jaune  1p","p":1.5,"img":"https://fd9-photos.leclercdrive.fr/image.ashx?id=1631227&use=l&cat=p&typeid=i","cat":284352},{"id":222453,"n":"Acide citrique Briochin Ecocert - 450g","p":4.08,"u":"9,07 €/KG","img":"https://fd9-photos.leclercdrive.fr/image.ashx?id=3000755&use=l&cat=p&typeid=i","cat":325365},{"id":222455,"n":"Recharge lessive détachante  savon noir 37 lavages - 1,7L","p":5.87,"u":"3,45 €/L","img":"https://fd9-photos.leclercdrive.fr/image.ashx?id=3000782&use=l&cat=p&typeid=i","cat":284640},{"id":222478,"n":"Pop corn Vico Micro-ondable poivre&sel 240g","p":1.82,"u":"7,58 €/KG","img":"https://fd9-photos.leclercdrive.fr/image.ashx?id=2651582&use=l&cat=p&typeid=i","cat":304249},{"id":222479,"n":"Pop corn sucre de canne Vico Micro-ondable 240g","p":1.97,"u":"8,21 €/KG","img":"https://fd9-photos.leclercdrive.fr/image.ashx?id=2651585&use=l&cat=p&typeid=i","cat":304249},{"id":222480,"n":"Pop corn Vico Salé - 240g","p":1.85,"u":"7,71 €/KG","img":"https://fd9-photos.leclercdrive.fr/image.ashx?id=2815049&use=l&cat=p&typeid=i","cat":304249},{"id":222485,"n":"Café en grains Lavazza Qualité gran riserva 1kg","p":19.95,"u":"19,95 €/KG","img":"https://fd9-photos.leclercdrive.fr/image.ashx?id=2864861&use=l&cat=p&typeid=i","cat":293237},{"id":222527,"n":"Cuisses de poulet Loué Plein Champ x2 - 480g","p":4.46,"u":"9,29 €/KG","img":"https://fd9-photos.leclercdrive.fr/image.ashx?id=2651954&use=l&cat=p&typeid=i","cat":284336},{"id":222582,"n":"Shampoing Restaurateur Eslève Glycolic Gloss - 200ml","p":6.08,"u":"30,40 €/L","img":"https://fd9-photos.leclercdrive.fr/image.ashx?id=2657157&use=l&cat=p&typeid=i","cat":284606},{"id":222583,"n":"Soin Cheveux Lamination Elsève Glycolic Gloss - 200ml","p":6.93,"u":"34,65 €/L","img":"https://fd9-photos.leclercdrive.fr/image.ashx?id=2656796&use=l&cat=p&typeid=i","cat":284608},{"id":222584,"n":"Pâte à tartiner Nutella 220g","p":2.39,"u":"10,86 €/KG","img":"https://fd9-photos.leclercdrive.fr/image.ashx?id=2755216&use=l&cat=p&typeid=i","cat":284481},{"id":222586,"n":"Démêlant Cheveux Elsève Glycolic Gloss - 150ml","p":6.03,"u":"40,20 €/L","img":"https://fd9-photos.leclercdrive.fr/image.ashx?id=2657160&use=l&cat=p&typeid=i","cat":284607},{"id":222589,"n":"Sérum Soin Sans Rinçage Elsève Glycolic Gloss - 150ml","p":11.58,"u":"77,20 €/L","img":"https://fd9-photos.leclercdrive.fr/image.ashx?id=2656069&use=l&cat=p&typeid=i","cat":284608},{"id":222597,"n":"Sérum anti-taches L'Oréal Paris Bright Reveal - 30ml","p":12.41,"u":"413,67 €/L","img":"https://fd9-photos.leclercdrive.fr/image.ashx?id=2865881&use=l&cat=p&typeid=i","cat":325345},{"id":222599,"n":"Sérum correcteur L'Oréal Paris  Age Perfect - 30ml","p":11.97,"pp":7.9,"u":"263,33 €/L","img":"https://fd9-photos.leclercdrive.fr/image.ashx?id=2664491&use=l&cat=p&typeid=i","cat":325345},{"id":222608,"n":"Jambon cru Serrano Aoste  6 tranches + 3 offertes - 150g","p":3.48,"u":"23,20 €/KG","img":"https://fd9-photos.leclercdrive.fr/image.ashx?id=2653669&use=l&cat=p&typeid=i","cat":316007},{"id":222638,"n":"Chocolat pâtissier Nestlé Corsé - 2x200g","p":5.89,"u":"14,73 €/KG","img":"https://fd9-photos.leclercdrive.fr/image.ashx?id=2905654&use=l&cat=p&typeid=i","cat":285562},{"id":222702,"n":"Dentifrice Integral 8 Signal Fraîcheur Intense 75ml","p":2.23,"u":"29,73 €/L","img":"https://fd9-photos.leclercdrive.fr/image.ashx?id=2818196&use=l&cat=p&typeid=i","cat":284612},{"id":222703,"n":"Dentifrice Signal Extra fraîcheur blancheur 75ml","p":2.03,"u":"27,07 €/L","img":"https://fd9-photos.leclercdrive.fr/image.ashx?id=2938328&use=l&cat=p&typeid=i","cat":284612},{"id":222704,"n":"Dentifrice Signal Extra fraîcheur intense - 75ml","p":1.88,"u":"25,07 €/L","img":"https://fd9-photos.leclercdrive.fr/image.ashx?id=2654212&use=l&cat=p&typeid=i","cat":284612},{"id":222718,"n":"Liquide vaisselle & mains Briochin - Ecocert 500ml","p":2.89,"u":"5,78 €/L","img":"https://fd9-photos.leclercdrive.fr/image.ashx?id=3000740&use=l&cat=p&typeid=i","cat":284655},{"id":222779,"n":"Eau de javel La Croix Traditionnelle - 1.5L","p":1.49,"u":"0,99 €/L","img":"https://fd9-photos.leclercdrive.fr/image.ashx?id=2667556&use=l&cat=p&typeid=i","cat":284661},{"id":222782,"n":"Adoucissant Soupline Lingettes Voile Sèche-linge Grand air-x20","p":2.77,"u":"0,14 €/P","img":"https://fd9-photos.leclercdrive.fr/image.ashx?id=2654435&use=l&cat=p&typeid=i","cat":325302},{"id":222844,"n":"Gel douche Le Petit Marseillais Fleur de tiaré - 650ml","p":3.22,"u":"4,95 €/L","img":"https://fd9-photos.leclercdrive.fr/image.ashx?id=2656060&use=l&cat=p&typeid=i","cat":284594},{"id":222899,"n":"Dentifrice Sensodyne Email renforcé - 75ml","p":6.47,"u":"86,27 €/L","img":"https://fd9-photos.leclercdrive.fr/image.ashx?id=2997208&use=l&cat=p&typeid=i","cat":284612},{"id":222912,"n":"Sauce soja sucrée Suzi Wan 250ml","p":2.83,"u":"11,32 €/L","img":"https://fd9-photos.leclercdrive.fr/image.ashx?id=2886217&use=l&cat=p&typeid=i","cat":288992},{"id":222913,"n":"Sauce pour nems Suzi Wan 250ml","p":2.82,"u":"11,28 €/L","img":"https://fd9-photos.leclercdrive.fr/image.ashx?id=2990877&use=l&cat=p&typeid=i","cat":288992},{"id":222942,"n":"Les Palmiers snack Tokapi Fromage gouda edam - 75g","p":1.87,"u":"24,93 €/KG","img":"https://fd9-photos.leclercdrive.fr/image.ashx?id=2656396&use=l&cat=p&typeid=i","cat":297000},{"id":222958,"n":"Sérum bio So'Bio Etic Anti-âge global - Argan - 30ml","p":16.98,"u":"566,00 €/L","img":"https://fd9-photos.leclercdrive.fr/image.ashx?id=2977480&use=l&cat=p&typeid=i","cat":325345},{"id":222959,"n":"Soin jour bio So'Bio Etic Anti-tâches - Lys - 50ml","p":16.23,"u":"324,60 €/L","img":"https://fd9-photos.leclercdrive.fr/image.ashx?id=3000207&use=l&cat=p&typeid=i","cat":325345},{"id":222960,"n":"Soin nuit bio So'Bio Etic Peeling - Anti-tâche - Lys 50ml","p":19.34,"u":"386,80 €/L","img":"https://fd9-photos.leclercdrive.fr/image.ashx?id=2997019&use=l&cat=p&typeid=i","cat":325345},{"id":222961,"n":"Soin regard So'Bio Etic Lift Grenade bio - 15ml","p":12.59,"u":"839,33 €/L","img":"https://fd9-photos.leclercdrive.fr/image.ashx?id=2787113&use=l&cat=p&typeid=i","cat":325345},{"id":222998,"n":"Jambon de Paris Tradilège Sans nitrite 4 tranches - 140g","p":1.89,"u":"13,50 €/KG","img":"https://fd9-photos.leclercdrive.fr/image.ashx?id=2991530&use=l&cat=p&typeid=i","cat":316009},{"id":223157,"n":"Vinaigre blanc 5L - 10°","p":3.57,"u":"0,71 €/L","img":"https://fd9-photos.leclercdrive.fr/image.ashx?id=2659792&use=l&cat=p&typeid=i","cat":298543},{"id":223305,"n":"Rillettes Les Mouettes d'Arvor Maquereau poivre Kampot  125g","p":3.09,"u":"24,72 €/KG","img":"https://fd9-photos.leclercdrive.fr/image.ashx?id=2662373&use=l&cat=p&typeid=i","cat":303868},{"id":223307,"n":"Rillettes Les Mouettes d'Arvor Maquereau piment Chipotle 125g","p":3.09,"u":"24,72 €/KG","img":"https://fd9-photos.leclercdrive.fr/image.ashx?id=2662940&use=l&cat=p&typeid=i","cat":305146},{"id":223401,"n":"Bâtonnets Manger Main Bio Yooji Fraise banane avoine - 150g","p":4.2,"u":"28,00 €/KG","img":"https://fd9-photos.leclercdrive.fr/image.ashx?id=2662475&use=l&cat=p&typeid=i","cat":290631},{"id":223402,"n":"Bâtonnets Manger Main Bio Yooji Mangue banane avoine - 150g","p":3.64,"u":"24,27 €/KG","img":"https://fd9-photos.leclercdrive.fr/image.ashx?id=2662478&use=l&cat=p&typeid=i","cat":312394},{"id":223427,"n":"Skyr nature Danone  x8 - 800g","p":3.79,"u":"4,74 €/KG","img":"https://fd9-photos.leclercdrive.fr/image.ashx?id=2662202&use=l&cat=p&typeid=i","cat":284409},{"id":223444,"n":"Shampoing 2en1 Fructis Force et brillance - 300ml","p":2.75,"u":"9,17 €/L","img":"https://fd9-photos.leclercdrive.fr/image.ashx?id=2669268&use=l&cat=p&typeid=i","cat":284606},{"id":223445,"n":"Shampoing fortifiant Fructis Force et Brillance - 300ml","p":2.77,"u":"9,23 €/L","img":"https://fd9-photos.leclercdrive.fr/image.ashx?id=2669271&use=l&cat=p&typeid=i","cat":284606},{"id":223446,"n":"Shampoing démêlant Fructis Antipelliculaire - 300ml","p":3.44,"u":"11,47 €/L","img":"https://fd9-photos.leclercdrive.fr/image.ashx?id=2669277&use=l&cat=p&typeid=i","cat":284606},{"id":223498,"n":"Ketchup Rustica 900g","p":1.79,"u":"1,99 €/KG","img":"https://fd9-photos.leclercdrive.fr/image.ashx?id=2954394&use=l&cat=p&typeid=i","cat":284455},{"id":223499,"n":"Ketchup Rustica 390g","p":1.09,"u":"2,79 €/KG","img":"https://fd9-photos.leclercdrive.fr/image.ashx?id=2954391&use=l&cat=p&typeid=i","cat":284455},{"id":223500,"n":"Mais croquant Notre Jardin 2x285g","p":1.7,"u":"2,98 €/KG","img":"https://fd9-photos.leclercdrive.fr/image.ashx?id=3005694&use=l&cat=p&typeid=i","cat":312611},{"id":223537,"n":"Bloc Energy 5 WC Net Actions - Brise aquatique - 38g","p":1.78,"u":"46,84 €/KG","img":"https://fd9-photos.leclercdrive.fr/image.ashx?id=2664449&use=l&cat=p&typeid=i","cat":284662},{"id":223538,"n":"Bloc Energy 5 actions WC Net Javel Agrumes et iris - 38g","p":1.94,"u":"51,05 €/KG","img":"https://fd9-photos.leclercdrive.fr/image.ashx?id=2664452&use=l&cat=p&typeid=i","cat":284662},{"id":223539,"n":"Bloc Energy 5 actions WC Net Fraîcheur givrée et menthe 38g","p":1.75,"u":"46,05 €/KG","img":"https://fd9-photos.leclercdrive.fr/image.ashx?id=2664455&use=l&cat=p&typeid=i","cat":284662},{"id":223540,"n":"Bloc Energy 5 actions WC Net Lavande et patchouli - 38g","p":2.21,"u":"58,16 €/KG","img":"https://fd9-photos.leclercdrive.fr/image.ashx?id=2664458&use=l&cat=p&typeid=i","cat":284662},{"id":223541,"n":"Bloc Energy 5 actions WC Net Citronniers et tilleul - 38g","p":1.9,"u":"50,00 €/KG","img":"https://fd9-photos.leclercdrive.fr/image.ashx?id=2664461&use=l&cat=p&typeid=i","cat":284662},{"id":223542,"n":"Bloc Energy WC Net Eau bleue / Marine fresh 40g","p":2.19,"u":"54,75 €/KG","img":"https://fd9-photos.leclercdrive.fr/image.ashx?id=2664464&use=l&cat=p&typeid=i","cat":284662},{"id":223557,"n":"Culottes fuites urinaires Always Discreet - Taille M x18","p":15.14,"u":"0,84 €/P","img":"https://fd9-photos.leclercdrive.fr/image.ashx?id=2737804&use=l&cat=p&typeid=i","cat":284628},{"id":223558,"n":"Culottes fuites urinaires Always Discreet - Taille L x16","p":14.84,"u":"0,93 €/P","img":"https://fd9-photos.leclercdrive.fr/image.ashx?id=2680458&use=l&cat=p&typeid=i","cat":284628},{"id":223561,"n":"Culottes fuites urinaires Always Discreet - Taille L x11","p":9.96,"u":"0,91 €/P","img":"https://fd9-photos.leclercdrive.fr/image.ashx?id=2927032&use=l&cat=p&typeid=i","cat":284628},{"id":223562,"n":"Culottes fuites urinaires Always Discreet - Taille L x8","p":8.82,"u":"1,10 €/P","img":"https://fd9-photos.leclercdrive.fr/image.ashx?id=2685429&use=l&cat=p&typeid=i","cat":284628},{"id":223572,"n":"Serviettes fuites urinaires Always Discreet - Normal x24","p":6.53,"u":"0,27 €/P","img":"https://fd9-photos.leclercdrive.fr/image.ashx?id=2680467&use=l&cat=p&typeid=i","cat":284628},{"id":223574,"n":"Serviettes fuites urinaires Always Discreet - Nuit - x12","p":8.46,"u":"0,71 €/P","img":"https://fd9-photos.leclercdrive.fr/image.ashx?id=2685459&use=l&cat=p&typeid=i","cat":284628},{"id":223577,"n":"Serviettes fuites urinaires Always Discreet - Nuit - x6","p":4.03,"u":"0,67 €/P","img":"https://fd9-photos.leclercdrive.fr/image.ashx?id=3005383&use=l&cat=p&typeid=i","cat":284628},{"id":223578,"n":"Serviettes fuites urinaires Always Discreet - Long - x26","p":9.41,"u":"0,36 €/P","img":"https://fd9-photos.leclercdrive.fr/image.ashx?id=2685465&use=l&cat=p&typeid=i","cat":284628},{"id":223579,"n":"Serviettes fuites urinaires Always Discreet - Long+ - x8","p":3.84,"u":"0,48 €/P","img":"https://fd9-photos.leclercdrive.fr/image.ashx?id=3005386&use=l&cat=p&typeid=i","cat":284628},{"id":223581,"n":"Serviettes fuites urinaires Always Discreet - Long+ - x16","p":7.48,"u":"0,47 €/P","img":"https://fd9-photos.leclercdrive.fr/image.ashx?id=2685471&use=l&cat=p&typeid=i","cat":284628},{"id":223583,"n":"Serviettes fuites urinaires Always Discreet - Normal - x12","p":3.61,"u":"0,30 €/P","img":"https://fd9-photos.leclercdrive.fr/image.ashx?id=2665517&use=l&cat=p&typeid=i","cat":284628},{"id":223586,"n":"Serviettes fuites urinaires Always Discreet - Taille S x20","p":4.25,"u":"0,21 €/P","img":"https://fd9-photos.leclercdrive.fr/image.ashx?id=3009221&use=l&cat=p&typeid=i","cat":284628},{"id":223588,"n":"Serviettes fuites urinaires Always Discreet - Nuit - x16","p":9.34,"u":"0,58 €/P","img":"https://fd9-photos.leclercdrive.fr/image.ashx?id=2680479&use=l&cat=p&typeid=i","cat":284628},{"id":223589,"n":"Serviettes fuites urinaires Always Discreet - x8","p":5.74,"u":"0,72 €/P","img":"https://fd9-photos.leclercdrive.fr/image.ashx?id=2953995&use=l&cat=p&typeid=i","cat":284628},{"id":223603,"n":"Fil dentaire Dentamyl Cire menthe - 80m","p":2.72,"u":"0,03 €/MT","img":"https://fd9-photos.leclercdrive.fr/image.ashx?id=2672888&use=l&cat=p&typeid=i","cat":285159},{"id":223604,"n":"Shampoing fortifiant Fructis Antipelliculaire - 300ml","p":2.77,"u":"9,23 €/L","img":"https://fd9-photos.leclercdrive.fr/image.ashx?id=2667862&use=l&cat=p&typeid=i","cat":284606},{"id":223613,"n":"Désodorisant Febreze Petit coin Coton - 7.5ml","p":3.2,"u":"400,00 €/L","img":"https://fd9-photos.leclercdrive.fr/image.ashx?id=2955236&use=l&cat=p&typeid=i","cat":311628},{"id":223630,"n":"Lessive capsules Dash Pods Jasmin/rose de mai - 381g x19","p":5.98,"u":"15,70 €/KG","img":"https://fd9-photos.leclercdrive.fr/image.ashx?id=2666402&use=l&cat=p&typeid=i","cat":284641},{"id":223631,"n":"Huile précieuse Gliss Hair Repair - Schwarzkopf - 75ml","p":6.43,"u":"85,73 €/L","img":"https://fd9-photos.leclercdrive.fr/image.ashx?id=2665274&use=l&cat=p&typeid=i","cat":284608},{"id":223649,"n":"Shampooing Head & shoulder 2-en-1 - Classic - 300ml","p":4.77,"u":"15,90 €/L","img":"https://fd9-photos.leclercdrive.fr/image.ashx?id=2863003&use=l&cat=p&typeid=i","cat":284606},{"id":223650,"n":"Shampooing Head & shoulder 1in1 - Classic - 330ml","p":4.85,"u":"14,70 €/L","img":"https://fd9-photos.leclercdrive.fr/image.ashx?id=2859962&use=l&cat=p&typeid=i","cat":284606},{"id":223820,"n":"Moulage chocolat Kinder 35g","p":1.75,"u":"50,00 €/KG","img":"https://fd9-photos.leclercdrive.fr/image.ashx?id=2688785&use=l&cat=p&typeid=i","cat":327592},{"id":223836,"n":"Shampooing Head & shoulders Citrus fresh - 1in1 - 330ml","p":4.88,"u":"14,79 €/L","img":"https://fd9-photos.leclercdrive.fr/image.ashx?id=2737840&use=l&cat=p&typeid=i","cat":284606},{"id":223841,"n":"Shampooing Head & shoulders Menthol fresh - 1in1 - 330ml","p":4.85,"u":"14,70 €/L","img":"https://fd9-photos.leclercdrive.fr/image.ashx?id=2668770&use=l&cat=p&typeid=i","cat":284606},{"id":223850,"n":"Déodorant Spray Femme Narta Anti-Trace Blanche 48h - 200ml","p":2.36,"u":"11,80 €/L","img":"https://fd9-photos.leclercdrive.fr/image.ashx?id=2678589&use=l&cat=p&typeid=i","cat":284595},{"id":223851,"n":"Déodorant Spray Homme 48h Narta Fraîcheur Classique - 200mL","p":2.37,"u":"11,85 €/L","img":"https://fd9-photos.leclercdrive.fr/image.ashx?id=2675511&use=l&cat=p&typeid=i","cat":284618},{"id":223853,"n":"Déodorant Spray Femme Narta Fraîcheur Cologne 48h - 200ml","p":2.36,"u":"11,80 €/L","img":"https://fd9-photos.leclercdrive.fr/image.ashx?id=2678592&use=l&cat=p&typeid=i","cat":284595},{"id":223855,"n":"Déodorant Spray Homme 48h Narta Anti-Traces Blanches - 200ml","p":2.37,"u":"11,85 €/L","img":"https://fd9-photos.leclercdrive.fr/image.ashx?id=2681883&use=l&cat=p&typeid=i","cat":284618},{"id":223857,"n":"Déodorant Spray Femme Narta 48h Sans Alcool - 200ML","p":2.36,"u":"11,80 €/L","img":"https://fd9-photos.leclercdrive.fr/image.ashx?id=2680242&use=l&cat=p&typeid=i","cat":284595},{"id":223859,"n":"Brosse à dent électrique Oral-B Vitality pro - Vapor bleue x1","p":33.04,"img":"https://fd9-photos.leclercdrive.fr/image.ashx?id=2666261&use=l&cat=p&typeid=i","cat":297133},{"id":223923,"n":"Chocolat crousti Poulain  375g","p":1.67,"u":"4,45 €/KG","img":"https://fd9-photos.leclercdrive.fr/image.ashx?id=2815103&use=l&cat=p&typeid=i","cat":309513},{"id":223925,"n":"Riz Long grain Ben's original Vrac 10mn - 1kg","p":2.93,"u":"2,93 €/KG","img":"https://fd9-photos.leclercdrive.fr/image.ashx?id=2990961&use=l&cat=p&typeid=i","cat":284428},{"id":223966,"n":"Ampoule LED Foxter Standard - E27 60W - Froid - x1","p":4.99,"u":"Dont 0,29 € d'éco-part.","img":"https://fd9-photos.leclercdrive.fr/image.ashx?id=2670494&use=l&cat=p&typeid=i","cat":300573},{"id":223968,"n":"Ampoule LED Foxter Standard - E27 60W - Chaud x1","p":4.99,"u":"Dont 0,29 € d'éco-part.","img":"https://fd9-photos.leclercdrive.fr/image.ashx?id=2670497&use=l&cat=p&typeid=i","cat":300573},{"id":223975,"n":"Ampoule LED Foxter Standard - B22 60W - Chaud - x1","p":4.99,"u":"Dont 0,29 € d'éco-part.","img":"https://fd9-photos.leclercdrive.fr/image.ashx?id=2670482&use=l&cat=p&typeid=i","cat":300573},{"id":223976,"n":"Ampoule LED Foxter Flamme - E14 40W - Chaud  x1","p":4.49,"u":"Dont 0,29 € d'éco-part.","img":"https://fd9-photos.leclercdrive.fr/image.ashx?id=2670485&use=l&cat=p&typeid=i","cat":300573},{"id":223978,"n":"Ampoule LED Foxter Spot - GU10 35W - Chaud x1","p":2.99,"u":"Dont 0,29 € d'éco-part.","img":"https://fd9-photos.leclercdrive.fr/image.ashx?id=2670500&use=l&cat=p&typeid=i","cat":300573},{"id":223979,"n":"Ampoule LED Foxter Spot - GU10 35W - Froid x1","p":2.99,"u":"Dont 0,29 € d'éco-part.","img":"https://fd9-photos.leclercdrive.fr/image.ashx?id=2669753&use=l&cat=p&typeid=i","cat":300573},{"id":224140,"n":"Bun's jambon ketchup McCain 460g","p":3.5,"u":"7,61 €/KG","img":"https://fd9-photos.leclercdrive.fr/image.ashx?id=2741180&use=l&cat=p&typeid=i","cat":319822},{"id":224141,"n":"Bun's bolognaise McCain 460g","p":3.58,"u":"7,78 €/KG","img":"https://fd9-photos.leclercdrive.fr/image.ashx?id=2750675&use=l&cat=p&typeid=i","cat":319822},{"id":224143,"n":"Bun's Burger McCain 460g","p":3.63,"u":"7,89 €/KG","img":"https://fd9-photos.leclercdrive.fr/image.ashx?id=2741183&use=l&cat=p&typeid=i","cat":319822},{"id":224144,"n":"Bun's jambon 4 fromages McCain 460g","p":4.56,"u":"9,91 €/KG","img":"https://fd9-photos.leclercdrive.fr/image.ashx?id=2668111&use=l&cat=p&typeid=i","cat":319822},{"id":224263,"n":"Monster Energy zéro sucres 50cl","p":1.57,"u":"3,14 €/L","img":"https://fd9-photos.leclercdrive.fr/image.ashx?id=2669358&use=l&cat=p&typeid=i","cat":284533},{"id":224265,"n":"Monster Energy Juice Bad apple 50cl","p":1.43,"u":"2,86 €/L","img":"https://fd9-photos.leclercdrive.fr/image.ashx?id=2759044&use=l&cat=p&typeid=i","cat":284533},{"id":224423,"n":"Concentré Sodastream Ice Tea - 440ml","p":5.47,"u":"12,43 €/L","img":"https://fd9-photos.leclercdrive.fr/image.ashx?id=2670917&use=l&cat=p&typeid=i","cat":295020},{"id":224706,"n":"Gnocchi star à poêler Lustucru  300g","p":1.8,"u":"6,00 €/KG","img":"https://fd9-photos.leclercdrive.fr/image.ashx?id=2921630&use=l&cat=p&typeid=i","cat":333682},{"id":224805,"n":"Biscuits Kinder Kinderini Nature et cacao - 250g","p":2.89,"u":"11,56 €/KG","img":"https://fd9-photos.leclercdrive.fr/image.ashx?id=2708372&use=l&cat=p&typeid=i","cat":284488},{"id":224808,"n":"Riz Citron Ben's original  Express 2mn - 220g","p":1.29,"u":"5,86 €/KG","img":"https://fd9-photos.leclercdrive.fr/image.ashx?id=2906442&use=l&cat=p&typeid=i","cat":287600},{"id":224818,"n":"Riz Basmati Ben's original  Express 2mn - 220g","p":1.23,"u":"5,59 €/KG","img":"https://fd9-photos.leclercdrive.fr/image.ashx?id=2995292&use=l&cat=p&typeid=i","cat":287600},{"id":224822,"n":"Muesli energie Bjorg Bio - 375g","p":4.03,"u":"10,75 €/KG","img":"https://fd9-photos.leclercdrive.fr/image.ashx?id=2906259&use=l&cat=p&typeid=i","cat":309512},{"id":224830,"n":"Riz Complet Ben's original Vrac 12mn - 1kg","p":4.31,"u":"4,31 €/KG","img":"https://fd9-photos.leclercdrive.fr/image.ashx?id=2886307&use=l&cat=p&typeid=i","cat":284428},{"id":224841,"n":"Riz a l'Indienne Ben's original  Express 2mn - 220g","p":1.76,"u":"8,00 €/KG","img":"https://fd9-photos.leclercdrive.fr/image.ashx?id=2886268&use=l&cat=p&typeid=i","cat":287600},{"id":224856,"n":"Jus innocent ananas fraise 900ml","p":2.87,"u":"3,19 €/L","img":"https://fd9-photos.leclercdrive.fr/image.ashx?id=2879122&use=l&cat=p&typeid=i","cat":285435},{"id":224858,"n":"Boisson aux fruits innocent Citron et citron vert 750ml","p":2.06,"u":"2,75 €/L","img":"https://fd9-photos.leclercdrive.fr/image.ashx?id=2890391&use=l&cat=p&typeid=i","cat":284354},{"id":224859,"n":"Boisson aux fruits innocent Tropical 750ml","p":2.06,"u":"2,75 €/L","img":"https://fd9-photos.leclercdrive.fr/image.ashx?id=2890394&use=l&cat=p&typeid=i","cat":284354},{"id":224860,"n":"Boisson aux fruits innocent  fruits rouges 750ml","p":2.07,"u":"2,76 €/L","img":"https://fd9-photos.leclercdrive.fr/image.ashx?id=2890388&use=l&cat=p&typeid=i","cat":284354},{"id":224873,"n":"Riz Paella Ben's original Express 2mn - 220g","p":1.52,"u":"6,91 €/KG","img":"https://fd9-photos.leclercdrive.fr/image.ashx?id=2995310&use=l&cat=p&typeid=i","cat":287600},{"id":224874,"n":"Riz Champignons Ben's original Express 2mn - 220g","p":1.31,"u":"5,95 €/KG","img":"https://fd9-photos.leclercdrive.fr/image.ashx?id=2995307&use=l&cat=p&typeid=i","cat":287600},{"id":224876,"n":"Riz Long grain Ben's original  Express 2mn - 220g","p":1.47,"u":"6,68 €/KG","img":"https://fd9-photos.leclercdrive.fr/image.ashx?id=2995298&use=l&cat=p&typeid=i","cat":287600},{"id":224877,"n":"Riz Cantonais Ben's original  Express 2mn - 220g","p":1.41,"u":"6,41 €/KG","img":"https://fd9-photos.leclercdrive.fr/image.ashx?id=2995304&use=l&cat=p&typeid=i","cat":287600},{"id":224881,"n":"Risotto Poulet Ben's original  Express 3mn - 250g","p":2.29,"u":"9,16 €/KG","img":"https://fd9-photos.leclercdrive.fr/image.ashx?id=2886124&use=l&cat=p&typeid=i","cat":287600},{"id":224882,"n":"Riz Long grain Ben's original  Sachet cuisson 10mn - 1kg","p":2.98,"u":"2,98 €/KG","img":"https://fd9-photos.leclercdrive.fr/image.ashx?id=2957272&use=l&cat=p&typeid=i","cat":284428},{"id":224883,"n":"Riz Long Grain Ben's original Sachet cuisson 10mn - 750g","p":3.08,"u":"4,11 €/KG","img":"https://fd9-photos.leclercdrive.fr/image.ashx?id=2886313&use=l&cat=p&typeid=i","cat":284428},{"id":224888,"n":"Riz Long grain Ben's original Vrac 20mn - 1kg","p":3.32,"u":"3,32 €/KG","img":"https://fd9-photos.leclercdrive.fr/image.ashx?id=2886301&use=l&cat=p&typeid=i","cat":284428},{"id":224926,"n":"Ketchup Bio Village Bio - 330g","p":1.09,"u":"3,30 €/KG","img":"https://fd9-photos.leclercdrive.fr/image.ashx?id=2958374&use=l&cat=p&typeid=i","cat":284455},{"id":224927,"n":"Boulette oignons bio Cereal Bio  Veggie - 175g","p":2.76,"u":"15,77 €/KG","img":"https://fd9-photos.leclercdrive.fr/image.ashx?id=2675097&use=l&cat=p&typeid=i","cat":284953},{"id":224928,"n":"Boulette barbecue Cereal Bio  Veggie - 175g","p":3.18,"u":"18,17 €/KG","img":"https://fd9-photos.leclercdrive.fr/image.ashx?id=2675094&use=l&cat=p&typeid=i","cat":284953},{"id":224930,"n":"Lait d'avoine Bjorg Bio Vanille - 1L","p":2.43,"u":"2,43 €/L","img":"https://fd9-photos.leclercdrive.fr/image.ashx?id=2906253&use=l&cat=p&typeid=i","cat":316067},{"id":224931,"n":"Boisson soja Bjorg Bio Proteines - 1L","p":2.4,"u":"2,40 €/L","img":"https://fd9-photos.leclercdrive.fr/image.ashx?id=2939469&use=l&cat=p&typeid=i","cat":316067},{"id":224932,"n":"Boisson végétale Bjorg Bio noisettes sans sucres - 1L","p":2.56,"u":"2,56 €/L","img":"https://fd9-photos.leclercdrive.fr/image.ashx?id=2939466&use=l&cat=p&typeid=i","cat":316067},{"id":224937,"n":"Plat en morceaux Bledina 200g","p":2.7,"u":"13,50 €/KG","img":"https://fd9-photos.leclercdrive.fr/image.ashx?id=2866298&use=l&cat=p&typeid=i","cat":312239},{"id":224941,"n":"Champagne Veuve Clicquot Brut - 12,5% - 75cl","p":43.45,"u":"57,93 €/L","img":"https://fd9-photos.leclercdrive.fr/image.ashx?id=2675070&use=l&cat=p&typeid=i","cat":284542},{"id":224970,"n":"Camembert Eco+ 240g","p":1.34,"u":"5,58 €/KG","img":"https://fd9-photos.leclercdrive.fr/image.ashx?id=2675036&use=l&cat=p&typeid=i","cat":314033},{"id":225210,"n":"Infusion Yogi Bio Gingembre Citron  X15 - 30g","p":2.42,"u":"80,67 €/KG","img":"https://fd9-photos.leclercdrive.fr/image.ashx?id=2677498&use=l&cat=p&typeid=i","cat":293234},{"id":225213,"n":"Thé Matcha Energie Yogi Bio x15 - 27g","p":2.39,"u":"88,52 €/KG","img":"https://fd9-photos.leclercdrive.fr/image.ashx?id=2677495&use=l&cat=p&typeid=i","cat":293234},{"id":225214,"n":"Infusion Yogi bio  Gingembre orange - x15 - 27g","p":2.48,"u":"91,85 €/KG","img":"https://fd9-photos.leclercdrive.fr/image.ashx?id=2677492&use=l&cat=p&typeid=i","cat":293234},{"id":225215,"n":"Infusion Yogi detox Bio énergie - x15 - 27g","p":2.83,"u":"104,81 €/KG","img":"https://fd9-photos.leclercdrive.fr/image.ashx?id=2677489&use=l&cat=p&typeid=i","cat":293234},{"id":225217,"n":"Infusion Nuit Calme Yogi Bio x15 - 27g","p":2.4,"u":"88,89 €/KG","img":"https://fd9-photos.leclercdrive.fr/image.ashx?id=2677486&use=l&cat=p&typeid=i","cat":293234},{"id":225218,"n":"Thé Chaï aux Epices Yogi Bio  x15 - 27g","p":2.49,"u":"83,00 €/KG","img":"https://fd9-photos.leclercdrive.fr/image.ashx?id=2677483&use=l&cat=p&typeid=i","cat":293234},{"id":225247,"n":"Pain nature Gerblé   Sans Gluten  - 200g","p":2.25,"u":"11,25 €/KG","img":"https://fd9-photos.leclercdrive.fr/image.ashx?id=2677303&use=l&cat=p&typeid=i","cat":318654},{"id":225248,"n":"Tartine céréales Gerblé  Matin - 125g","p":1.66,"u":"13,28 €/KG","img":"https://fd9-photos.leclercdrive.fr/image.ashx?id=2688866&use=l&cat=p&typeid=i","cat":318651},{"id":225316,"n":"Biscuit petit déj Gerblé Chocolat - 200g","p":2.03,"u":"10,15 €/KG","img":"https://fd9-photos.leclercdrive.fr/image.ashx?id=2679014&use=l&cat=p&typeid=i","cat":318651},{"id":225440,"n":"Duo de poissons Fleury Michon Riz cuisiné sauce citron - 280g","p":2.92,"u":"10,43 €/KG","img":"https://fd9-photos.leclercdrive.fr/image.ashx?id=3003266&use=l&cat=p&typeid=i","cat":333665},{"id":225441,"n":"Fusilli au poulet Fleury Michon Sauce champignons - 280g","p":2.87,"u":"10,25 €/KG","img":"https://fd9-photos.leclercdrive.fr/image.ashx?id=3003233&use=l&cat=p&typeid=i","cat":333665},{"id":225443,"n":"Risotto Fleury Michon Saint Jacques poireaux - 280g","p":3.97,"u":"14,18 €/KG","img":"https://fd9-photos.leclercdrive.fr/image.ashx?id=3003263&use=l&cat=p&typeid=i","cat":333665},{"id":225445,"n":"Les tranches Fleury Michon Pois chiches x4 - 120g","p":2.07,"u":"17,25 €/KG","img":"https://fd9-photos.leclercdrive.fr/image.ashx?id=2902007&use=l&cat=p&typeid=i","cat":316036},{"id":225446,"n":"Les tranches Fleury Michon Lentilles corail  x4 - 120g","p":2.09,"u":"17,42 €/KG","img":"https://fd9-photos.leclercdrive.fr/image.ashx?id=2900905&use=l&cat=p&typeid=i","cat":316036},{"id":225461,"n":"Déodorant Bille Homme 48h Narta Anti-traces - 50ml","p":2.36,"u":"47,20 €/L","img":"https://fd9-photos.leclercdrive.fr/image.ashx?id=2681859&use=l&cat=p&typeid=i","cat":284618},{"id":225462,"n":"Déodorant Bille Femme Narta Anti-Transpirant 48h - 50ml","p":2.36,"u":"47,20 €/L","img":"https://fd9-photos.leclercdrive.fr/image.ashx?id=2681862&use=l&cat=p&typeid=i","cat":284595},{"id":225463,"n":"Déodorant Bille Homme 48h Narta Fraîcheur Polaire - 50ml","p":2.36,"u":"47,20 €/L","img":"https://fd9-photos.leclercdrive.fr/image.ashx?id=2681865&use=l&cat=p&typeid=i","cat":284618},{"id":225464,"n":"Déodorant Bille bio Femme Narta Sans Alcool - 50ml","p":2.36,"u":"47,20 €/L","img":"https://fd9-photos.leclercdrive.fr/image.ashx?id=2681868&use=l&cat=p&typeid=i","cat":284595},{"id":225465,"n":"Déodorant Bille Femme Narta Anti-Traces 48h - 50ml","p":2.36,"u":"47,20 €/L","img":"https://fd9-photos.leclercdrive.fr/image.ashx?id=2681871&use=l&cat=p&typeid=i","cat":284595},{"id":225466,"n":"Déodorant Bille Femme Narta Anti-Traces Sans alcool - 50ml","p":2.36,"u":"47,20 €/L","img":"https://fd9-photos.leclercdrive.fr/image.ashx?id=2681874&use=l&cat=p&typeid=i","cat":284595},{"id":225468,"n":"Déodorant Bille Homme 48h Narta Anti-Traces Blanches - 50ml","p":2.36,"u":"47,20 €/L","img":"https://fd9-photos.leclercdrive.fr/image.ashx?id=2681886&use=l&cat=p&typeid=i","cat":284618},{"id":225608,"n":"Triangolo Fromage enfants vache Les Croisés 8 portions - 140g","p":1.19,"u":"8,50 €/KG","img":"https://fd9-photos.leclercdrive.fr/image.ashx?id=2969869&use=l&cat=p&typeid=i","cat":314030},{"id":225614,"n":"Désinfectant Sanytol Eucalyptus - Multi-usage 500ml","p":2.15,"u":"4,30 €/L","img":"https://fd9-photos.leclercdrive.fr/image.ashx?id=2894800&use=l&cat=p&typeid=i","cat":325357},{"id":225617,"n":"Désinfectant Sanytol Pamplemousse Multi-usage 500ml","p":2.68,"u":"5,36 €/L","img":"https://fd9-photos.leclercdrive.fr/image.ashx?id=2682144&use=l&cat=p&typeid=i","cat":325357},{"id":225619,"n":"Désinfectant nettoyant Sanytol Multi-surfaces - Eucalyptus 1L","p":2.05,"u":"2,05 €/L","img":"https://fd9-photos.leclercdrive.fr/image.ashx?id=2866319&use=l&cat=p&typeid=i","cat":284907},{"id":225640,"n":"Glace miel Nuii  Nouvelle-Zelande &amandes  272g","p":4.63,"u":"17,02 €/KG","img":"https://fd9-photos.leclercdrive.fr/image.ashx?id=2736835&use=l&cat=p&typeid=i","cat":284265},{"id":225644,"n":"Filets de maquereaux Eco+ 169g","p":1.13,"u":"6,69 €/KG","img":"https://fd9-photos.leclercdrive.fr/image.ashx?id=2693303&use=l&cat=p&typeid=i","cat":303868},{"id":225647,"n":"Maïs Géant Vert extra tendre sans résidu pesticides - 3x140g","p":2.7,"u":"6,43 €/KG","img":"https://fd9-photos.leclercdrive.fr/image.ashx?id=2977366&use=l&cat=p&typeid=i","cat":312611},{"id":225651,"n":"Cônes Extrême Nestlé Chocolat x4 - 284g","p":2.74,"u":"9,65 €/KG","img":"https://fd9-photos.leclercdrive.fr/image.ashx?id=2694674&use=l&cat=p&typeid=i","cat":284264},{"id":225652,"n":"Cônes Extrême Nestlé Vanille x4 - 284g","p":2.71,"u":"9,54 €/KG","img":"https://fd9-photos.leclercdrive.fr/image.ashx?id=2695295&use=l&cat=p&typeid=i","cat":284264},{"id":225655,"n":"Huile d'olive Terra Delyssa Vierge extra - 75cl","p":7.83,"u":"10,44 €/L","img":"https://fd9-photos.leclercdrive.fr/image.ashx?id=2686153&use=l&cat=p&typeid=i","cat":284453},{"id":225657,"n":"Mon Huile d'Olive Tramier  Subtile 1l","p":11.65,"u":"11,65 €/L","img":"https://fd9-photos.leclercdrive.fr/image.ashx?id=2834047&use=l&cat=p&typeid=i","cat":284453},{"id":225700,"n":"Bière blonde Leffe Prestige 124 8,5% - 6x25cl","p":6.83,"u":"4,55 €/L","img":"https://fd9-photos.leclercdrive.fr/image.ashx?id=2695007&use=l&cat=p&typeid=i","cat":334852},{"id":225709,"n":"Piège lumineux Raid Essentials Diffuseur - Insectes - x1","p":12.81,"img":"https://fd9-photos.leclercdrive.fr/image.ashx?id=2911549&use=l&cat=p&typeid=i","cat":298368},{"id":225749,"n":"Masque Lissant Ultra Doux Eau de Riz - 340ml","p":5.0,"u":"14,71 €/L","img":"https://fd9-photos.leclercdrive.fr/image.ashx?id=2684233&use=l&cat=p&typeid=i","cat":284608},{"id":225751,"n":"Shampoing Lissant Ultra Doux Cheveux longs - 250ml","p":2.39,"u":"9,56 €/L","img":"https://fd9-photos.leclercdrive.fr/image.ashx?id=2684236&use=l&cat=p&typeid=i","cat":284606},{"id":225752,"n":"Après-shampooing Garnier Ultra Doux - Eau de riz - 200ml","p":2.73,"u":"13,65 €/L","img":"https://fd9-photos.leclercdrive.fr/image.ashx?id=2684239&use=l&cat=p&typeid=i","cat":284607},{"id":225754,"n":"Bloc WC adhésif Harpic Hygienic & Fresh Brise marine - x2","p":2.09,"img":"https://fd9-photos.leclercdrive.fr/image.ashx?id=2683814&use=l&cat=p&typeid=i","cat":284662},{"id":225769,"n":"Change culottes Mots d'enfants T7 - 17kg - x15","p":5.15,"u":"0,34 €/P","img":"https://fd9-photos.leclercdrive.fr/image.ashx?id=2907249&use=l&cat=p&typeid=i","cat":290633},{"id":225770,"n":"Filtres à café Plantation N°2 - x80","p":1.33,"u":"0,02 €/P","img":"https://fd9-photos.leclercdrive.fr/image.ashx?id=2756940&use=l&cat=p&typeid=i","cat":284751},{"id":225784,"n":"Bandes de cire Veet Pure Froide - Aisselles - x16","p":4.75,"u":"0,30 €/P","img":"https://fd9-photos.leclercdrive.fr/image.ashx?id=2970795&use=l&cat=p&typeid=i","cat":325351},{"id":225785,"n":"Bandes de cire Veet Pure Jambes - x20","p":4.48,"u":"0,22 €/P","img":"https://fd9-photos.leclercdrive.fr/image.ashx?id=2964956&use=l&cat=p&typeid=i","cat":325351},{"id":225786,"n":"Lingettes Intima Regul'Active - x20","p":2.64,"u":"0,13 €/P","img":"https://fd9-photos.leclercdrive.fr/image.ashx?id=2689787&use=l&cat=p&typeid=i","cat":284627},{"id":225789,"n":"Bandes de cire Veet Maillot - x16","p":5.46,"u":"0,34 €/P","img":"https://fd9-photos.leclercdrive.fr/image.ashx?id=2865662&use=l&cat=p&typeid=i","cat":325351},{"id":225793,"n":"Liquide vaisselle Paic Acti Froid - Menthe - 500ml","p":2.48,"u":"4,96 €/L","img":"https://fd9-photos.leclercdrive.fr/image.ashx?id=2684335&use=l&cat=p&typeid=i","cat":284655},{"id":225931,"n":"Tuiles Monster Munch  Crazy barbecue - 150g","p":1.9,"u":"12,67 €/KG","img":"https://fd9-photos.leclercdrive.fr/image.ashx?id=2923993&use=l&cat=p&typeid=i","cat":287899},{"id":225947,"n":"Bière blonde 1664 5,5° 24x25cl","p":15.12,"u":"2,52 €/L","img":"https://fd9-photos.leclercdrive.fr/image.ashx?id=2686597&use=l&cat=p&typeid=i","cat":334873},{"id":225952,"n":"Purée Jardin Bio Bio lentilles corail - 250g","p":2.11,"u":"8,44 €/KG","img":"https://fd9-photos.leclercdrive.fr/image.ashx?id=2976824&use=l&cat=p&typeid=i","cat":284953},{"id":226036,"n":"Parfum de linge Lenor Unstoppable aérien x19 235g","p":6.68,"u":"28,43 €/KG","img":"https://fd9-photos.leclercdrive.fr/image.ashx?id=2863018&use=l&cat=p&typeid=i","cat":325302},{"id":226116,"n":"Chewing-gum Mentos Pure Fresh  Fresh Mint sans sucres - 100g","p":2.89,"u":"28,90 €/KG","img":"https://fd9-photos.leclercdrive.fr/image.ashx?id=2687707&use=l&cat=p&typeid=i","cat":304251},{"id":226122,"n":"Biscuits Delacre Cigarettes Russes - 230g","p":1.8,"u":"7,83 €/KG","img":"https://fd9-photos.leclercdrive.fr/image.ashx?id=2688833&use=l&cat=p&typeid=i","cat":284490},{"id":226280,"n":"Vin blanc Bio Sauvignon Premium Domaine Pelletier - 75cl","p":10.2,"u":"13,60 €/L","img":"https://fd9-photos.leclercdrive.fr/image.ashx?id=2693782&use=l&cat=p&typeid=i","cat":289557},{"id":226282,"n":"Vin Ré rosé Bio Merlot Cabernet Domaine Pelletier -75cl","p":4.4,"u":"5,87 €/L","img":"https://fd9-photos.leclercdrive.fr/image.ashx?id=2693773&use=l&cat=p&typeid=i","cat":289558},{"id":226283,"n":"Vin blanc Bio Le Moelleux Viognier Domaine Pelletier-75cl","p":10.7,"u":"14,27 €/L","img":"https://fd9-photos.leclercdrive.fr/image.ashx?id=2693770&use=l&cat=p&typeid=i","cat":289557},{"id":226285,"n":"Vin rouge Bio Merlot ss Souffre Prestige Domaine Pelletier-75cl","p":10.2,"u":"13,60 €/L","img":"https://fd9-photos.leclercdrive.fr/image.ashx?id=2693779&use=l&cat=p&typeid=i","cat":289556},{"id":226286,"n":"Vin rouge Bio Merlot Prestige Méthode Nature Pelletier-75cl","p":10.2,"u":"13,60 €/L","img":"https://fd9-photos.leclercdrive.fr/image.ashx?id=2693776&use=l&cat=p&typeid=i","cat":289556},{"id":226287,"n":"Bib rouge Bio Merlot Cabernet Domaine Pelletier - 3L","p":16.4,"u":"5,47 €/L","img":"https://fd9-photos.leclercdrive.fr/image.ashx?id=2692659&use=l&cat=p&typeid=i","cat":289556},{"id":226289,"n":"BIB Rosé Merlot Cabernet Bio Domaine Pelletier - 3L","p":15.4,"u":"5,13 €/L","img":"https://fd9-photos.leclercdrive.fr/image.ashx?id=2692656&use=l&cat=p&typeid=i","cat":289558},{"id":226292,"n":"Pineau des Charentes Bio blanc Domaine Pelletier. - 75cL","p":15.49,"u":"20,65 €/L","img":"https://fd9-photos.leclercdrive.fr/image.ashx?id=2692662&use=l&cat=p&typeid=i","cat":284913},{"id":226293,"n":"Pineau des Charentes Rosé Bio Domaine Pelletier - 75cl","p":16.49,"u":"21,99 €/L","img":"https://fd9-photos.leclercdrive.fr/image.ashx?id=2692665&use=l&cat=p&typeid=i","cat":284913},{"id":226301,"n":"Pâtes fraîches RANA Ravioli  Pesto Aubergines Amandes - 250g","p":3.45,"u":"13,80 €/KG","img":"https://fd9-photos.leclercdrive.fr/image.ashx?id=2737378&use=l&cat=p&typeid=i","cat":333682},{"id":226304,"n":"Pâtes fraîches RANA Ravioli  Saumon fumé et Mascarpone -250g","p":3.63,"u":"14,52 €/KG","img":"https://fd9-photos.leclercdrive.fr/image.ashx?id=2737387&use=l&cat=p&typeid=i","cat":333682},{"id":226314,"n":"Sucre en morceaux Daddy 1kg","p":1.9,"u":"1,90 €/KG","img":"https://fd9-photos.leclercdrive.fr/image.ashx?id=2908573&use=l&cat=p&typeid=i","cat":284502},{"id":226346,"n":"Boisson Gazeuse Maison Perrier Forever Gingembre Citron 1L","p":0.98,"u":"0,98 €/L","img":"https://fd9-photos.leclercdrive.fr/image.ashx?id=2692818&use=l&cat=p&typeid=i","cat":284536},{"id":226349,"n":"Boisson Gazeuse Maison Perrier Chic Citrus Fizz 4x25cl","p":2.93,"u":"2,93 €/L","img":"https://fd9-photos.leclercdrive.fr/image.ashx?id=2841595&use=l&cat=p&typeid=i","cat":284536},{"id":226350,"n":"Boisson Gazeuse Maison Perrier Chic Lemonjito 4x25cl","p":2.78,"u":"2,78 €/L","img":"https://fd9-photos.leclercdrive.fr/image.ashx?id=2692809&use=l&cat=p&typeid=i","cat":284536},{"id":226402,"n":"Lentilles Bonduelle - 265g","p":1.17,"u":"4,42 €/KG","img":"https://fd9-photos.leclercdrive.fr/image.ashx?id=2691992&use=l&cat=p&typeid=i","cat":312609},{"id":226412,"n":"Barre de céréales Nature Valley  Protéine cranberries x4 -160g","p":2.57,"u":"16,06 €/KG","img":"https://fd9-photos.leclercdrive.fr/image.ashx?id=2693869&use=l&cat=p&typeid=i","cat":285869},{"id":226430,"n":"Café grains Plantation Pérou pur arabica - 500g","p":8.29,"u":"16,58 €/KG","img":"https://fd9-photos.leclercdrive.fr/image.ashx?id=2824313&use=l&cat=p&typeid=i","cat":293237},{"id":226438,"n":"Soda Coca-Cola Original Canette - Pack 6x20CL","p":3.69,"u":"3,08 €/L","img":"https://fd9-photos.leclercdrive.fr/image.ashx?id=2766571&use=l&cat=p&typeid=i","cat":284530},{"id":226449,"n":"Lait de coco Eco+ 200ml","p":0.69,"u":"3,45 €/L","img":"https://fd9-photos.leclercdrive.fr/image.ashx?id=2691790&use=l&cat=p&typeid=i","cat":288992},{"id":226455,"n":"Chewing-gum Mentos Pure Fresh  Fresh Chloro sans sucres - 100g","p":2.89,"u":"28,90 €/KG","img":"https://fd9-photos.leclercdrive.fr/image.ashx?id=2693434&use=l&cat=p&typeid=i","cat":304251},{"id":226484,"n":"Cookies Crunchy Kinder Pépites au cacao et lait - 136g","p":2.71,"u":"19,93 €/KG","img":"https://fd9-photos.leclercdrive.fr/image.ashx?id=2691995&use=l&cat=p&typeid=i","cat":325066},{"id":226514,"n":"Filet de cabillaud Fish & Chips L'Atelier Poissonnerie - 200g","p":3.89,"u":"19,45 €/KG","img":"https://fd9-photos.leclercdrive.fr/image.ashx?id=2714456&use=l&cat=p&typeid=i","cat":284344},{"id":226538,"n":"Huile d'olive Terra Delyssa Vierge extra - 75cl","p":6.9,"u":"9,20 €/L","img":"https://fd9-photos.leclercdrive.fr/image.ashx?id=2849256&use=l&cat=p&typeid=i","cat":284453},{"id":226646,"n":"Boisson Gazeuse Maison Perrier Forever Citron Vert 1L","p":0.98,"u":"0,98 €/L","img":"https://fd9-photos.leclercdrive.fr/image.ashx?id=2695103&use=l&cat=p&typeid=i","cat":284536},{"id":226657,"n":"Boisson Gazeuse Maison Perrier Forever Citron 1L","p":1.0,"u":"1,00 €/L","img":"https://fd9-photos.leclercdrive.fr/image.ashx?id=2887311&use=l&cat=p&typeid=i","cat":284536},{"id":226659,"n":"Boisson Gazeuse Maison Perrier Forever Orange 1L","p":0.98,"u":"0,98 €/L","img":"https://fd9-photos.leclercdrive.fr/image.ashx?id=2695106&use=l&cat=p&typeid=i","cat":284536},{"id":226661,"n":"Boisson Gazeuse Maison Perrier Forever Menthe 1L","p":0.99,"u":"0,99 €/L","img":"https://fd9-photos.leclercdrive.fr/image.ashx?id=2695112&use=l&cat=p&typeid=i","cat":284536},{"id":226663,"n":"Boisson Gazeuse Maison Perrier Forever Citron 6x50cl","p":3.94,"u":"1,31 €/L","img":"https://fd9-photos.leclercdrive.fr/image.ashx?id=2695100&use=l&cat=p&typeid=i","cat":284536},{"id":226664,"n":"Boisson Gazeuse Maison Perrier Forever Citron Vert 6x50cl","p":3.94,"u":"1,31 €/L","img":"https://fd9-photos.leclercdrive.fr/image.ashx?id=2695109&use=l&cat=p&typeid=i","cat":284536},{"id":226673,"n":"Shampoing Nourrissant 2en1 Dop Cheveux secs ou bouclés - 400ml","p":2.36,"u":"5,90 €/L","img":"https://fd9-photos.leclercdrive.fr/image.ashx?id=2871976&use=l&cat=p&typeid=i","cat":284606},{"id":226674,"n":"Shampoing Nourrissant 2en1 Dop Cheveux secs ou frisés - 400ml","p":2.3,"u":"5,75 €/L","img":"https://fd9-photos.leclercdrive.fr/image.ashx?id=2704110&use=l&cat=p&typeid=i","cat":284606},{"id":226675,"n":"Shampoing brillance Dop Aux vitamines - 400ml","p":2.33,"u":"5,83 €/L","img":"https://fd9-photos.leclercdrive.fr/image.ashx?id=2704113&use=l&cat=p&typeid=i","cat":284606},{"id":226776,"n":"Thé noir fruits rouges Lipton 20 sachets - 30g","p":1.69,"u":"56,33 €/KG","img":"https://fd9-photos.leclercdrive.fr/image.ashx?id=2695359&use=l&cat=p&typeid=i","cat":293233},{"id":226777,"n":"Thé noir vanille et caramel 20 sachets - 34g","p":2.45,"u":"72,06 €/KG","img":"https://fd9-photos.leclercdrive.fr/image.ashx?id=2736703&use=l&cat=p&typeid=i","cat":293233},{"id":226778,"n":"Thé noir orange Lipton 20 sachets - 34g","p":2.46,"u":"72,35 €/KG","img":"https://fd9-photos.leclercdrive.fr/image.ashx?id=2695371&use=l&cat=p&typeid=i","cat":293233},{"id":226779,"n":"Thé noir citron Lipton 20 sachets - 34g","p":2.43,"u":"71,47 €/KG","img":"https://fd9-photos.leclercdrive.fr/image.ashx?id=2695365&use=l&cat=p&typeid=i","cat":293233},{"id":226781,"n":"Thé noir pêche mangue Lipton 20 sachets - 34g","p":2.41,"u":"70,88 €/KG","img":"https://fd9-photos.leclercdrive.fr/image.ashx?id=2695362&use=l&cat=p&typeid=i","cat":293233},{"id":226799,"n":"Parfum de linge billes Lenor Envolée d'air - x19 doses","p":6.68,"u":"28,43 €/KG","img":"https://fd9-photos.leclercdrive.fr/image.ashx?id=2839460&use=l&cat=p&typeid=i","cat":325302},{"id":226806,"n":"Liquide de rinçage Sun Brillance - 500ml","p":3.45,"u":"6,90 €/L","img":"https://fd9-photos.leclercdrive.fr/image.ashx?id=2829099&use=l&cat=p&typeid=i","cat":284657},{"id":226818,"n":"Dentifrice Sensodyne Soin  complet Triple action - 75ml","p":3.78,"u":"50,40 €/L","img":"https://fd9-photos.leclercdrive.fr/image.ashx?id=2997778&use=l&cat=p&typeid=i","cat":284612},{"id":226819,"n":"Dentifrice Sensodyne Soin gencives Triple action - 75ml","p":4.13,"u":"55,07 €/L","img":"https://fd9-photos.leclercdrive.fr/image.ashx?id=3000384&use=l&cat=p&typeid=i","cat":284612},{"id":226824,"n":"Dentifrice Sensodyne Soin  Blancheur naturelle 24h - 75ml","p":3.82,"u":"50,93 €/L","img":"https://fd9-photos.leclercdrive.fr/image.ashx?id=2694944&use=l&cat=p&typeid=i","cat":284612},{"id":226825,"n":"Dentifrice Sensodyne Répare & protège Novamin - 75ml","p":4.16,"u":"55,47 €/L","img":"https://fd9-photos.leclercdrive.fr/image.ashx?id=2694947&use=l&cat=p&typeid=i","cat":284612},{"id":226826,"n":"Dentifrice Sensodyne Soin Blancheur triple action - 75ml","p":4.14,"u":"55,20 €/L","img":"https://fd9-photos.leclercdrive.fr/image.ashx?id=3000381&use=l&cat=p&typeid=i","cat":284612},{"id":226829,"n":"Dentifrice Sensodyne Répare & protège extra fresh - 75ml","p":4.98,"u":"66,40 €/L","img":"https://fd9-photos.leclercdrive.fr/image.ashx?id=2694956&use=l&cat=p&typeid=i","cat":284612},{"id":226830,"n":"Dentifrice Sensodyne Répare & protège Blancheur - 75ml","p":4.28,"u":"57,07 €/L","img":"https://fd9-photos.leclercdrive.fr/image.ashx?id=2872955&use=l&cat=p&typeid=i","cat":284612},{"id":226880,"n":"Brioche tressée Harrys Allégée en sucres - 450G","p":3.39,"u":"7,53 €/KG","img":"https://fd9-photos.leclercdrive.fr/image.ashx?id=2962467&use=l&cat=p&typeid=i","cat":284478},{"id":226882,"n":"Chocolat en poudre Nesquik 300g","p":2.87,"u":"9,57 €/KG","img":"https://fd9-photos.leclercdrive.fr/image.ashx?id=3005374&use=l&cat=p&typeid=i","cat":293235},{"id":226899,"n":"Mini bille chocolaté M&Ms 176g","p":2.47,"u":"14,03 €/KG","img":"https://fd9-photos.leclercdrive.fr/image.ashx?id=3009074&use=l&cat=p&typeid=i","cat":304238},{"id":226909,"n":"Dragées chocolatées M&M's crispy  187g","p":2.48,"u":"13,26 €/KG","img":"https://fd9-photos.leclercdrive.fr/image.ashx?id=3014868&use=l&cat=p&typeid=i","cat":304238},{"id":226910,"n":"Dragées chocolatées M&M's 340g","p":4.74,"u":"13,94 €/KG","img":"https://fd9-photos.leclercdrive.fr/image.ashx?id=3003399&use=l&cat=p&typeid=i","cat":304238},{"id":226911,"n":"Bille au chocolat Maltesers 400g","p":5.64,"u":"14,10 €/KG","img":"https://fd9-photos.leclercdrive.fr/image.ashx?id=2976050&use=l&cat=p&typeid=i","cat":304238},{"id":226913,"n":"Bille au chocolat Maltesers 193g","p":2.67,"u":"13,83 €/KG","img":"https://fd9-photos.leclercdrive.fr/image.ashx?id=2696064&use=l&cat=p&typeid=i","cat":304238},{"id":226920,"n":"Bonbons Skittles  152g","p":1.23,"u":"8,09 €/KG","img":"https://fd9-photos.leclercdrive.fr/image.ashx?id=3008984&use=l&cat=p&typeid=i","cat":304250},{"id":226970,"n":"Tablette lave-vaisselle Sun  Expert Plus x40 -700g","p":7.9,"u":"11,29 €/KG","img":"https://fd9-photos.leclercdrive.fr/image.ashx?id=2738734&use=l&cat=p&typeid=i","cat":284656},{"id":226971,"n":"Sun Tablettes Lave-Vaisselle Tout en 1 Expert Plus x40","p":7.9,"u":"11,29 €/KG","img":"https://fd9-photos.leclercdrive.fr/image.ashx?id=2942012&use=l&cat=p&typeid=i","cat":284656},{"id":227070,"n":"Thé glacé pétillant Lipton Ice Tea pêche - bouteille 1.25L","p":1.63,"u":"1,30 €/L","img":"https://fd9-photos.leclercdrive.fr/image.ashx?id=2887704&use=l&cat=p&typeid=i","cat":295019},{"id":227071,"n":"Thé pétillant Lipton Ice Tea Citron citron vert - 1.25L","p":1.63,"u":"1,30 €/L","img":"https://fd9-photos.leclercdrive.fr/image.ashx?id=2887707&use=l&cat=p&typeid=i","cat":295019},{"id":227103,"n":"Adoucissant Liquide Jardins de fleurs 504ml x36","p":4.97,"u":"9,86 €/L","img":"https://fd9-photos.leclercdrive.fr/image.ashx?id=2698984&use=l&cat=p&typeid=i","cat":284650},{"id":227153,"n":"Couches Carryboo de nos Régions Couches locales Taille 2 - x 50","p":14.68,"u":"0,29 €/P","img":"https://fd9-photos.leclercdrive.fr/image.ashx?id=2969245&use=l&cat=p&typeid=i","cat":284737},{"id":227154,"n":"Couches Carryboo de nos Régions Couches locales Taille 3 - x50","p":14.72,"u":"0,29 €/P","img":"https://fd9-photos.leclercdrive.fr/image.ashx?id=2833801&use=l&cat=p&typeid=i","cat":284737},{"id":227155,"n":"Couche Carryboo de nos Régions Couches locales Taille 4 - x44","p":14.93,"u":"0,34 €/P","img":"https://fd9-photos.leclercdrive.fr/image.ashx?id=2787404&use=l&cat=p&typeid=i","cat":284737},{"id":227158,"n":"Couches Carryboo de nos Régions Couches locales Taille 4+ - x42","p":15.14,"u":"0,36 €/P","img":"https://fd9-photos.leclercdrive.fr/image.ashx?id=2787407&use=l&cat=p&typeid=i","cat":284737},{"id":227159,"n":"Couche Carryboo de nos Régions Couches locales Taille 5 - x40","p":15.41,"u":"0,39 €/P","img":"https://fd9-photos.leclercdrive.fr/image.ashx?id=2805486&use=l&cat=p&typeid=i","cat":284737},{"id":227165,"n":"Serum Acide Hyaluronique Mixa 30mL","p":10.17,"u":"339,00 €/L","img":"https://fd9-photos.leclercdrive.fr/image.ashx?id=2698711&use=l&cat=p&typeid=i","cat":325345},{"id":227166,"n":"Sérum Anti-tâches Vitamine C Mixa 30 mL","p":10.02,"u":"334,00 €/L","img":"https://fd9-photos.leclercdrive.fr/image.ashx?id=2698714&use=l&cat=p&typeid=i","cat":325345},{"id":227167,"n":"Serum anti-imperfections Niacinamide Mixa 30mL","p":9.48,"u":"316,00 €/L","img":"https://fd9-photos.leclercdrive.fr/image.ashx?id=2698717&use=l&cat=p&typeid=i","cat":325345},{"id":227321,"n":"Herbes de provence Sainte Lucie 16g","p":1.71,"u":"106,88 €/KG","img":"https://fd9-photos.leclercdrive.fr/image.ashx?id=2700134&use=l&cat=p&typeid=i","cat":298297},{"id":227339,"n":"Capsules Nescafé Dolce Gusto  Lungo - x16","p":4.5,"u":"50,00 €/KG","img":"https://fd9-photos.leclercdrive.fr/image.ashx?id=2907716&use=l&cat=p&typeid=i","cat":293239},{"id":227352,"n":"Céréales Chocapic  645g","p":4.45,"u":"6,90 €/KG","img":"https://fd9-photos.leclercdrive.fr/image.ashx?id=2977732&use=l&cat=p&typeid=i","cat":309513},{"id":227373,"n":"Gelée de viande Eco+ 12x100g","p":2.99,"u":"2,49 €/KG","img":"https://fd9-photos.leclercdrive.fr/image.ashx?id=2744216&use=l&cat=p&typeid=i","cat":285286},{"id":227374,"n":"Céréales Chocapic 375g","p":2.77,"u":"7,39 €/KG","img":"https://fd9-photos.leclercdrive.fr/image.ashx?id=2977408&use=l&cat=p&typeid=i","cat":309513},{"id":227375,"n":"Capsule Nescafé Farmers Origins  Brazil Int 8 - x10","p":2.37,"u":"53,86 €/KG","img":"https://fd9-photos.leclercdrive.fr/image.ashx?id=2952166&use=l&cat=p&typeid=i","cat":284749},{"id":227376,"n":"Croquette Friskies Vitafit  Boeuf - 3kg","p":7.21,"u":"2,40 €/KG","img":"https://fd9-photos.leclercdrive.fr/image.ashx?id=2986999&use=l&cat=p&typeid=i","cat":284672},{"id":227378,"n":"Croquettes Friskies junior Poulet & legumes - 1.5kg","p":5.03,"u":"3,35 €/KG","img":"https://fd9-photos.leclercdrive.fr/image.ashx?id=2699612&use=l&cat=p&typeid=i","cat":284680},{"id":227391,"n":"Croquettes Friskies Saumon & legumes - 3 kg","p":10.22,"u":"3,41 €/KG","img":"https://fd9-photos.leclercdrive.fr/image.ashx?id=2940615&use=l&cat=p&typeid=i","cat":284680},{"id":227397,"n":"Croquettes Friskies  Dinde & legumes - 1.5kg","p":5.13,"u":"3,42 €/KG","img":"https://fd9-photos.leclercdrive.fr/image.ashx?id=2699621&use=l&cat=p&typeid=i","cat":284680},{"id":227409,"n":"Gel douche Le Petit Marseillais Mangue Bio et passion 650ml","p":3.99,"u":"6,14 €/L","img":"https://fd9-photos.leclercdrive.fr/image.ashx?id=2700497&use=l&cat=p&typeid=i","cat":284594},{"id":227410,"n":"Gel douche Le Petit Marseillais Mimosa et Citron bio - 250ml","p":1.73,"u":"6,92 €/L","img":"https://fd9-photos.leclercdrive.fr/image.ashx?id=2700500&use=l&cat=p&typeid=i","cat":284594},{"id":227411,"n":"Dentifrice Sensodyne  Soin blancheur - 2x75ml","p":5.62,"u":"18,73 €/L","img":"https://fd9-photos.leclercdrive.fr/image.ashx?id=3000378&use=l&cat=p&typeid=i","cat":284612},{"id":227412,"n":"Masque pieds Scholl Exfoliant talon - x1","p":6.45,"img":"https://fd9-photos.leclercdrive.fr/image.ashx?id=2981313&use=l&cat=p&typeid=i","cat":325354},{"id":227423,"n":"Etuis mouchoirs Lotus Compact+ - x24","p":3.38,"img":"https://fd9-photos.leclercdrive.fr/image.ashx?id=2700692&use=l&cat=p&typeid=i","cat":284638},{"id":227424,"n":"Etuis mouchoirs Lotus Compact+ - x18","p":3.05,"img":"https://fd9-photos.leclercdrive.fr/image.ashx?id=2988680&use=l&cat=p&typeid=i","cat":284638},{"id":227425,"n":"Boîte mouchoirs Lotus Classic+ - Pur Blanc - x80","p":1.48,"img":"https://fd9-photos.leclercdrive.fr/image.ashx?id=2700698&use=l&cat=p&typeid=i","cat":284638},{"id":227427,"n":"Boîte mouchoirs Lotus Classic+ - Pur Blanc - x130","p":2.43,"u":"0,02 €/P","img":"https://fd9-photos.leclercdrive.fr/image.ashx?id=2700704&use=l&cat=p&typeid=i","cat":284638},{"id":227448,"n":"Céréales Crunch 375g","p":2.58,"u":"6,88 €/KG","img":"https://fd9-photos.leclercdrive.fr/image.ashx?id=2939760&use=l&cat=p&typeid=i","cat":309513},{"id":227507,"n":"Capsule Nescafé Farmers Origins  India Int 9 - x10","p":2.37,"u":"53,86 €/KG","img":"https://fd9-photos.leclercdrive.fr/image.ashx?id=2952169&use=l&cat=p&typeid=i","cat":284749},{"id":227512,"n":"Chips Savour  Sel de guerande - 120g","p":1.48,"u":"12,33 €/KG","img":"https://fd9-photos.leclercdrive.fr/image.ashx?id=2743828&use=l&cat=p&typeid=i","cat":284447},{"id":227514,"n":"Chips Savour Sweet Chili - 120g","p":1.79,"u":"14,92 €/KG","img":"https://fd9-photos.leclercdrive.fr/image.ashx?id=2743825&use=l&cat=p&typeid=i","cat":284447},{"id":227515,"n":"Chips Savour Vinaigre de cidre - 120g","p":1.71,"u":"14,25 €/KG","img":"https://fd9-photos.leclercdrive.fr/image.ashx?id=2743822&use=l&cat=p&typeid=i","cat":284447},{"id":227516,"n":"Chips Savour Cheddar & Ciboulette - 120g","p":1.75,"u":"14,58 €/KG","img":"https://fd9-photos.leclercdrive.fr/image.ashx?id=2743819&use=l&cat=p&typeid=i","cat":284447},{"id":227520,"n":"Chips Lay's Sel & vinaigre - 130g","p":1.32,"u":"10,15 €/KG","img":"https://fd9-photos.leclercdrive.fr/image.ashx?id=3011161&use=l&cat=p&typeid=i","cat":284447},{"id":227528,"n":"Chips Lay's Poulet - 135g","p":1.23,"u":"9,11 €/KG","img":"https://fd9-photos.leclercdrive.fr/image.ashx?id=2995079&use=l&cat=p&typeid=i","cat":284447},{"id":227532,"n":"Chips Lay's Barbecue - 250g","p":1.97,"u":"7,88 €/KG","img":"https://fd9-photos.leclercdrive.fr/image.ashx?id=2994488&use=l&cat=p&typeid=i","cat":284447},{"id":227534,"n":"Chips Lay's Barbecue - 135g","p":1.16,"u":"8,59 €/KG","img":"https://fd9-photos.leclercdrive.fr/image.ashx?id=2994485&use=l&cat=p&typeid=i","cat":284447},{"id":227563,"n":"Serviettes Fuites urinaires  Always Discreet - Normal - x30","p":9.35,"u":"0,31 €/P","img":"https://fd9-photos.leclercdrive.fr/image.ashx?id=2700806&use=l&cat=p&typeid=i","cat":284628},{"id":227592,"n":"Jambon cru Serrano Aoste 6 tranches - 100g","p":3.72,"u":"37,20 €/KG","img":"https://fd9-photos.leclercdrive.fr/image.ashx?id=2937184&use=l&cat=p&typeid=i","cat":316007},{"id":227603,"n":"Croquettes chat stérilisé Friskies Agneau légumes - 1.5kg","p":5.59,"u":"3,73 €/KG","img":"https://fd9-photos.leclercdrive.fr/image.ashx?id=2701064&use=l&cat=p&typeid=i","cat":284680},{"id":227626,"n":"Barres chocolatées Mars  x7 - 315g","p":2.89,"u":"9,17 €/KG","img":"https://fd9-photos.leclercdrive.fr/image.ashx?id=2701043&use=l&cat=p&typeid=i","cat":284498},{"id":227629,"n":"Barres chocolatées Snickers x7 - 350g","p":3.29,"u":"9,40 €/KG","img":"https://fd9-photos.leclercdrive.fr/image.ashx?id=2701040&use=l&cat=p&typeid=i","cat":284498},{"id":227633,"n":"Barres chocolatées Twix  x10 -210g","p":2.2,"u":"10,48 €/KG","img":"https://fd9-photos.leclercdrive.fr/image.ashx?id=2980091&use=l&cat=p&typeid=i","cat":284498},{"id":227645,"n":"Barres Bounty chocolat & noix de coco x5 - 285g","p":2.75,"u":"9,65 €/KG","img":"https://fd9-photos.leclercdrive.fr/image.ashx?id=2701022&use=l&cat=p&typeid=i","cat":284498},{"id":227657,"n":"Soda Fanta Orange Sans Sucres  Canette - Pack 6x33cl","p":3.18,"u":"1,61 €/L","img":"https://fd9-photos.leclercdrive.fr/image.ashx?id=2701361&use=l&cat=p&typeid=i","cat":284532},{"id":227679,"n":"Minis barres chocolatées Mars 275g","p":3.03,"u":"11,02 €/KG","img":"https://fd9-photos.leclercdrive.fr/image.ashx?id=2702500&use=l&cat=p&typeid=i","cat":284498},{"id":227682,"n":"Barres chocolatées Twix x10 - 500g","p":4.09,"u":"8,18 €/KG","img":"https://fd9-photos.leclercdrive.fr/image.ashx?id=2701025&use=l&cat=p&typeid=i","cat":284498},{"id":227683,"n":"Barres Caramel salé Twix x5 - 230g","p":2.47,"u":"10,74 €/KG","img":"https://fd9-photos.leclercdrive.fr/image.ashx?id=2701019&use=l&cat=p&typeid=i","cat":284498},{"id":227684,"n":"Barres chocolatées Twix x7 - 350g","p":3.22,"u":"9,20 €/KG","img":"https://fd9-photos.leclercdrive.fr/image.ashx?id=2701028&use=l&cat=p&typeid=i","cat":284498},{"id":227701,"n":"Chocolat Pâtissier Nestlé Dessert Blanc - 170g","p":3.03,"u":"17,82 €/KG","img":"https://fd9-photos.leclercdrive.fr/image.ashx?id=2895062&use=l&cat=p&typeid=i","cat":284957},{"id":227702,"n":"Fromage enfant La Vache qui rit Pik&Croq 8 portions - 280g","p":3.29,"u":"11,75 €/KG","img":"https://fd9-photos.leclercdrive.fr/image.ashx?id=2945436&use=l&cat=p&typeid=i","cat":314030},{"id":227722,"n":"Jambon cuit découenné L'Atelier Charcuterie x2 - 110g","p":2.21,"u":"20,09 €/KG","img":"https://fd9-photos.leclercdrive.fr/image.ashx?id=2999036&use=l&cat=p&typeid=i","cat":316009},{"id":227731,"n":"Céréales Nesquik  375g","p":2.59,"u":"6,91 €/KG","img":"https://fd9-photos.leclercdrive.fr/image.ashx?id=2977411&use=l&cat=p&typeid=i","cat":309513},{"id":227738,"n":"Capsule Nescafé Farmers Origins  Africas Int 10 - x10","p":2.37,"u":"53,86 €/KG","img":"https://fd9-photos.leclercdrive.fr/image.ashx?id=2952172&use=l&cat=p&typeid=i","cat":284749},{"id":227739,"n":"Capsule Nescafé Farmers Origins  Colombia Décaféiné Int 6 - x10","p":2.85,"u":"53,77 €/KG","img":"https://fd9-photos.leclercdrive.fr/image.ashx?id=2701977&use=l&cat=p&typeid=i","cat":284749},{"id":227818,"n":"Fromage enfant La Vache qui rit Pik&Croq 5 portions - 175g","p":2.39,"u":"13,66 €/KG","img":"https://fd9-photos.leclercdrive.fr/image.ashx?id=2945433&use=l&cat=p&typeid=i","cat":314030},{"id":227820,"n":"Fromage enfant La Vache qui rit Original 8P à tartiner - 128g","p":1.89,"u":"14,77 €/KG","img":"https://fd9-photos.leclercdrive.fr/image.ashx?id=2945439&use=l&cat=p&typeid=i","cat":314030},{"id":227831,"n":"Spray Nettoyant Menager Cif  Anti-calcaire Universel 750 ml","p":2.25,"u":"3,00 €/L","img":"https://fd9-photos.leclercdrive.fr/image.ashx?id=2890520&use=l&cat=p&typeid=i","cat":325362},{"id":227882,"n":"Concentré Sodastream Cola - 440ml","p":4.99,"u":"11,34 €/L","img":"https://fd9-photos.leclercdrive.fr/image.ashx?id=2703350&use=l&cat=p&typeid=i","cat":295020},{"id":227884,"n":"Bâtonnet Magnum White choco Cookie - x3 - 222g","p":2.62,"u":"11,80 €/KG","img":"https://fd9-photos.leclercdrive.fr/image.ashx?id=2793071&use=l&cat=p&typeid=i","cat":284265},{"id":227894,"n":"Bâtonnet Magnum Caramel salé Amandes x3 - 222g","p":2.88,"u":"12,97 €/KG","img":"https://fd9-photos.leclercdrive.fr/image.ashx?id=2793038&use=l&cat=p&typeid=i","cat":284265},{"id":227896,"n":"Glace Carte d'Or Les Essentiels Vanille de Madagascar 700ml","p":2.7,"pp":1.89,"u":"5,15 €/KG","img":"https://fd9-photos.leclercdrive.fr/image.ashx?id=2831149&use=l&cat=p&typeid=i","cat":284263},{"id":227897,"n":"Glace Bâtonnet MAGNUM Amande 4x100ml","p":2.88,"u":"9,60 €/KG","img":"https://fd9-photos.leclercdrive.fr/image.ashx?id=2849364&use=l&cat=p&typeid=i","cat":284265},{"id":227898,"n":"Bâtonnet Magnum Classic x4 - 300g","p":3.13,"u":"10,43 €/KG","img":"https://fd9-photos.leclercdrive.fr/image.ashx?id=2966794&use=l&cat=p&typeid=i","cat":284265},{"id":227900,"n":"Glace Bâtonnet MAGNUM Chocolat Blanc 4x100ml","p":3.08,"u":"10,48 €/KG","img":"https://fd9-photos.leclercdrive.fr/image.ashx?id=3011944&use=l&cat=p&typeid=i","cat":284265},{"id":227901,"n":"Bâtonnet Magnum Fraise et blanc - x4 - 324g","p":3.37,"u":"10,40 €/KG","img":"https://fd9-photos.leclercdrive.fr/image.ashx?id=3009293&use=l&cat=p&typeid=i","cat":284265},{"id":227902,"n":"Batonnets glace Magnum Chocolat Blanc Amande x4 - 300g","p":3.47,"u":"11,57 €/KG","img":"https://fd9-photos.leclercdrive.fr/image.ashx?id=3009296&use=l&cat=p&typeid=i","cat":284265},{"id":227903,"n":"Glace Bâtonnet MAGNUM Amande 8x100ml","p":5.48,"u":"9,13 €/KG","img":"https://fd9-photos.leclercdrive.fr/image.ashx?id=3009299&use=l&cat=p&typeid=i","cat":284265},{"id":227904,"n":"Glace Bâtonnet MAGNUM Classique 8x100ml","p":5.43,"u":"9,05 €/KG","img":"https://fd9-photos.leclercdrive.fr/image.ashx?id=2974057&use=l&cat=p&typeid=i","cat":284265},{"id":227906,"n":"Glace Bâtonnet Mini MAGNUM Amande 6x55ml","p":2.76,"u":"10,38 €/KG","img":"https://fd9-photos.leclercdrive.fr/image.ashx?id=2843544&use=l&cat=p&typeid=i","cat":284265},{"id":227907,"n":"Glace Bâtonnet MAGNUM Classique 6x55ml","p":2.76,"u":"11,08 €/KG","img":"https://fd9-photos.leclercdrive.fr/image.ashx?id=2967968&use=l&cat=p&typeid=i","cat":284265},{"id":227908,"n":"Mini bâtonnet Magnum Chocolat blanc Amande x6 - 257g","p":3.88,"u":"15,10 €/KG","img":"https://fd9-photos.leclercdrive.fr/image.ashx?id=2849367&use=l&cat=p&typeid=i","cat":284265},{"id":227911,"n":"Adoucissant Lenor Fraicheur  matinal x60 - 0.84L","p":7.65,"u":"9,11 €/L","img":"https://fd9-photos.leclercdrive.fr/image.ashx?id=2722234&use=l&cat=p&typeid=i","cat":284650},{"id":227961,"n":"Concentré cola light Sodastream - 440ml","p":4.99,"u":"11,34 €/L","img":"https://fd9-photos.leclercdrive.fr/image.ashx?id=2703332&use=l&cat=p&typeid=i","cat":295020},{"id":227973,"n":"Concentré saveur citron sans Sucres - Sodastream - 440ml","p":4.99,"u":"11,34 €/L","img":"https://fd9-photos.leclercdrive.fr/image.ashx?id=2765363&use=l&cat=p&typeid=i","cat":295020},{"id":228103,"n":"Thé glacé Lipton Ice Tea Pêche Zéro sucres - canettes 6x33cl","p":3.56,"u":"1,80 €/L","img":"https://fd9-photos.leclercdrive.fr/image.ashx?id=2959442&use=l&cat=p&typeid=i","cat":295019},{"id":228192,"n":"Coca-cola sans sucre Sans caféine  - 6x20cl","p":3.5,"u":"2,92 €/L","img":"https://fd9-photos.leclercdrive.fr/image.ashx?id=3009062&use=l&cat=p&typeid=i","cat":284530},{"id":228198,"n":"Sirop Frucci Grenadine - 1.3L","p":3.28,"u":"2,52 €/L","img":"https://fd9-photos.leclercdrive.fr/image.ashx?id=2909921&use=l&cat=p&typeid=i","cat":295020},{"id":228199,"n":"Sirop Frucci Menthe - 1.3L","p":3.02,"u":"2,32 €/L","img":"https://fd9-photos.leclercdrive.fr/image.ashx?id=2898038&use=l&cat=p&typeid=i","cat":295020},{"id":228205,"n":"Nettoyant ménager AJAX Air frais coquelicots - 1.25L","p":2.28,"u":"1,82 €/L","img":"https://fd9-photos.leclercdrive.fr/image.ashx?id=2944473&use=l&cat=p&typeid=i","cat":284907},{"id":228395,"n":"Boisson gazeuse Liptonic Thé glacé citron vert - 6x33cl","p":4.03,"u":"2,04 €/L","img":"https://fd9-photos.leclercdrive.fr/image.ashx?id=2706915&use=l&cat=p&typeid=i","cat":295019},{"id":228396,"n":"Thé glacé Lipton Ice Tea Pêche - 6x33cl","p":3.05,"u":"1,54 €/L","img":"https://fd9-photos.leclercdrive.fr/image.ashx?id=2852471&use=l&cat=p&typeid=i","cat":295019},{"id":228405,"n":"Fromage frais  Atelier Blini Saumon - 140g","p":2.97,"u":"21,21 €/KG","img":"https://fd9-photos.leclercdrive.fr/image.ashx?id=3008329&use=l&cat=p&typeid=i","cat":315999},{"id":228413,"n":"Fromage frais Atelier Blini Thon - 140g","p":3.07,"u":"21,93 €/KG","img":"https://fd9-photos.leclercdrive.fr/image.ashx?id=2812780&use=l&cat=p&typeid=i","cat":315999},{"id":228460,"n":"Capsules lave-vaisselle Sun Tout-en-1 Absolu Plus 390g x26","p":7.9,"u":"20,26 €/KG","img":"https://fd9-photos.leclercdrive.fr/image.ashx?id=2960282&use=l&cat=p&typeid=i","cat":284656},{"id":228461,"n":"Spray Nettoyant Menager Cif  Cleanboost Technology - 750 ml","p":2.18,"u":"2,91 €/L","img":"https://fd9-photos.leclercdrive.fr/image.ashx?id=2866214&use=l&cat=p&typeid=i","cat":325357},{"id":228462,"n":"Spray Nettoyant 5-en-1 Cif Cuisine & Salle de Bain 750ml","p":2.07,"u":"2,76 €/L","img":"https://fd9-photos.leclercdrive.fr/image.ashx?id=2999336&use=l&cat=p&typeid=i","cat":325357},{"id":228463,"n":"Liquide vaisselle mini Paic Citron - 500ml","p":1.13,"u":"2,26 €/L","img":"https://fd9-photos.leclercdrive.fr/image.ashx?id=2708020&use=l&cat=p&typeid=i","cat":284655},{"id":228464,"n":"Recharge Adoucissant Soupline Grand Air - 1L - x45","p":3.48,"u":"3,48 €/L","img":"https://fd9-photos.leclercdrive.fr/image.ashx?id=2860598&use=l&cat=p&typeid=i","cat":284650},{"id":228465,"n":"Nettoyant ménager Ajax Fête des fleurs muguets 1.25L","p":2.88,"u":"2,30 €/L","img":"https://fd9-photos.leclercdrive.fr/image.ashx?id=2926072&use=l&cat=p&typeid=i","cat":284907},{"id":228467,"n":"Spray nettoyant ménager Ajax Salle de bain - 500ml","p":2.68,"u":"5,36 €/L","img":"https://fd9-photos.leclercdrive.fr/image.ashx?id=2708041&use=l&cat=p&typeid=i","cat":325357},{"id":228469,"n":"Perles de linge Soupline Grand Air - 230g","p":6.9,"u":"30,00 €/KG","img":"https://fd9-photos.leclercdrive.fr/image.ashx?id=2708032&use=l&cat=p&typeid=i","cat":325302},{"id":228480,"n":"Gel Douche Dove Advanced Care Nutrition Intense 225ml","p":2.98,"u":"13,24 €/L","img":"https://fd9-photos.leclercdrive.fr/image.ashx?id=2968580&use=l&cat=p&typeid=i","cat":284594},{"id":228484,"n":"Gel Douche Dove Hydratant 450ml","p":3.78,"u":"8,40 €/L","img":"https://fd9-photos.leclercdrive.fr/image.ashx?id=2993499&use=l&cat=p&typeid=i","cat":284594},{"id":228490,"n":"Lessive liquide Le Chat  L'Expert bicarbonate x66 -2.97L","p":16.36,"u":"5,51 €/L","img":"https://fd9-photos.leclercdrive.fr/image.ashx?id=2877781&use=l&cat=p&typeid=i","cat":284640},{"id":228499,"n":"Lessive liquide X-tra Total 4 en 1 x63 - 2.835L","p":8.93,"u":"3,15 €/L","img":"https://fd9-photos.leclercdrive.fr/image.ashx?id=2921561&use=l&cat=p&typeid=i","cat":284640},{"id":228501,"n":"Lessive liquide X-tra Total Savon de Marseille x63  -2.835L","p":8.89,"u":"3,14 €/L","img":"https://fd9-photos.leclercdrive.fr/image.ashx?id=2921564&use=l&cat=p&typeid=i","cat":284640},{"id":228502,"n":"Lessive liquide X-tra Total Déo fraîcheur x57 - 2.565L","p":8.47,"u":"3,30 €/L","img":"https://fd9-photos.leclercdrive.fr/image.ashx?id=2708564&use=l&cat=p&typeid=i","cat":284640},{"id":228503,"n":"Recharge lessive Maison Verte Huiles essentielles x33 -1.485L","p":6.9,"u":"4,65 €/L","img":"https://fd9-photos.leclercdrive.fr/image.ashx?id=2890625&use=l&cat=p&typeid=i","cat":284644},{"id":228504,"n":"Liquide vaisselle Mir vinaigre Framboise dégraissant  - 450ml","p":1.3,"u":"2,89 €/L","img":"https://fd9-photos.leclercdrive.fr/image.ashx?id=2979725&use=l&cat=p&typeid=i","cat":284655},{"id":228506,"n":"Lessive liquide Mir Black Raviveur noir x27 - 1.35L","p":5.68,"u":"4,21 €/L","img":"https://fd9-photos.leclercdrive.fr/image.ashx?id=2881323&use=l&cat=p&typeid=i","cat":284644},{"id":228509,"n":"Lessive liquide Mir Laine Textile délicat x27 - 1.35L","p":5.38,"u":"3,99 €/L","img":"https://fd9-photos.leclercdrive.fr/image.ashx?id=2890118&use=l&cat=p&typeid=i","cat":284644},{"id":228510,"n":"Lessive liquide Super Croix X-tra Bora Bora x42 - 1.89L","p":7.7,"u":"4,07 €/L","img":"https://fd9-photos.leclercdrive.fr/image.ashx?id=2876263&use=l&cat=p&typeid=i","cat":284640},{"id":228511,"n":"Lessive liquide Maison Verte Fraîcheur d'été - 1.485L x33","p":7.24,"u":"4,88 €/L","img":"https://fd9-photos.leclercdrive.fr/image.ashx?id=2890121&use=l&cat=p&typeid=i","cat":284640},{"id":228580,"n":"Soda 7up Zéro sucres mojito La bouteille de 1.5L Seven up","p":1.43,"u":"0,95 €/L","img":"https://fd9-photos.leclercdrive.fr/image.ashx?id=2752459&use=l&cat=p&typeid=i","cat":284531},{"id":228631,"n":"Soda Coca-Cola Sans Sucres Canette - Pack 6x20CL","p":3.47,"u":"2,89 €/L","img":"https://fd9-photos.leclercdrive.fr/image.ashx?id=2709352&use=l&cat=p&typeid=i","cat":284530},{"id":228804,"n":"Café grains Temps des Cerises Saveur Noisette - 900g","p":18.9,"u":"21,00 €/KG","img":"https://fd9-photos.leclercdrive.fr/image.ashx?id=2710260&use=l&cat=p&typeid=i","cat":293237},{"id":228905,"n":"Soin capillaire Expess Le  Petit Marseillais Coco -200ml","p":2.76,"u":"13,80 €/L","img":"https://fd9-photos.leclercdrive.fr/image.ashx?id=2711947&use=l&cat=p&typeid=i","cat":284608},{"id":228972,"n":"Chips Tortilla Doritos Cheese - 250g","p":2.88,"u":"11,52 €/KG","img":"https://fd9-photos.leclercdrive.fr/image.ashx?id=2901788&use=l&cat=p&typeid=i","cat":287899},{"id":228974,"n":"Chips Tortilla Doritos Nature corn - 250g","p":2.91,"u":"11,64 €/KG","img":"https://fd9-photos.leclercdrive.fr/image.ashx?id=2986224&use=l&cat=p&typeid=i","cat":287899},{"id":228976,"n":"Infusion Saveurs du soir Lipton Grand sud - 32g","p":1.17,"u":"36,56 €/KG","img":"https://fd9-photos.leclercdrive.fr/image.ashx?id=2718741&use=l&cat=p&typeid=i","cat":293234},{"id":228977,"n":"Lessive Liquide  X-tra Total Blanc et couleurs x44  -1.98L","p":8.1,"u":"4,09 €/L","img":"https://fd9-photos.leclercdrive.fr/image.ashx?id=2875351&use=l&cat=p&typeid=i","cat":284640},{"id":228992,"n":"Thé vert Lipton Bio  x20 - 28g","p":2.54,"u":"90,71 €/KG","img":"https://fd9-photos.leclercdrive.fr/image.ashx?id=2739405&use=l&cat=p&typeid=i","cat":293233},{"id":229015,"n":"Sauce soja Suzi Wan 135ml","p":1.96,"u":"14,52 €/L","img":"https://fd9-photos.leclercdrive.fr/image.ashx?id=2906664&use=l&cat=p&typeid=i","cat":288992},{"id":229061,"n":"Sauce soja salée Tanoshi 200ml","p":2.96,"u":"14,80 €/L","img":"https://fd9-photos.leclercdrive.fr/image.ashx?id=2921603&use=l&cat=p&typeid=i","cat":288992},{"id":229063,"n":"Pepites 3 chocolats  Sainte Lucie - 100g","p":3.15,"u":"31,50 €/KG","img":"https://fd9-photos.leclercdrive.fr/image.ashx?id=2774349&use=l&cat=p&typeid=i","cat":284504},{"id":229065,"n":"Sauce soja  Kikkoman 1L","p":11.69,"u":"11,69 €/L","img":"https://fd9-photos.leclercdrive.fr/image.ashx?id=2849373&use=l&cat=p&typeid=i","cat":288992},{"id":229109,"n":"Capsule Nescafé Farmers Origins Intensité 7 - x10 - 44g","p":2.67,"u":"60,68 €/KG","img":"https://fd9-photos.leclercdrive.fr/image.ashx?id=2714585&use=l&cat=p&typeid=i","cat":284749},{"id":229140,"n":"Herbes de provence Sainte Lucie L'Originale Recette - 80g","p":3.45,"u":"43,13 €/KG","img":"https://fd9-photos.leclercdrive.fr/image.ashx?id=2713895&use=l&cat=p&typeid=i","cat":298297},{"id":229144,"n":"Margarine doux St-Hubert L'Original - 250g","p":2.07,"u":"8,28 €/KG","img":"https://fd9-photos.leclercdrive.fr/image.ashx?id=2978032&use=l&cat=p&typeid=i","cat":315229},{"id":229224,"n":"Glace pâte à tartiner Nutella 230g","p":3.95,"u":"17,17 €/KG","img":"https://fd9-photos.leclercdrive.fr/image.ashx?id=2905672&use=l&cat=p&typeid=i","cat":284725},{"id":229243,"n":"Soin capillaire express Le  Petit Marseillais Karité -200ml","p":2.92,"u":"14,60 €/L","img":"https://fd9-photos.leclercdrive.fr/image.ashx?id=2735248&use=l&cat=p&typeid=i","cat":284608},{"id":229244,"n":"Soin capillaire express Le Petit Marseillais Argan - 200ml","p":2.89,"u":"14,45 €/L","img":"https://fd9-photos.leclercdrive.fr/image.ashx?id=2715255&use=l&cat=p&typeid=i","cat":284608},{"id":229288,"n":"Glace Carte d'Or Café - 374g","p":2.82,"pp":1.97,"u":"5,27 €/KG","img":"https://fd9-photos.leclercdrive.fr/image.ashx?id=2973348&use=l&cat=p&typeid=i","cat":284263},{"id":229289,"n":"Glace Carte d'Or Chocolat Noir - 374g","p":2.69,"pp":1.88,"u":"5,03 €/KG","img":"https://fd9-photos.leclercdrive.fr/image.ashx?id=2849370&use=l&cat=p&typeid=i","cat":284263},{"id":229291,"n":"Glace Carte d'Or Rhum raisin - 394g","p":2.92,"pp":2.04,"u":"5,18 €/KG","img":"https://fd9-photos.leclercdrive.fr/image.ashx?id=3009305&use=l&cat=p&typeid=i","cat":284263},{"id":229293,"n":"Crème Glacée Carte D'Or crème  de Vanille de Madagascar 700ml","p":3.27,"pp":2.29,"u":"6,24 €/KG","img":"https://fd9-photos.leclercdrive.fr/image.ashx?id=2793062&use=l&cat=p&typeid=i","cat":284263},{"id":229498,"n":"Chips Lay's Moutarde pickles - 135g","p":1.5,"u":"11,11 €/KG","img":"https://fd9-photos.leclercdrive.fr/image.ashx?id=3011152&use=l&cat=p&typeid=i","cat":284447},{"id":229517,"n":"Soda au cola Pepsi Zéro sucres Le lot de 6x33cl canettes","p":2.53,"u":"1,28 €/L","img":"https://fd9-photos.leclercdrive.fr/image.ashx?id=2773391&use=l&cat=p&typeid=i","cat":284530},{"id":229523,"n":"Thé glacé Lipton Ice Tea Pêche Le lot de 12x33cl canettes","p":6.06,"u":"1,53 €/L","img":"https://fd9-photos.leclercdrive.fr/image.ashx?id=2717550&use=l&cat=p&typeid=i","cat":295019},{"id":229524,"n":"Thé glacé pétillant Lipton Ice Tea pêche - canettes 6x33cl","p":3.48,"u":"1,76 €/L","img":"https://fd9-photos.leclercdrive.fr/image.ashx?id=2900833&use=l&cat=p&typeid=i","cat":295019},{"id":229593,"n":"Tablettes lave-vaisselle Visior Tout en 1 citron x45 - 765g","p":5.79,"u":"7,57 €/KG","img":"https://fd9-photos.leclercdrive.fr/image.ashx?id=2954905&use=l&cat=p&typeid=i","cat":284656},{"id":229879,"n":"Apéritif Campari 25% vol - 70cl","p":16.35,"u":"23,36 €/L","img":"https://fd9-photos.leclercdrive.fr/image.ashx?id=3009155&use=l&cat=p&typeid=i","cat":286032},{"id":229889,"n":"Pain de mie 100% Mie Harrys Brioché tranche épaisse - 430g","p":2.67,"u":"6,21 €/KG","img":"https://fd9-photos.leclercdrive.fr/image.ashx?id=2964471&use=l&cat=p&typeid=i","cat":284477},{"id":229891,"n":"Pain de mie complet Harrys Sandwich Sans sucre ajouté 600g","p":1.69,"u":"2,82 €/KG","img":"https://fd9-photos.leclercdrive.fr/image.ashx?id=2962473&use=l&cat=p&typeid=i","cat":284477},{"id":229893,"n":"Pain de mie complet Harrys Sandwich Sans sucre ajouté 900g","p":2.31,"u":"2,57 €/KG","img":"https://fd9-photos.leclercdrive.fr/image.ashx?id=2962476&use=l&cat=p&typeid=i","cat":284477},{"id":229896,"n":"Pain de mie nature Harrys American Sandwich 550g","p":1.61,"u":"2,93 €/KG","img":"https://fd9-photos.leclercdrive.fr/image.ashx?id=2962446&use=l&cat=p&typeid=i","cat":284477},{"id":229897,"n":"Pain de mie nature Harrys Sandwich Sans sucre ajouté 825g","p":2.17,"u":"2,63 €/KG","img":"https://fd9-photos.leclercdrive.fr/image.ashx?id=2962449&use=l&cat=p&typeid=i","cat":284477},{"id":229898,"n":"Pain de mie nature Harrys Sandwich Tranches épaisses 550g","p":1.97,"u":"3,58 €/KG","img":"https://fd9-photos.leclercdrive.fr/image.ashx?id=2962455&use=l&cat=p&typeid=i","cat":284477},{"id":229916,"n":"Petits biscuits apéritifs Michel & Augustin - 90g","p":2.66,"u":"29,56 €/KG","img":"https://fd9-photos.leclercdrive.fr/image.ashx?id=2920552&use=l&cat=p&typeid=i","cat":297000},{"id":229920,"n":"Pain de mie rustique Harrys Sandwich Sans sucre ajouté 500g","p":2.29,"u":"4,58 €/KG","img":"https://fd9-photos.leclercdrive.fr/image.ashx?id=2962458&use=l&cat=p&typeid=i","cat":284477},{"id":229921,"n":"Pain de mie céréales Harrys Sandwich Sans sucre ajouté 550g","p":1.87,"u":"3,40 €/KG","img":"https://fd9-photos.leclercdrive.fr/image.ashx?id=2962452&use=l&cat=p&typeid=i","cat":284477},{"id":229982,"n":"Coulommiers Eco+ 320g","p":1.78,"u":"5,56 €/KG","img":"https://fd9-photos.leclercdrive.fr/image.ashx?id=2726824&use=l&cat=p&typeid=i","cat":314033},{"id":230145,"n":"Tablette Chocolat Pur Via  Caramel pointe de sel - 100g","p":2.68,"u":"26,80 €/KG","img":"https://fd9-photos.leclercdrive.fr/image.ashx?id=2789946&use=l&cat=p&typeid=i","cat":284497},{"id":230151,"n":"Tablette de chocolat Lindt Création blanc rocher - 145g","p":3.99,"u":"27,52 €/KG","img":"https://fd9-photos.leclercdrive.fr/image.ashx?id=2720446&use=l&cat=p&typeid=i","cat":284957},{"id":230155,"n":"Tablette chocolat Poulain Noir extra - 400g","p":4.05,"u":"10,13 €/KG","img":"https://fd9-photos.leclercdrive.fr/image.ashx?id=2964502&use=l&cat=p&typeid=i","cat":284956},{"id":230161,"n":"Tablette de chocolat Lindt Excellence noir dentelle - 100g","p":2.78,"u":"27,80 €/KG","img":"https://fd9-photos.leclercdrive.fr/image.ashx?id=2720440&use=l&cat=p&typeid=i","cat":284497},{"id":230162,"n":"Tablette de chocolat Lindt Excellence noir gaufrette  100g","p":2.77,"u":"27,70 €/KG","img":"https://fd9-photos.leclercdrive.fr/image.ashx?id=2720437&use=l&cat=p&typeid=i","cat":284956},{"id":230167,"n":"Lessive liquide X-tra Total  Ecopack  x41 - 1.845L","p":6.6,"u":"3,58 €/L","img":"https://fd9-photos.leclercdrive.fr/image.ashx?id=2890124&use=l&cat=p&typeid=i","cat":284640},{"id":230171,"n":"Bière Picon 1L","p":10.27,"u":"10,27 €/L","img":"https://fd9-photos.leclercdrive.fr/image.ashx?id=2720908&use=l&cat=p&typeid=i","cat":334872},{"id":230174,"n":"Bière blonde Fischer Tradition 6% - 66cl","p":1.94,"u":"2,94 €/L","img":"https://fd9-photos.leclercdrive.fr/image.ashx?id=3008128&use=l&cat=p&typeid=i","cat":334873},{"id":230176,"n":"Le Comté Président affiné 6 mois 200g","p":3.63,"u":"18,15 €/KG","img":"https://fd9-photos.leclercdrive.fr/image.ashx?id=2721730&use=l&cat=p&typeid=i","cat":314034},{"id":230193,"n":"Nettoyant ménager La Croix Gel utra dégraissant - 1L","p":2.13,"u":"2,13 €/L","img":"https://fd9-photos.leclercdrive.fr/image.ashx?id=2721534&use=l&cat=p&typeid=i","cat":325357},{"id":230198,"n":"Gel nettoyant WC La Croix Ultra WC - 750ml","p":1.39,"u":"1,85 €/L","img":"https://fd9-photos.leclercdrive.fr/image.ashx?id=2721531&use=l&cat=p&typeid=i","cat":284662},{"id":230607,"n":"Mini cheeseburgers L'Atelier Traiteur x6 -240g","p":5.99,"u":"24,96 €/KG","img":"https://fd9-photos.leclercdrive.fr/image.ashx?id=2722303&use=l&cat=p&typeid=i","cat":316003},{"id":230611,"n":"Mini burgers bacon L'Atelier Traiteur x6 - 240g","p":5.99,"u":"24,96 €/KG","img":"https://fd9-photos.leclercdrive.fr/image.ashx?id=2722306&use=l&cat=p&typeid=i","cat":316003},{"id":230628,"n":"Mini burgers Montagnard L'Atelier Traiteur x6 - 240g","p":5.99,"u":"24,96 €/KG","img":"https://fd9-photos.leclercdrive.fr/image.ashx?id=2722315&use=l&cat=p&typeid=i","cat":316003},{"id":230647,"n":"Dessert végétal Andros Chocolat - 4x100g","p":3.25,"u":"8,13 €/KG","img":"https://fd9-photos.leclercdrive.fr/image.ashx?id=2872003&use=l&cat=p&typeid=i","cat":316071},{"id":230705,"n":"Gnocchi à poêler Lustucru Jambon fromage - 500g","p":3.47,"u":"6,94 €/KG","img":"https://fd9-photos.leclercdrive.fr/image.ashx?id=2786213&use=l&cat=p&typeid=i","cat":333682},{"id":230707,"n":"Poisson à la Bordelaise Fleury Michon - 300g","p":3.9,"u":"13,00 €/KG","img":"https://fd9-photos.leclercdrive.fr/image.ashx?id=3003239&use=l&cat=p&typeid=i","cat":333665},{"id":230734,"n":"Compotes Charles & Alice Pommes coco citron - 4x97g","p":1.76,"u":"4,54 €/KG","img":"https://fd9-photos.leclercdrive.fr/image.ashx?id=2757695&use=l&cat=p&typeid=i","cat":284416},{"id":230738,"n":"Compotes Charles & Alice Pommes mûres - 4x97g","p":1.73,"u":"4,46 €/KG","img":"https://fd9-photos.leclercdrive.fr/image.ashx?id=2757704&use=l&cat=p&typeid=i","cat":284416},{"id":230740,"n":"Serviettes incontinence Eco+ Extra - x10","p":1.68,"img":"https://fd9-photos.leclercdrive.fr/image.ashx?id=2722979&use=l&cat=p&typeid=i","cat":284628},{"id":230758,"n":"Dentifrice Oral-B 3D White Arctic Fresh - 75ml","p":3.56,"u":"47,47 €/L","img":"https://fd9-photos.leclercdrive.fr/image.ashx?id=2902385&use=l&cat=p&typeid=i","cat":284612},{"id":230830,"n":"Crackers Belin Monaco Emmental 110g","p":1.24,"u":"11,27 €/KG","img":"https://fd9-photos.leclercdrive.fr/image.ashx?id=3002228&use=l&cat=p&typeid=i","cat":297000},{"id":230863,"n":"Crackers Monaco Belin Emmental  170g","p":1.4,"u":"8,24 €/KG","img":"https://fd9-photos.leclercdrive.fr/image.ashx?id=3002231&use=l&cat=p&typeid=i","cat":297000},{"id":231042,"n":"Lessive au savon noir Briochin Bouquet floral - 2+1 - 6.8L","p":15.86,"u":"2,33 €/L","img":"https://fd9-photos.leclercdrive.fr/image.ashx?id=2799488&use=l&cat=p&typeid=i","cat":284640},{"id":231044,"n":"Lessive liquide Briochin Peaux sensibles - 2+1 - 6.81L","p":15.88,"u":"2,33 €/L","img":"https://fd9-photos.leclercdrive.fr/image.ashx?id=2755540&use=l&cat=p&typeid=i","cat":284640},{"id":231053,"n":"Saucisson sec Cochonou  -25% de sel 32 tranches - 100g","p":1.83,"u":"18,30 €/KG","img":"https://fd9-photos.leclercdrive.fr/image.ashx?id=2833633&use=l&cat=p&typeid=i","cat":316007},{"id":231096,"n":"Mayonnaise de Dijon Amora 385g","p":2.32,"u":"6,03 €/KG","img":"https://fd9-photos.leclercdrive.fr/image.ashx?id=3014659&use=l&cat=p&typeid=i","cat":298295},{"id":231201,"n":"Lessive liquide X-tra Total Savon de Marseille x44 - 1.98L","p":6.72,"u":"3,39 €/L","img":"https://fd9-photos.leclercdrive.fr/image.ashx?id=2890631&use=l&cat=p&typeid=i","cat":284640},{"id":231202,"n":"Lessive liquide X-tra  Fraicheur Alpine x44  -1.98L","p":7.83,"u":"3,95 €/L","img":"https://fd9-photos.leclercdrive.fr/image.ashx?id=2727434&use=l&cat=p&typeid=i","cat":284640},{"id":231203,"n":"Lessive liquide Super Croix  X-tra Japon x42- 1.89L","p":8.73,"u":"4,62 €/L","img":"https://fd9-photos.leclercdrive.fr/image.ashx?id=2876272&use=l&cat=p&typeid=i","cat":284640},{"id":231205,"n":"Lessive liquide X-tra Total  Déo fraîcheur givré x40 - 1.80L","p":9.02,"u":"5,01 €/L","img":"https://fd9-photos.leclercdrive.fr/image.ashx?id=2936131&use=l&cat=p&typeid=i","cat":284640},{"id":231282,"n":"Chips Street food Vico  Saveur tzatziki - 120g","p":1.25,"u":"10,42 €/KG","img":"https://fd9-photos.leclercdrive.fr/image.ashx?id=2985192&use=l&cat=p&typeid=i","cat":284447},{"id":231367,"n":"Rôti de porc Tradilège Supérieur 2 tranches - 80g","p":1.49,"u":"18,63 €/KG","img":"https://fd9-photos.leclercdrive.fr/image.ashx?id=2994402&use=l&cat=p&typeid=i","cat":316009},{"id":231368,"n":"Capsules café L'Or Espresso Supremo N°10 x30","p":9.23,"u":"59,17 €/KG","img":"https://fd9-photos.leclercdrive.fr/image.ashx?id=2788052&use=l&cat=p&typeid=i","cat":284749},{"id":231369,"n":"Capsules café L'Or Espresso Splendente N°7 x30","p":9.02,"u":"57,82 €/KG","img":"https://fd9-photos.leclercdrive.fr/image.ashx?id=2728846&use=l&cat=p&typeid=i","cat":284749},{"id":231370,"n":"Capsules café L'Or Espresso Ristretto N°11 x30","p":9.16,"u":"58,72 €/KG","img":"https://fd9-photos.leclercdrive.fr/image.ashx?id=2728843&use=l&cat=p&typeid=i","cat":284749},{"id":231371,"n":"Capsules café L'Or Espresso Forza N°9 x30","p":9.14,"u":"58,59 €/KG","img":"https://fd9-photos.leclercdrive.fr/image.ashx?id=3000468&use=l&cat=p&typeid=i","cat":284749},{"id":231372,"n":"Capsules café L'Or Espresso Delizioso N°5 x30","p":9.16,"u":"58,72 €/KG","img":"https://fd9-photos.leclercdrive.fr/image.ashx?id=2851345&use=l&cat=p&typeid=i","cat":284749},{"id":231657,"n":"Tablettes lave-vaisselle Finish Power Plus - x35","p":7.46,"u":"13,32 €/KG","img":"https://fd9-photos.leclercdrive.fr/image.ashx?id=2749431&use=l&cat=p&typeid=i","cat":284656},{"id":231658,"n":"Lessive liquide X-tra Total  4 en 1 propreté x85 - 3.825L","p":13.89,"u":"3,63 €/L","img":"https://fd9-photos.leclercdrive.fr/image.ashx?id=2740568&use=l&cat=p&typeid=i","cat":284640},{"id":231660,"n":"Lessive liquide Super Croix  X-tra Maroc x42 - 1.890L","p":8.25,"u":"4,37 €/L","img":"https://fd9-photos.leclercdrive.fr/image.ashx?id=2876275&use=l&cat=p&typeid=i","cat":284640},{"id":231692,"n":"Crème corps Mixa Réparatrice - 150ml","p":3.26,"u":"21,73 €/L","img":"https://fd9-photos.leclercdrive.fr/image.ashx?id=2867557&use=l&cat=p&typeid=i","cat":325350},{"id":231694,"n":"Crème corps Mixa Réparatrice Peau sensibles  - 150ml","p":3.55,"u":"23,67 €/L","img":"https://fd9-photos.leclercdrive.fr/image.ashx?id=2892199&use=l&cat=p&typeid=i","cat":325350},{"id":231704,"n":"Lessive multi-usages St Marc  à la Résine de pin - 1,4kg","p":4.48,"u":"3,20 €/KG","img":"https://fd9-photos.leclercdrive.fr/image.ashx?id=2884645&use=l&cat=p&typeid=i","cat":325365},{"id":231706,"n":"Capsules lave-vaisselle Finish  Ultimate Citron - x42","p":8.95,"u":"16,51 €/KG","img":"https://fd9-photos.leclercdrive.fr/image.ashx?id=2749446&use=l&cat=p&typeid=i","cat":284656},{"id":231708,"n":"Capsules lave-vaisselle Finish  Quantum - x46","p":8.95,"u":"18,72 €/KG","img":"https://fd9-photos.leclercdrive.fr/image.ashx?id=2749440&use=l&cat=p&typeid=i","cat":284656},{"id":231709,"n":"Capsules lave-vaisselle Finish Ultimate Plus Citron - x35","p":8.95,"u":"20,96 €/KG","img":"https://fd9-photos.leclercdrive.fr/image.ashx?id=2749437&use=l&cat=p&typeid=i","cat":284656},{"id":231710,"n":"Capsules lave-vaisselle Finish Ultimate Plus - x35","p":8.95,"u":"20,96 €/KG","img":"https://fd9-photos.leclercdrive.fr/image.ashx?id=2749434&use=l&cat=p&typeid=i","cat":284656},{"id":231711,"n":"Tablettes lave-vaisselle Finish Power Plus - x80","p":15.97,"u":"12,48 €/KG","img":"https://fd9-photos.leclercdrive.fr/image.ashx?id=2749428&use=l&cat=p&typeid=i","cat":284656},{"id":231713,"n":"Spray nettoyant Cillit Bang Expert crasse & calcaire 750ml","p":2.98,"u":"3,97 €/L","img":"https://fd9-photos.leclercdrive.fr/image.ashx?id=2839755&use=l&cat=p&typeid=i","cat":325362},{"id":231714,"n":"Spray nettoyant Cillit Bang  Expert Anti-moisissures - 750ml","p":3.07,"u":"4,09 €/L","img":"https://fd9-photos.leclercdrive.fr/image.ashx?id=2790114&use=l&cat=p&typeid=i","cat":325357},{"id":231715,"n":"Spray nettoyant Cillit Bang  Expert Javel - 750ml","p":2.93,"u":"3,91 €/L","img":"https://fd9-photos.leclercdrive.fr/image.ashx?id=2793653&use=l&cat=p&typeid=i","cat":325357},{"id":231719,"n":"Lessive capsules Super Croix X-tra Bora Bora x28  - 336g","p":7.99,"u":"23,78 €/KG","img":"https://fd9-photos.leclercdrive.fr/image.ashx?id=2876284&use=l&cat=p&typeid=i","cat":284641},{"id":231934,"n":"Café en grains Lavazza Tales of Napoli - 250g","p":6.27,"u":"25,08 €/KG","img":"https://fd9-photos.leclercdrive.fr/image.ashx?id=2919904&use=l&cat=p&typeid=i","cat":293237},{"id":231951,"n":"Calculatrice poche Esquisse Grise","p":2.99,"u":"Dont 0,13 € d'éco-part.","img":"https://fd9-photos.leclercdrive.fr/image.ashx?id=2742339&use=l&cat=p&typeid=i","cat":334133},{"id":232031,"n":"Compotes Andros Ananas morceaux - 4x100g","p":3.32,"u":"8,30 €/KG","img":"https://fd9-photos.leclercdrive.fr/image.ashx?id=2845464&use=l&cat=p&typeid=i","cat":284416},{"id":232037,"n":"Crème gourmande Mamie Nova Chocolat Noir 2x150g","p":1.71,"u":"5,70 €/KG","img":"https://fd9-photos.leclercdrive.fr/image.ashx?id=2909020&use=l&cat=p&typeid=i","cat":285041},{"id":232038,"n":"Dessert Fondant Mamie Nova Chocolat Menthe 2x150g","p":1.47,"u":"4,90 €/KG","img":"https://fd9-photos.leclercdrive.fr/image.ashx?id=2909032&use=l&cat=p&typeid=i","cat":285041},{"id":232040,"n":"Yaourt Gourmand Mamie Nova Abricot 2x150g","p":1.56,"u":"5,20 €/KG","img":"https://fd9-photos.leclercdrive.fr/image.ashx?id=2986567&use=l&cat=p&typeid=i","cat":284410},{"id":232084,"n":"Serviette Ultra Puresens,Normal","p":1.88,"img":"https://fd9-photos.leclercdrive.fr/image.ashx?id=2756452&use=l&cat=p&typeid=i","cat":284624},{"id":232116,"n":"Adoucissant Lenor Peaux sensibles - 840ml - x40","p":4.14,"u":"4,93 €/L","img":"https://fd9-photos.leclercdrive.fr/image.ashx?id=2743670&use=l&cat=p&typeid=i","cat":284650},{"id":232130,"n":"Lessive liquide Super Croix  X-tra Bora Bora x63 - 2.835L","p":12.68,"u":"4,47 €/L","img":"https://fd9-photos.leclercdrive.fr/image.ashx?id=2876269&use=l&cat=p&typeid=i","cat":284640},{"id":232140,"n":"Lessive liquide Mir Blanc - x27 - 1.35L","p":5.68,"u":"4,21 €/L","img":"https://fd9-photos.leclercdrive.fr/image.ashx?id=2962287&use=l&cat=p&typeid=i","cat":284640},{"id":232145,"n":"Lessive liquide Mir Noir - 650ml - x13","p":4.75,"u":"7,31 €/L","img":"https://fd9-photos.leclercdrive.fr/image.ashx?id=2743043&use=l&cat=p&typeid=i","cat":284644},{"id":232150,"n":"Lessive liquide Mir Couleurs  Raviveur couleurs x27 - 1.35L","p":6.49,"u":"4,81 €/L","img":"https://fd9-photos.leclercdrive.fr/image.ashx?id=2744034&use=l&cat=p&typeid=i","cat":284644},{"id":232183,"n":"Liquide vaisselle Mir  Dégraissant citron - 450ml","p":1.48,"u":"3,29 €/L","img":"https://fd9-photos.leclercdrive.fr/image.ashx?id=2744028&use=l&cat=p&typeid=i","cat":284655},{"id":232193,"n":"Liquide vaisselle Mir vinaigre Pamplemousse dégraissant -450ml","p":1.77,"u":"3,93 €/L","img":"https://fd9-photos.leclercdrive.fr/image.ashx?id=2889346&use=l&cat=p&typeid=i","cat":284655},{"id":232194,"n":"Liquide vaisselle Mir Vinaigre Pomme - 450ml","p":1.58,"u":"3,51 €/L","img":"https://fd9-photos.leclercdrive.fr/image.ashx?id=2890628&use=l&cat=p&typeid=i","cat":284655},{"id":232195,"n":"Liquide vaisselle Mir  Peau sensible aloe vera - 450ml","p":1.47,"u":"3,27 €/L","img":"https://fd9-photos.leclercdrive.fr/image.ashx?id=2874904&use=l&cat=p&typeid=i","cat":284655},{"id":232201,"n":"Liquide vaisselle Mir  Dégraissant & brillance - 450ml","p":1.79,"u":"3,98 €/L","img":"https://fd9-photos.leclercdrive.fr/image.ashx?id=2744049&use=l&cat=p&typeid=i","cat":284655},{"id":232230,"n":"Crème visage Mixa Expert Anti-tâches SPF20 - 50ml","p":10.45,"u":"209,00 €/L","img":"https://fd9-photos.leclercdrive.fr/image.ashx?id=2770551&use=l&cat=p&typeid=i","cat":325345},{"id":232231,"n":"Nettoyant confort visage Mixa Anti-secheresse - 150ml","p":5.48,"u":"36,53 €/L","img":"https://fd9-photos.leclercdrive.fr/image.ashx?id=2744171&use=l&cat=p&typeid=i","cat":284603},{"id":232233,"n":"Gelée matifiante visage Mixa Anti-imperfections - 50ml","p":10.48,"u":"209,60 €/L","img":"https://fd9-photos.leclercdrive.fr/image.ashx?id=2770554&use=l&cat=p&typeid=i","cat":325345},{"id":232237,"n":"Nettoyant confort visage Mixa Anti-imperfection - 150ml","p":5.48,"u":"36,53 €/L","img":"https://fd9-photos.leclercdrive.fr/image.ashx?id=2744168&use=l&cat=p&typeid=i","cat":284603},{"id":232309,"n":"Bloc WC Fresh Disc Canard Citron vert - 1x36ml","p":2.45,"img":"https://fd9-photos.leclercdrive.fr/image.ashx?id=2745769&use=l&cat=p&typeid=i","cat":284662},{"id":232318,"n":"Tablette lave-vaisselle Sun Tout-en-1 - x86 - 1.419kg","p":14.78,"u":"10,42 €/KG","img":"https://fd9-photos.leclercdrive.fr/image.ashx?id=3000899&use=l&cat=p&typeid=i","cat":284656},{"id":232319,"n":"Tablettes lave-vaisselle Sun Tout-en-1 - x24 -396g","p":5.44,"u":"13,74 €/KG","img":"https://fd9-photos.leclercdrive.fr/image.ashx?id=2760543&use=l&cat=p&typeid=i","cat":284656},{"id":232321,"n":"Lessive capsules Tout-en-1 Skip Soin complet - x24 - 506.4g","p":11.06,"u":"21,86 €/KG","img":"https://fd9-photos.leclercdrive.fr/image.ashx?id=2773931&use=l&cat=p&typeid=i","cat":284641},{"id":232341,"n":"Bloc WC Canard Fresh Disc Fraîcheur marine - 36ml","p":2.45,"img":"https://fd9-photos.leclercdrive.fr/image.ashx?id=2747691&use=l&cat=p&typeid=i","cat":284662},{"id":232345,"n":"Adoucissant Soupline concentré Utra Emotion Rose - 1.28L - x60","p":6.47,"u":"5,05 €/L","img":"https://fd9-photos.leclercdrive.fr/image.ashx?id=2832575&use=l&cat=p&typeid=i","cat":284650},{"id":232349,"n":"Adoucissant Soupline Concentré Lavande Elixir - x45 1L","p":6.5,"u":"6,50 €/L","img":"https://fd9-photos.leclercdrive.fr/image.ashx?id=2745850&use=l&cat=p&typeid=i","cat":284650},{"id":232357,"n":"Recharge Gel douche Sanex Zéro - Peaux sensibles - 500ml","p":3.32,"u":"6,64 €/L","img":"https://fd9-photos.leclercdrive.fr/image.ashx?id=2745856&use=l&cat=p&typeid=i","cat":284594},{"id":232371,"n":"Dentifrice enfant Elmex Anti-caries - 6-12 ans - 75ml","p":2.62,"u":"34,93 €/L","img":"https://fd9-photos.leclercdrive.fr/image.ashx?id=2747175&use=l&cat=p&typeid=i","cat":288898},{"id":232519,"n":"Pâtes Barilla Risoni - 500g","p":1.24,"u":"2,48 €/KG","img":"https://fd9-photos.leclercdrive.fr/image.ashx?id=2748665&use=l&cat=p&typeid=i","cat":284427},{"id":232520,"n":"Pâtes Barilla Ditalini Rigati - 500g","p":1.27,"u":"2,54 €/KG","img":"https://fd9-photos.leclercdrive.fr/image.ashx?id=2748668&use=l&cat=p&typeid=i","cat":284427},{"id":232702,"n":"Miettes de thon Petit Navire  A l'huile d'olive 80g","p":1.6,"u":"20,00 €/KG","img":"https://fd9-photos.leclercdrive.fr/image.ashx?id=2748107&use=l&cat=p&typeid=i","cat":303867},{"id":232706,"n":"Miettes de thon Petit Navire à  la Sauce tomate 230g","p":2.72,"u":"11,83 €/KG","img":"https://fd9-photos.leclercdrive.fr/image.ashx?id=2748110&use=l&cat=p&typeid=i","cat":303867},{"id":232740,"n":"Chips Tuiles Pringles HOT Barbecue Ribs - 160g","p":1.78,"u":"11,13 €/KG","img":"https://fd9-photos.leclercdrive.fr/image.ashx?id=2749506&use=l&cat=p&typeid=i","cat":287899},{"id":232839,"n":"Gel déboucheur Destop  Turbo 5 min - 4 doses - 1L","p":7.17,"u":"7,17 €/L","img":"https://fd9-photos.leclercdrive.fr/image.ashx?id=2976032&use=l&cat=p&typeid=i","cat":284908},{"id":232858,"n":"L'Onctueux Rians Caramel beurre salé - 2x90g","p":2.43,"u":"13,50 €/KG","img":"https://fd9-photos.leclercdrive.fr/image.ashx?id=2750438&use=l&cat=p&typeid=i","cat":285041},{"id":232982,"n":"Bougie Glade Vanille - 112g","p":3.64,"img":"https://fd9-photos.leclercdrive.fr/image.ashx?id=2751285&use=l&cat=p&typeid=i","cat":284666},{"id":232986,"n":"Bougie Glade Anti-tabac - 112g","p":3.64,"img":"https://fd9-photos.leclercdrive.fr/image.ashx?id=2751276&use=l&cat=p&typeid=i","cat":284666},{"id":232989,"n":"Spray nettoyant Cillit Bang  Expert Dégraissant - 750ml","p":2.93,"img":"https://fd9-photos.leclercdrive.fr/image.ashx?id=2751222&use=l&cat=p&typeid=i","cat":325357},{"id":233443,"n":"Escalopes de dinde Eco+ x5 - 600g","p":5.98,"u":"9,97 €/KG","img":"https://fd9-photos.leclercdrive.fr/image.ashx?id=2759187&use=l&cat=p&typeid=i","cat":284337},{"id":233474,"n":"Bière blonde Leffe Prestige  8,5% - 12x25cl","p":13.12,"u":"4,37 €/L","img":"https://fd9-photos.leclercdrive.fr/image.ashx?id=2755819&use=l&cat=p&typeid=i","cat":334852},{"id":233538,"n":"Pomme de terre saumon  Bonduelle 280g","p":2.5,"u":"8,93 €/KG","img":"https://fd9-photos.leclercdrive.fr/image.ashx?id=2903005&use=l&cat=p&typeid=i","cat":333657},{"id":233543,"n":"Salade façon Auvergnate Bonduelle 250g","p":2.49,"u":"9,96 €/KG","img":"https://fd9-photos.leclercdrive.fr/image.ashx?id=2894206&use=l&cat=p&typeid=i","cat":333657},{"id":233550,"n":"Salade Quinoa semoule noisettes Bonduelle 250g","p":2.57,"u":"10,28 €/KG","img":"https://fd9-photos.leclercdrive.fr/image.ashx?id=2903002&use=l&cat=p&typeid=i","cat":333657},{"id":233623,"n":"Baume corps Le Petit Marseillais - Monoï - 380ml","p":6.88,"u":"18,11 €/L","img":"https://fd9-photos.leclercdrive.fr/image.ashx?id=2908171&use=l&cat=p&typeid=i","cat":325350},{"id":233624,"n":"Baume corps Le Petit Marseillais - Coco - 380ml","p":6.98,"u":"18,37 €/L","img":"https://fd9-photos.leclercdrive.fr/image.ashx?id=2758105&use=l&cat=p&typeid=i","cat":325350},{"id":233626,"n":"Spray démêlant Le Petit Marseillais Pamplemousse 200ml","p":3.67,"u":"18,35 €/L","img":"https://fd9-photos.leclercdrive.fr/image.ashx?id=2758099&use=l&cat=p&typeid=i","cat":284608},{"id":233627,"n":"Gel douche Le Petit Marseillais Verveine Bio & citron Bio 650ml","p":3.79,"u":"5,83 €/L","img":"https://fd9-photos.leclercdrive.fr/image.ashx?id=2758114&use=l&cat=p&typeid=i","cat":284594},{"id":233628,"n":"Gel douche Le Petit Marseillais Pin & Criste marine Bio 650ml","p":4.36,"u":"6,71 €/L","img":"https://fd9-photos.leclercdrive.fr/image.ashx?id=2758117&use=l&cat=p&typeid=i","cat":284594},{"id":233629,"n":"Shampooing Le Petit Marseillais Force & éclat - 300ml","p":1.88,"u":"6,27 €/L","img":"https://fd9-photos.leclercdrive.fr/image.ashx?id=2758090&use=l&cat=p&typeid=i","cat":284606},{"id":233630,"n":"Shampooing Le Petit Marseillais Nutrition - 300ml","p":1.93,"u":"6,43 €/L","img":"https://fd9-photos.leclercdrive.fr/image.ashx?id=2758093&use=l&cat=p&typeid=i","cat":284606},{"id":233631,"n":"Shampooing Le Petit Marseillais Purifiant - 300ml","p":1.93,"u":"6,43 €/L","img":"https://fd9-photos.leclercdrive.fr/image.ashx?id=2758096&use=l&cat=p&typeid=i","cat":284606},{"id":233632,"n":"Shampooing Le Petit Marseillais Douceur & éclat - 300ml","p":2.28,"u":"7,60 €/MT","img":"https://fd9-photos.leclercdrive.fr/image.ashx?id=2758111&use=l&cat=p&typeid=i","cat":284606},{"id":233638,"n":"Concentré Sodastream Orange - 440ml","p":4.99,"u":"11,34 €/L","img":"https://fd9-photos.leclercdrive.fr/image.ashx?id=2765522&use=l&cat=p&typeid=i","cat":295020},{"id":233639,"n":"Concentré Sodastream Limonade - 440ml","p":4.99,"u":"113,41 €/L","img":"https://fd9-photos.leclercdrive.fr/image.ashx?id=2758758&use=l&cat=p&typeid=i","cat":295020},{"id":233640,"n":"Concentré Sodastream Tonic - 440ml","p":4.99,"u":"11,34 €/L","img":"https://fd9-photos.leclercdrive.fr/image.ashx?id=2765525&use=l&cat=p&typeid=i","cat":295020},{"id":233648,"n":"Capsules Starbucks by Nespresso  Blonde Décaféiné Int 6 - x10","p":3.53,"u":"0,35 €/P","img":"https://fd9-photos.leclercdrive.fr/image.ashx?id=2758469&use=l&cat=p&typeid=i","cat":284749},{"id":233660,"n":"Mikado Chocolat au lait 100g","p":1.7,"u":"17,00 €/KG","img":"https://fd9-photos.leclercdrive.fr/image.ashx?id=3005323&use=l&cat=p&typeid=i","cat":284488},{"id":233729,"n":"Lessive liquide Skip Cycle  Court Efficacité Express x54","p":13.89,"u":"6,43 €/L","img":"https://fd9-photos.leclercdrive.fr/image.ashx?id=2843553&use=l&cat=p&typeid=i","cat":284640},{"id":233730,"n":"Lessive liquide Skip Cycle Court Couleur Protect x54","p":13.89,"u":"6,43 €/L","img":"https://fd9-photos.leclercdrive.fr/image.ashx?id=2842168&use=l&cat=p&typeid=i","cat":284640},{"id":233731,"n":"Lessive liquide Skip Cycle  Court Odeur Control x54","p":13.89,"u":"6,43 €/L","img":"https://fd9-photos.leclercdrive.fr/image.ashx?id=2788253&use=l&cat=p&typeid=i","cat":284640},{"id":233886,"n":"Dosettes café Senseo Cappuccino x8","p":2.98,"u":"32,39 €/KG","img":"https://fd9-photos.leclercdrive.fr/image.ashx?id=2760187&use=l&cat=p&typeid=i","cat":293238},{"id":233944,"n":"Couches Carryboo de nos Régions Couches locales Taille 1 - x24","p":5.45,"img":"https://fd9-photos.leclercdrive.fr/image.ashx?id=2924353&use=l&cat=p&typeid=i","cat":284737},{"id":233946,"n":"Lessive capsules Omo Monoï - 3en1 - x29 - 502g","p":9.27,"u":"18,47 €/KG","img":"https://fd9-photos.leclercdrive.fr/image.ashx?id=2841607&use=l&cat=p&typeid=i","cat":284641},{"id":233947,"n":"Lessive capsules 3en1 Omo Rose & Lilas Blanc - 502g x29","p":6.49,"u":"12,93 €/KG","img":"https://fd9-photos.leclercdrive.fr/image.ashx?id=2841610&use=l&cat=p&typeid=i","cat":284641},{"id":233949,"n":"Lessive capsules 3en1 Omo Lavande & Patchouli - x29 502g","p":9.27,"u":"18,47 €/KG","img":"https://fd9-photos.leclercdrive.fr/image.ashx?id=2832599&use=l&cat=p&typeid=i","cat":284641},{"id":233950,"n":"Lessive capsules 3en1 Omo Jasmin fleur de coton 502g x29","p":6.49,"u":"12,93 €/KG","img":"https://fd9-photos.leclercdrive.fr/image.ashx?id=2841613&use=l&cat=p&typeid=i","cat":284641},{"id":233956,"n":"Lessive liquide Omo Rose & Lilas Blanc - 1.76L","p":9.93,"u":"5,63 €/L","img":"https://fd9-photos.leclercdrive.fr/image.ashx?id=2818208&use=l&cat=p&typeid=i","cat":284640},{"id":233961,"n":"Lessive liquide Omo Jasmin & Fleur de coton 1.764L x42","p":9.93,"u":"5,63 €/L","img":"https://fd9-photos.leclercdrive.fr/image.ashx?id=2841616&use=l&cat=p&typeid=i","cat":284640},{"id":234151,"n":"Déodorant bille Narta  Resixyl 72h - 50ml","p":4.2,"u":"84,00 €/L","img":"https://fd9-photos.leclercdrive.fr/image.ashx?id=2769017&use=l&cat=p&typeid=i","cat":284595},{"id":234155,"n":"Déodorant bille femme Ushuaïa Grenade açores - 50ml","p":2.74,"u":"54,80 €/L","img":"https://fd9-photos.leclercdrive.fr/image.ashx?id=2789092&use=l&cat=p&typeid=i","cat":284595},{"id":234156,"n":"Déodorant bille Ushuaïa Vanille - 50ml","p":2.74,"u":"54,80 €/L","img":"https://fd9-photos.leclercdrive.fr/image.ashx?id=2769023&use=l&cat=p&typeid=i","cat":284595},{"id":234157,"n":"Déodorant spray Ushuaïa Grenade - 200ml","p":2.74,"u":"13,70 €/L","img":"https://fd9-photos.leclercdrive.fr/image.ashx?id=2769026&use=l&cat=p&typeid=i","cat":284595},{"id":234158,"n":"Déodorant spray Ushuaïa Orchidée - 200ml","p":2.74,"u":"13,70 €/L","img":"https://fd9-photos.leclercdrive.fr/image.ashx?id=2769029&use=l&cat=p&typeid=i","cat":284595},{"id":234159,"n":"Déodorant spray Ushuaïa Vanille - 200ml","p":2.74,"u":"13,70 €/L","img":"https://fd9-photos.leclercdrive.fr/image.ashx?id=2769032&use=l&cat=p&typeid=i","cat":284595},{"id":234163,"n":"Déodorant compressé Narta Resixyl Physio - 100ml","p":5.27,"u":"52,70 €/L","img":"https://fd9-photos.leclercdrive.fr/image.ashx?id=2778401&use=l&cat=p&typeid=i","cat":284595},{"id":234164,"n":"Déodorant compressé homme Narta Resixyl Physio - 100ml","p":5.27,"u":"52,70 €/L","img":"https://fd9-photos.leclercdrive.fr/image.ashx?id=2769041&use=l&cat=p&typeid=i","cat":284596},{"id":234166,"n":"Déodorant spray homme Narta Resixyl Physio - 200ml","p":4.95,"u":"24,75 €/L","img":"https://fd9-photos.leclercdrive.fr/image.ashx?id=2769044&use=l&cat=p&typeid=i","cat":284596},{"id":234168,"n":"Déodorant bille homme Narta Resixyl Physio - 50ml","p":4.2,"u":"84,00 €/L","img":"https://fd9-photos.leclercdrive.fr/image.ashx?id=2769035&use=l&cat=p&typeid=i","cat":284596},{"id":234270,"n":"Capsules lessive Dash Pods Bouquet de pivoine - x28","p":13.74,"u":"0,49 €/P","img":"https://fd9-photos.leclercdrive.fr/image.ashx?id=2772482&use=l&cat=p&typeid=i","cat":284641},{"id":234281,"n":"Gel parfumé Glade huiles essentielles - Lavande 150g","p":1.48,"u":"9,87 €/KG","img":"https://fd9-photos.leclercdrive.fr/image.ashx?id=2763748&use=l&cat=p&typeid=i","cat":311628},{"id":234370,"n":"Cornichons Croq'Vert  Amora Extra-fins aux épices 210g","p":1.93,"u":"9,19 €/KG","img":"https://fd9-photos.leclercdrive.fr/image.ashx?id=2770671&use=l&cat=p&typeid=i","cat":284458},{"id":234379,"n":"Bâtonnets Magnum Euphoria Pink limonade x3 - 208g","p":3.03,"u":"14,57 €/KG","img":"https://fd9-photos.leclercdrive.fr/image.ashx?id=2788121&use=l&cat=p&typeid=i","cat":284265},{"id":234799,"n":"Rillettes de thon sel Guérande Les Mouettes d'Arvor - 125g","p":3.09,"u":"24,72 €/KG","img":"https://fd9-photos.leclercdrive.fr/image.ashx?id=2767917&use=l&cat=p&typeid=i","cat":303867},{"id":234829,"n":"Knack d'Alsace sans nitrite VPF Stoeffler x4 - 220g","p":3.4,"u":"15,45 €/KG","img":"https://fd9-photos.leclercdrive.fr/image.ashx?id=2768535&use=l&cat=p&typeid=i","cat":316012},{"id":234860,"n":"Fromage Mini Caprice Des Dieux Filet de 4 Portions - 200g","p":3.44,"u":"17,20 €/KG","img":"https://fd9-photos.leclercdrive.fr/image.ashx?id=2768933&use=l&cat=p&typeid=i","cat":314033},{"id":234869,"n":"Gâteau moelleux Chocalin Harrys Cacao et Chocolat X10 - 350G","p":3.29,"u":"9,40 €/KG","img":"https://fd9-photos.leclercdrive.fr/image.ashx?id=2962464&use=l&cat=p&typeid=i","cat":284495},{"id":234870,"n":"Gâteaux Choco Mousse Harrys Fourrés au chocolat  X8 - 280G","p":2.69,"u":"9,61 €/KG","img":"https://fd9-photos.leclercdrive.fr/image.ashx?id=2985069&use=l&cat=p&typeid=i","cat":284495},{"id":234875,"n":"Purée de tomates Heinz x 3 - 212g","p":1.94,"u":"3,05 €/KG","img":"https://fd9-photos.leclercdrive.fr/image.ashx?id=2927004&use=l&cat=p&typeid=i","cat":288384},{"id":234876,"n":"Purée de tomates Heinz - 520g","p":1.18,"u":"2,27 €/KG","img":"https://fd9-photos.leclercdrive.fr/image.ashx?id=2926999&use=l&cat=p&typeid=i","cat":288384},{"id":235051,"n":"Repas bébé Blédichef 12 mois  Risotto épinards Kiri - 230g","p":2.1,"u":"9,13 €/KG","img":"https://fd9-photos.leclercdrive.fr/image.ashx?id=2852375&use=l&cat=p&typeid=i","cat":312237},{"id":235065,"n":"Repas bébé Blédichef 15 mois  Pâtes poireaux et kiri -250g","p":2.1,"u":"8,40 €/KG","img":"https://fd9-photos.leclercdrive.fr/image.ashx?id=2928420&use=l&cat=p&typeid=i","cat":312238},{"id":235066,"n":"Repas bébé Blédichef 12 mois Potirons et panais -2x230g","p":4.32,"u":"9,39 €/KG","img":"https://fd9-photos.leclercdrive.fr/image.ashx?id=2935780&use=l&cat=p&typeid=i","cat":312237},{"id":235067,"n":"Repas bébé Blédichef Dès 12mois Carotte et semoule - 4x230g","p":7.9,"u":"8,59 €/KG","img":"https://fd9-photos.leclercdrive.fr/image.ashx?id=2773216&use=l&cat=p&typeid=i","cat":312237},{"id":235068,"n":"Repas bébé Blédichef 15 mois Lasagne bolognaise -230g","p":2.85,"u":"12,39 €/KG","img":"https://fd9-photos.leclercdrive.fr/image.ashx?id=2975098&use=l&cat=p&typeid=i","cat":312238},{"id":235069,"n":"Repas bébé Blédichef 15 mois Lasagnes légumes -230g","p":3.04,"u":"13,22 €/KG","img":"https://fd9-photos.leclercdrive.fr/image.ashx?id=2865632&use=l&cat=p&typeid=i","cat":312238},{"id":235070,"n":"Repas bébé Blédichef 15 mois Lasagne épinards merlu -230g","p":3.04,"u":"13,22 €/KG","img":"https://fd9-photos.leclercdrive.fr/image.ashx?id=2865635&use=l&cat=p&typeid=i","cat":312238},{"id":235127,"n":"Biscuits parmesan poivre Savour 100g","p":1.85,"u":"18,50 €/KG","img":"https://fd9-photos.leclercdrive.fr/image.ashx?id=2791048&use=l&cat=p&typeid=i","cat":297000},{"id":235247,"n":"M&M's Peanut x5 180g","p":1.97,"u":"10,94 €/KG","img":"https://fd9-photos.leclercdrive.fr/image.ashx?id=3009011&use=l&cat=p&typeid=i","cat":304238},{"id":235260,"n":"Pâte Lotus Biscoff Speculoos Creamy - 410g","p":3.74,"u":"9,12 €/KG","img":"https://fd9-photos.leclercdrive.fr/image.ashx?id=2776208&use=l&cat=p&typeid=i","cat":284481},{"id":235349,"n":"Sucre glace Daddy 500g","p":1.73,"u":"3,46 €/KG","img":"https://fd9-photos.leclercdrive.fr/image.ashx?id=2975864&use=l&cat=p&typeid=i","cat":284502},{"id":235364,"n":"Friandises chat Whiskas  Poulet et fromage - 60g","p":1.08,"u":"18,00 €/KG","img":"https://fd9-photos.leclercdrive.fr/image.ashx?id=2976851&use=l&cat=p&typeid=i","cat":285285},{"id":235404,"n":"Lait éveil croissance Lactel  système immunitaire - 6x1L","p":13.45,"u":"2,24 €/L","img":"https://fd9-photos.leclercdrive.fr/image.ashx?id=2776531&use=l&cat=p&typeid=i","cat":284728},{"id":235405,"n":"Friandises chat temptations Whiskas saveur saumon - 60g","p":1.08,"u":"18,00 €/KG","img":"https://fd9-photos.leclercdrive.fr/image.ashx?id=2976854&use=l&cat=p&typeid=i","cat":285285},{"id":235636,"n":"Capsules lave-vaisselle Finish Quantum Citron - x46 - 478g","p":8.95,"u":"18,72 €/KG","img":"https://fd9-photos.leclercdrive.fr/image.ashx?id=2780493&use=l&cat=p&typeid=i","cat":284656},{"id":235638,"n":"Nettoyant lave-vaisselle Finish Intégral - Citron - 250ml","p":3.46,"u":"13,84 €/L","img":"https://fd9-photos.leclercdrive.fr/image.ashx?id=2780586&use=l&cat=p&typeid=i","cat":284657},{"id":235685,"n":"Lait bébé en poudre Calisma Gallia Croissance 12 mois 830g","p":11.16,"u":"13,45 €/KG","img":"https://fd9-photos.leclercdrive.fr/image.ashx?id=2794274&use=l&cat=p&typeid=i","cat":290219},{"id":235786,"n":"Tablette lave-vaisselle Visior Tout-en-un - x45 - 765g","p":5.27,"u":"6,89 €/KG","img":"https://fd9-photos.leclercdrive.fr/image.ashx?id=2954902&use=l&cat=p&typeid=i","cat":284656},{"id":235807,"n":"Spray dégraissant Cif Bicarbonate - 750ml","p":2.58,"u":"3,44 €/L","img":"https://fd9-photos.leclercdrive.fr/image.ashx?id=2877295&use=l&cat=p&typeid=i","cat":325357},{"id":235835,"n":"Lessive capsules Skip Extra détachant - 759.6g x36","p":13.23,"u":"17,41 €/KG","img":"https://fd9-photos.leclercdrive.fr/image.ashx?id=2929242&use=l&cat=p&typeid=i","cat":284641},{"id":235861,"n":"Pack 2 cartouches Brita Filtrantes Maxtra Pro All-in-1","p":19.9,"img":"https://fd9-photos.leclercdrive.fr/image.ashx?id=2950549&use=l&cat=p&typeid=i","cat":334135},{"id":235863,"n":"Pack 4 cartouches Brita Filtrantes Maxtra Pro All-in-1","p":28.9,"img":"https://fd9-photos.leclercdrive.fr/image.ashx?id=2950552&use=l&cat=p&typeid=i","cat":334135},{"id":235864,"n":"Carafe filtrante Marella Brita Blanche - 2.4L - x1 recharge","p":21.9,"img":"https://fd9-photos.leclercdrive.fr/image.ashx?id=2878276&use=l&cat=p&typeid=i","cat":334135},{"id":235951,"n":"Frite classique Mc Cain Air Fryer - 600g","p":2.63,"u":"4,38 €/KG","img":"https://fd9-photos.leclercdrive.fr/image.ashx?id=2973345&use=l&cat=p&typeid=i","cat":319791},{"id":236088,"n":"Secret de mousse La Laitière Chocolat au lait caramel 4x59g","p":1.72,"u":"7,29 €/KG","img":"https://fd9-photos.leclercdrive.fr/image.ashx?id=3007966&use=l&cat=p&typeid=i","cat":284417},{"id":236236,"n":"Café en capsules Lavazza Tales of Roma x10 - 57g","p":3.67,"u":"64,39 €/KG","img":"https://fd9-photos.leclercdrive.fr/image.ashx?id=2919042&use=l&cat=p&typeid=i","cat":284749},{"id":236240,"n":"Café en capsules Lavazza Tales  of Napoli x10 - 55g","p":3.66,"u":"66,55 €/KG","img":"https://fd9-photos.leclercdrive.fr/image.ashx?id=2919039&use=l&cat=p&typeid=i","cat":284749},{"id":236595,"n":"Fromage rapé Leerdammer  Fruité fondant 150g","p":2.26,"u":"15,07 €/KG","img":"https://fd9-photos.leclercdrive.fr/image.ashx?id=2793578&use=l&cat=p&typeid=i","cat":314035},{"id":236620,"n":"Pandoro Bauli 700g","p":8.15,"u":"11,64 €/KG","img":"https://fd9-photos.leclercdrive.fr/image.ashx?id=2938163&use=l&cat=p&typeid=i","cat":327607},{"id":236718,"n":"Chocolat Peluche mix Kinder Cerf - 133g","p":13.92,"u":"104,66 €/KG","img":"https://fd9-photos.leclercdrive.fr/image.ashx?id=2798807&use=l&cat=p&typeid=i","cat":327789},{"id":236719,"n":"Chocolat Peluche mix Kinder Loutre - 133g","p":13.92,"u":"104,66 €/KG","img":"https://fd9-photos.leclercdrive.fr/image.ashx?id=2798810&use=l&cat=p&typeid=i","cat":327789},{"id":236720,"n":"Chocolat Peluche mix Kinder Ours - 133g","p":13.92,"u":"104,66 €/KG","img":"https://fd9-photos.leclercdrive.fr/image.ashx?id=2798813&use=l&cat=p&typeid=i","cat":327789},{"id":236721,"n":"Chocolat Peluche mix Kinder Phoque - 133g","p":13.92,"u":"104,66 €/KG","img":"https://fd9-photos.leclercdrive.fr/image.ashx?id=2798816&use=l&cat=p&typeid=i","cat":327789},{"id":236725,"n":"Moulage chocolat Kinder Bonhomme de neige - 35g","p":1.75,"u":"50,00 €/KG","img":"https://fd9-photos.leclercdrive.fr/image.ashx?id=2798819&use=l&cat=p&typeid=i","cat":327592},{"id":236726,"n":"Moulage chocolat Kinder Fille - 35g","p":1.75,"u":"50,00 €/KG","img":"https://fd9-photos.leclercdrive.fr/image.ashx?id=2798822&use=l&cat=p&typeid=i","cat":327592},{"id":236727,"n":"Moulage chocolat Kinder Garçon - 35g","p":1.75,"u":"50,00 €/KG","img":"https://fd9-photos.leclercdrive.fr/image.ashx?id=2798825&use=l&cat=p&typeid=i","cat":327592},{"id":236729,"n":"Moulage chocolat Kinder Pinguoin - 35g","p":1.75,"u":"50,00 €/KG","img":"https://fd9-photos.leclercdrive.fr/image.ashx?id=2798831&use=l&cat=p&typeid=i","cat":327592},{"id":236731,"n":"Traîneau chocolat oeuf Kinder Bleu - 75g","p":3.47,"u":"46,27 €/KG","img":"https://fd9-photos.leclercdrive.fr/image.ashx?id=2798837&use=l&cat=p&typeid=i","cat":327592},{"id":236732,"n":"Traîneau chocolat oeuf Kinder Orange - 75g","p":3.47,"u":"46,27 €/KG","img":"https://fd9-photos.leclercdrive.fr/image.ashx?id=2798840&use=l&cat=p&typeid=i","cat":327592},{"id":236733,"n":"Traîneau chocolat oeuf Kinder Vert - 75g","p":3.47,"u":"46,27 €/KG","img":"https://fd9-photos.leclercdrive.fr/image.ashx?id=2798843&use=l&cat=p&typeid=i","cat":327592},{"id":236809,"n":"Pavé de saumon Eco+ 2x110g","p":4.99,"u":"22,68 €/KG","img":"https://fd9-photos.leclercdrive.fr/image.ashx?id=2796330&use=l&cat=p&typeid=i","cat":284342},{"id":236810,"n":"Pavé de saumon Eco+ 4x110g","p":8.99,"u":"20,43 €/KG","img":"https://fd9-photos.leclercdrive.fr/image.ashx?id=2796333&use=l&cat=p&typeid=i","cat":284342},{"id":237010,"n":"Candy canes Licence mixte Etoile de noël - 30g","p":1.38,"u":"46,00 €/KG","img":"https://fd9-photos.leclercdrive.fr/image.ashx?id=2797166&use=l&cat=p&typeid=i","cat":327789},{"id":237017,"n":"Boïte Chocolat Jacquot Lait Noir & Blanc - 433g","p":10.45,"u":"24,13 €/KG","img":"https://fd9-photos.leclercdrive.fr/image.ashx?id=2796731&use=l&cat=p&typeid=i","cat":327595},{"id":237031,"n":"Peluche Kinder Mix - 133g","p":13.92,"u":"104,66 €/KG","img":"https://fd9-photos.leclercdrive.fr/image.ashx?id=2940285&use=l&cat=p&typeid=i","cat":327789},{"id":237042,"n":"Calendrier de l'Avent Kinder 3D train - 226 g","p":13.07,"u":"57,83 €/KG","img":"https://fd9-photos.leclercdrive.fr/image.ashx?id=2797031&use=l&cat=p&typeid=i","cat":336112},{"id":237043,"n":"Calendrier de l'Avent Kinder & Friends - 370g","p":22.67,"u":"61,27 €/KG","img":"https://fd9-photos.leclercdrive.fr/image.ashx?id=2938100&use=l&cat=p&typeid=i","cat":336112},{"id":237049,"n":"Chocolat Kinder Mini friends Eclats caramel - 122g","p":3.87,"u":"31,72 €/KG","img":"https://fd9-photos.leclercdrive.fr/image.ashx?id=2797052&use=l&cat=p&typeid=i","cat":327592},{"id":237055,"n":"Sac mix Kinder Assortiment chocolat - 223g","p":10.36,"u":"46,46 €/KG","img":"https://fd9-photos.leclercdrive.fr/image.ashx?id=2940534&use=l&cat=p&typeid=i","cat":327592},{"id":237056,"n":"Chocolat Ferrero Collection Grand assortiment x42 - 441g","p":16.77,"u":"38,03 €/KG","img":"https://fd9-photos.leclercdrive.fr/image.ashx?id=2940540&use=l&cat=p&typeid=i","cat":327595},{"id":237057,"n":"Chocolat Ferrero Collection Grand assortiment x43 - 432g","p":16.77,"u":"38,82 €/KG","img":"https://fd9-photos.leclercdrive.fr/image.ashx?id=2940543&use=l&cat=p&typeid=i","cat":327595},{"id":237074,"n":"Tablette noël Libeert Chocolat au lait - 100g","p":2.9,"u":"29,00 €/KG","img":"https://fd9-photos.leclercdrive.fr/image.ashx?id=2796977&use=l&cat=p&typeid=i","cat":327592},{"id":237143,"n":"Barre nougat Chabert & Guillot Blanc - Provence IGP - 100g","p":4.34,"u":"43,40 €/KG","img":"https://fd9-photos.leclercdrive.fr/image.ashx?id=2796656&use=l&cat=p&typeid=i","cat":327605},{"id":237148,"n":"Papillotes Révillon Pétard Lait blanc - 300g","p":9.79,"u":"32,63 €/KG","img":"https://fd9-photos.leclercdrive.fr/image.ashx?id=2798036&use=l&cat=p&typeid=i","cat":327597},{"id":237149,"n":"Papillotte Quiz cinéma Révillon Chocolat Noir Lait Blanc - 360g","p":10.95,"u":"30,42 €/KG","img":"https://fd9-photos.leclercdrive.fr/image.ashx?id=2797834&use=l&cat=p&typeid=i","cat":327597},{"id":237151,"n":"Papillotte Quiz musical Révillon Noir Lait Blanc - 360g","p":10.95,"u":"30,42 €/KG","img":"https://fd9-photos.leclercdrive.fr/image.ashx?id=2802368&use=l&cat=p&typeid=i","cat":327597},{"id":237156,"n":"Boîte chocolat Révillon Grand assortiment lait - 407g","p":17.97,"u":"44,15 €/KG","img":"https://fd9-photos.leclercdrive.fr/image.ashx?id=2900788&use=l&cat=p&typeid=i","cat":327595},{"id":237158,"n":"Boîte chocolat Révillon Noir 70% Lait Blanc - 409g","p":16.99,"u":"41,54 €/KG","img":"https://fd9-photos.leclercdrive.fr/image.ashx?id=2900797&use=l&cat=p&typeid=i","cat":327595},{"id":237159,"n":"Boîte chocolat Révillon Grand Assortiment Noir 70% - 409g","p":18.87,"u":"46,14 €/KG","img":"https://fd9-photos.leclercdrive.fr/image.ashx?id=2900791&use=l&cat=p&typeid=i","cat":327595},{"id":237160,"n":"Boîte chocolat Révillon Alcool Noir 70% Lait Blanc - 420g","p":18.87,"u":"44,93 €/KG","img":"https://fd9-photos.leclercdrive.fr/image.ashx?id=2900800&use=l&cat=p&typeid=i","cat":327595},{"id":237169,"n":"Minis Pères Noël Riegelein Chocolat lait 33% Cacao - 100g","p":3.08,"u":"30,80 €/KG","img":"https://fd9-photos.leclercdrive.fr/image.ashx?id=2796935&use=l&cat=p&typeid=i","cat":327592},{"id":237884,"n":"Candy canes Batman Etoile de noël - 30g","p":1.38,"u":"46,00 €/KG","img":"https://fd9-photos.leclercdrive.fr/image.ashx?id=2803020&use=l&cat=p&typeid=i","cat":327789},{"id":237885,"n":"Candy canes Bob l'éponge Etoile de noël - 30g","p":1.38,"u":"46,00 €/KG","img":"https://fd9-photos.leclercdrive.fr/image.ashx?id=2803023&use=l&cat=p&typeid=i","cat":327789},{"id":237886,"n":"Candy canes Bored Ape Etoile de noël - 30g","p":1.38,"u":"46,00 €/KG","img":"https://fd9-photos.leclercdrive.fr/image.ashx?id=2803026&use=l&cat=p&typeid=i","cat":327789},{"id":237887,"n":"Candy canes Minions Etoile de noël - 30g","p":1.38,"u":"46,00 €/KG","img":"https://fd9-photos.leclercdrive.fr/image.ashx?id=2803029&use=l&cat=p&typeid=i","cat":327789},{"id":237888,"n":"Candy canes Peppa Pig Etoile de noël - 30g","p":1.38,"u":"46,00 €/KG","img":"https://fd9-photos.leclercdrive.fr/image.ashx?id=2803032&use=l&cat=p&typeid=i","cat":327789},{"id":237889,"n":"Candy canes Tortue Ninja Etoile de noël - 30g","p":1.38,"u":"46,00 €/KG","img":"https://fd9-photos.leclercdrive.fr/image.ashx?id=2803035&use=l&cat=p&typeid=i","cat":327789},{"id":237890,"n":"Moulage chocolat Kinder Père Noel - 110g","p":3.67,"u":"33,36 €/KG","img":"https://fd9-photos.leclercdrive.fr/image.ashx?id=2799026&use=l&cat=p&typeid=i","cat":327592},{"id":237899,"n":"Sac noel Kinder Assortiment chocolat - 223g","p":10.36,"u":"46,46 €/KG","img":"https://fd9-photos.leclercdrive.fr/image.ashx?id=2799047&use=l&cat=p&typeid=i","cat":284958},{"id":237940,"n":"Pâtes Barilla Fusilloni  Al Bronzo - 500g","p":1.95,"u":"3,90 €/KG","img":"https://fd9-photos.leclercdrive.fr/image.ashx?id=2797906&use=l&cat=p&typeid=i","cat":284427},{"id":237947,"n":"Pâtes Barilla Mezzi Rigatoni Al Bronzo - 500g","p":1.95,"u":"3,90 €/KG","img":"https://fd9-photos.leclercdrive.fr/image.ashx?id=2798680&use=l&cat=p&typeid=i","cat":284427},{"id":237950,"n":"Pâtes Barilla Linguine  Al Bronzo - 500g","p":1.95,"u":"3,90 €/KG","img":"https://fd9-photos.leclercdrive.fr/image.ashx?id=2798683&use=l&cat=p&typeid=i","cat":284427},{"id":238428,"n":"Tablette Nestlé Dessert chocolat noir - 80% 170g","p":3.63,"u":"21,35 €/KG","img":"https://fd9-photos.leclercdrive.fr/image.ashx?id=2904488&use=l&cat=p&typeid=i","cat":284956},{"id":238530,"n":"Ravioli Lustucru Selection  4 fromages - 310g","p":1.88,"u":"6,06 €/KG","img":"https://fd9-photos.leclercdrive.fr/image.ashx?id=2962524&use=l&cat=p&typeid=i","cat":333682},{"id":238713,"n":"Chocolat Noel Libeert  - 90g","p":6.42,"u":"71,33 €/KG","img":"https://fd9-photos.leclercdrive.fr/image.ashx?id=2802659&use=l&cat=p&typeid=i","cat":327592},{"id":238735,"n":"Sarment chocolat noir framboise Mademoiselle de Margaux - 150g","p":6.79,"u":"45,27 €/KG","img":"https://fd9-photos.leclercdrive.fr/image.ashx?id=2802566&use=l&cat=p&typeid=i","cat":327601},{"id":238775,"n":"Tablette chocolat lait Libeert Pour papy - 100g","p":2.9,"u":"29,00 €/KG","img":"https://fd9-photos.leclercdrive.fr/image.ashx?id=2803969&use=l&cat=p&typeid=i","cat":284497},{"id":238777,"n":"Tablette chocolat lait Libeert Pour  papa - 100g","p":2.9,"u":"29,00 €/KG","img":"https://fd9-photos.leclercdrive.fr/image.ashx?id=2803972&use=l&cat=p&typeid=i","cat":284497},{"id":238778,"n":"Tablette Chocolat lait Libeert Pour frère - 100g","p":2.9,"u":"29,00 €/KG","img":"https://fd9-photos.leclercdrive.fr/image.ashx?id=2803975&use=l&cat=p&typeid=i","cat":284497},{"id":238779,"n":"Tablette chocolat lait Libeert Pour mamie  - 100g","p":2.9,"u":"29,00 €/KG","img":"https://fd9-photos.leclercdrive.fr/image.ashx?id=2803978&use=l&cat=p&typeid=i","cat":284497},{"id":238780,"n":"Tablette chocolat lait Libeert Pour maman - 100g","p":2.9,"u":"29,00 €/KG","img":"https://fd9-photos.leclercdrive.fr/image.ashx?id=2803981&use=l&cat=p&typeid=i","cat":284497},{"id":238781,"n":"Tablette chocolat lait Libeert Pour soeur - 100g","p":2.9,"u":"29,00 €/KG","img":"https://fd9-photos.leclercdrive.fr/image.ashx?id=2803984&use=l&cat=p&typeid=i","cat":284497},{"id":238785,"n":"Jambon Le tranché fin  Dégustation 4 tranches 120g","p":2.58,"u":"21,50 €/KG","img":"https://fd9-photos.leclercdrive.fr/image.ashx?id=2889298&use=l&cat=p&typeid=i","cat":316009},{"id":238904,"n":"Yaourt protéiné Skyr Yoplait Stracciatella 2%mg - 4x120g","p":3.42,"u":"7,13 €/KG","img":"https://fd9-photos.leclercdrive.fr/image.ashx?id=2973748&use=l&cat=p&typeid=i","cat":315000},{"id":239082,"n":"Foie gras de canard IGP Maison Rey - 300g","p":26.9,"u":"89,67 €/KG","img":"https://fd9-photos.leclercdrive.fr/image.ashx?id=2826003&use=l&cat=p&typeid=i","cat":316008},{"id":239101,"n":"Riz Thaï Taureau Ailé 1kg","p":2.98,"u":"2,98 €/KG","img":"https://fd9-photos.leclercdrive.fr/image.ashx?id=2805558&use=l&cat=p&typeid=i","cat":284428},{"id":239209,"n":"Eponge Spontex Gratt & Flex - x2","p":1.76,"u":"0,88 €/PRT","img":"https://fd9-photos.leclercdrive.fr/image.ashx?id=2805399&use=l&cat=p&typeid=i","cat":284667},{"id":239217,"n":"Lingettes Décolor Stop  Anti-décoloration x40","p":5.48,"u":"0,14 €/P","img":"https://fd9-photos.leclercdrive.fr/image.ashx?id=2976785&use=l&cat=p&typeid=i","cat":290450},{"id":239223,"n":"Bain de bouche Listerine Total Care - Sans alcool 500ml","p":3.16,"u":"6,32 €/L","img":"https://fd9-photos.leclercdrive.fr/image.ashx?id=2806315&use=l&cat=p&typeid=i","cat":284613},{"id":239224,"n":"Bain de Bouche Listerine Dents et Gencives 10 en 1 500ml","p":4.09,"u":"8,18 €/L","img":"https://fd9-photos.leclercdrive.fr/image.ashx?id=2806318&use=l&cat=p&typeid=i","cat":284613},{"id":239225,"n":"Bain de Bouche Listerine Total Care - Sans alcool 500ml","p":4.09,"u":"8,18 €/L","img":"https://fd9-photos.leclercdrive.fr/image.ashx?id=2806321&use=l&cat=p&typeid=i","cat":284613},{"id":239226,"n":"Adoucissant recharge Soupline à diluer Grand Air - 600ml","p":2.19,"u":"3,65 €/L","img":"https://fd9-photos.leclercdrive.fr/image.ashx?id=2957314&use=l&cat=p&typeid=i","cat":284650},{"id":239229,"n":"Brume de linge Soupline spray Grand Air - 300ml","p":6.4,"u":"21,33 €/L","img":"https://fd9-photos.leclercdrive.fr/image.ashx?id=2866202&use=l&cat=p&typeid=i","cat":325302},{"id":239247,"n":"Cartouches filtrantes Brita Maxtra pro Anti-tartre Pack 2","p":22.9,"u":"22,90 €/PRT","img":"https://fd9-photos.leclercdrive.fr/image.ashx?id=2950558&use=l&cat=p&typeid=i","cat":334135},{"id":239371,"n":"Capsules café L'Or Espresso Supremo N°10 x50","p":14.47,"u":"55,65 €/KG","img":"https://fd9-photos.leclercdrive.fr/image.ashx?id=3000480&use=l&cat=p&typeid=i","cat":284749},{"id":239478,"n":"Burger Géant Jacquet Nature x4 - 330g","p":1.1,"u":"3,33 €/KG","img":"https://fd9-photos.leclercdrive.fr/image.ashx?id=3010981&use=l&cat=p&typeid=i","cat":325067},{"id":239480,"n":"Burger Géant Jacquet Farine complète x4 - 330g","p":1.27,"u":"3,85 €/KG","img":"https://fd9-photos.leclercdrive.fr/image.ashx?id=2973544&use=l&cat=p&typeid=i","cat":325067},{"id":239504,"n":"Burger Géant Jacquet Nature x6 - 495g","p":1.62,"u":"3,27 €/KG","img":"https://fd9-photos.leclercdrive.fr/image.ashx?id=2991876&use=l&cat=p&typeid=i","cat":325067},{"id":239888,"n":"Bouillon Maggi Tomate vermicelle - 70g","p":0.57,"u":"8,14 €/KG","img":"https://fd9-photos.leclercdrive.fr/image.ashx?id=2811713&use=l&cat=p&typeid=i","cat":288379},{"id":239973,"n":"Pistolet expert Cillit Bang Dégraissant - 1L","p":3.99,"u":"3,99 €/L","img":"https://fd9-photos.leclercdrive.fr/image.ashx?id=2811332&use=l&cat=p&typeid=i","cat":325357},{"id":239974,"n":"Pistolet expert Cillit Bang Javel - 1L","p":3.99,"u":"3,99 €/L","img":"https://fd9-photos.leclercdrive.fr/image.ashx?id=2811329&use=l&cat=p&typeid=i","cat":325357},{"id":239975,"n":"Pistolet expert Cillit Bang Zéro moisissure - 1L","p":3.99,"u":"3,99 €/L","img":"https://fd9-photos.leclercdrive.fr/image.ashx?id=2811326&use=l&cat=p&typeid=i","cat":325357},{"id":240106,"n":"Lessive Mono-doses - x20 Uni vert","p":5.65,"img":"https://fd9-photos.leclercdrive.fr/image.ashx?id=2842322&use=l&cat=p&typeid=i","cat":284641},{"id":240338,"n":"Laque Elnett Fixation normale  200ml","p":5.95,"u":"29,75 €/L","img":"https://fd9-photos.leclercdrive.fr/image.ashx?id=2814064&use=l&cat=p&typeid=i","cat":284609},{"id":240425,"n":"Soda à l'orange Orangina 1,5L","p":1.89,"u":"1,26 €/L","img":"https://fd9-photos.leclercdrive.fr/image.ashx?id=2946499&use=l&cat=p&typeid=i","cat":284532},{"id":240842,"n":"Skyr nature Délisse 4x100g","p":1.72,"u":"4,30 €/KG","img":"https://fd9-photos.leclercdrive.fr/image.ashx?id=2992588&use=l&cat=p&typeid=i","cat":315000},{"id":240843,"n":"Skyr nature Délisse 850g","p":2.75,"u":"3,24 €/KG","img":"https://fd9-photos.leclercdrive.fr/image.ashx?id=2992600&use=l&cat=p&typeid=i","cat":315000},{"id":240852,"n":"Cèpes morceaux L'Origine du Goût 300g","p":4.05,"u":"13,50 €/KG","img":"https://fd9-photos.leclercdrive.fr/image.ashx?id=2814917&use=l&cat=p&typeid=i","cat":319805},{"id":240869,"n":"Gésiers de canard Volandrie Confits - 300g","p":3.9,"u":"13,00 €/KG","img":"https://fd9-photos.leclercdrive.fr/image.ashx?id=2814905&use=l&cat=p&typeid=i","cat":284715},{"id":240880,"n":"Yaourt nature Délisse Au lait entier 4x125g","p":1.29,"u":"2,58 €/KG","img":"https://fd9-photos.leclercdrive.fr/image.ashx?id=2814908&use=l&cat=p&typeid=i","cat":284409},{"id":240889,"n":"Oeufs de lompe Labeyrie  MSC 80g","p":4.17,"u":"52,13 €/KG","img":"https://fd9-photos.leclercdrive.fr/image.ashx?id=2817602&use=l&cat=p&typeid=i","cat":285191},{"id":240890,"n":"Oeufs de lompe rouge Labeyrie MSC 80g","p":4.17,"u":"52,13 €/KG","img":"https://fd9-photos.leclercdrive.fr/image.ashx?id=2817605&use=l&cat=p&typeid=i","cat":285191},{"id":240919,"n":"Morilles sauvages entières L'Origine du Goût 150g","p":5.99,"u":"39,93 €/KG","img":"https://fd9-photos.leclercdrive.fr/image.ashx?id=2974882&use=l&cat=p&typeid=i","cat":319805},{"id":241546,"n":"Mini croustillants St-Jacques cognac Tipiak - 120g","p":3.75,"u":"31,25 €/KG","img":"https://fd9-photos.leclercdrive.fr/image.ashx?id=2819367&use=l&cat=p&typeid=i","cat":319774},{"id":242353,"n":"Riz Comptoir du Grain Thaï suprême - 500g","p":1.95,"u":"3,90 €/KG","img":"https://fd9-photos.leclercdrive.fr/image.ashx?id=2822371&use=l&cat=p&typeid=i","cat":284428},{"id":242439,"n":"Foie gras poivre malabar L'Origine du Goût - 150g","p":14.5,"u":"96,67 €/KG","img":"https://fd9-photos.leclercdrive.fr/image.ashx?id=2834845&use=l&cat=p&typeid=i","cat":305148},{"id":242606,"n":"Foie gras Jean Larnaudie Entier du Sud Ouest - 200g","p":29.01,"u":"145,05 €/KG","img":"https://fd9-photos.leclercdrive.fr/image.ashx?id=2915844&use=l&cat=p&typeid=i","cat":316008},{"id":242707,"n":"Crème dessert Danette Petit-beurre chocolat 4x125g","p":1.64,"u":"3,28 €/KG","img":"https://fd9-photos.leclercdrive.fr/image.ashx?id=2928414&use=l&cat=p&typeid=i","cat":285041},{"id":243231,"n":"Bloc de Foie gras de canard nature Les Thomasines - 200g","p":11.13,"u":"55,65 €/KG","img":"https://fd9-photos.leclercdrive.fr/image.ashx?id=2835063&use=l&cat=p&typeid=i","cat":316008},{"id":243313,"n":"Galette Tipiak Jambon/emmental - 2x125g","p":3.13,"u":"12,52 €/KG","img":"https://fd9-photos.leclercdrive.fr/image.ashx?id=2830270&use=l&cat=p&typeid=i","cat":319776},{"id":243689,"n":"Boisson energisante X-Tense Energisante pina coco - 50cl","p":0.98,"u":"1,96 €/L","img":"https://fd9-photos.leclercdrive.fr/image.ashx?id=2956798&use=l&cat=p&typeid=i","cat":284533},{"id":243706,"n":"Boisson energisante X-tense  Tropical - 50cl","p":0.98,"u":"1,96 €/L","img":"https://fd9-photos.leclercdrive.fr/image.ashx?id=2956795&use=l&cat=p&typeid=i","cat":284533},{"id":243722,"n":"Galettes charentaises Beurlay Pur beurre - Lot 2x250g","p":4.99,"u":"9,98 €/KG","img":"https://fd9-photos.leclercdrive.fr/image.ashx?id=2833366&use=l&cat=p&typeid=i","cat":284487},{"id":244661,"n":"Riz Basmati Lustucru Selection  10 min - 450g","p":2.16,"u":"4,80 €/KG","img":"https://fd9-photos.leclercdrive.fr/image.ashx?id=2836732&use=l&cat=p&typeid=i","cat":284428},{"id":245255,"n":"Skyr Yoplait 0%MG Framboise fruits rouges 4x100g","p":2.3,"u":"5,75 €/KG","img":"https://fd9-photos.leclercdrive.fr/image.ashx?id=2884501&use=l&cat=p&typeid=i","cat":315000},{"id":245375,"n":"Dentifrice Colgate Total 24h active blancheur - 2x75ml","p":4.48,"u":"29,87 €/L","img":"https://fd9-photos.leclercdrive.fr/image.ashx?id=2840367&use=l&cat=p&typeid=i","cat":284612},{"id":245397,"n":"Frites au four allumettes  Pom'lisse - 2kg","p":3.99,"u":"2,00 €/KG","img":"https://fd9-photos.leclercdrive.fr/image.ashx?id=2838547&use=l&cat=p&typeid=i","cat":319791},{"id":245463,"n":"Soupe douceur d'automne Knorr À la crème fraîche - 2x1L","p":4.89,"pp":3.42,"u":"1,71 €/L","img":"https://fd9-photos.leclercdrive.fr/image.ashx?id=2975939&use=l&cat=p&typeid=i","cat":284462},{"id":245929,"n":"Tablette chocolat KitKat Caramel salé - 99g","p":2.35,"u":"23,74 €/KG","img":"https://fd9-photos.leclercdrive.fr/image.ashx?id=2990868&use=l&cat=p&typeid=i","cat":284497},{"id":245930,"n":"Tablette KitKat  Double chocolat - 99g","p":2.34,"u":"23,64 €/KG","img":"https://fd9-photos.leclercdrive.fr/image.ashx?id=2990865&use=l&cat=p&typeid=i","cat":284497},{"id":245931,"n":"Tablette chocolat KitKat  Noisette - 99g","p":2.34,"u":"23,64 €/KG","img":"https://fd9-photos.leclercdrive.fr/image.ashx?id=2871046&use=l&cat=p&typeid=i","cat":284497},{"id":246107,"n":"Pâte à flammekueche Stoeffler 240g","p":2.4,"u":"10,00 €/KG","img":"https://fd9-photos.leclercdrive.fr/image.ashx?id=2843129&use=l&cat=p&typeid=i","cat":333681},{"id":246201,"n":"Pâtes penné rigaté Eco+ 1kg","p":1.1,"u":"1,10 €/KG","img":"https://fd9-photos.leclercdrive.fr/image.ashx?id=2856736&use=l&cat=p&typeid=i","cat":284427},{"id":246324,"n":"Coffret sablés Mère Poulard Gamme mythique - caramel 500g","p":11.93,"u":"23,86 €/KG","img":"https://fd9-photos.leclercdrive.fr/image.ashx?id=2844127&use=l&cat=p&typeid=i","cat":284487},{"id":246362,"n":"Recharge lessive Briochin  savon de Marseille 37Lav - 1,7L","p":7.31,"u":"4,30 €/L","img":"https://fd9-photos.leclercdrive.fr/image.ashx?id=3000788&use=l&cat=p&typeid=i","cat":284640},{"id":246363,"n":"Déboucheur à la soude Briochin 900ml","p":4.28,"u":"4,76 €/L","img":"https://fd9-photos.leclercdrive.fr/image.ashx?id=3000779&use=l&cat=p&typeid=i","cat":284908},{"id":246901,"n":"Gésiers de canard confit  Le Gaulois - 180g","p":3.46,"u":"19,22 €/KG","img":"https://fd9-photos.leclercdrive.fr/image.ashx?id=2921271&use=l&cat=p&typeid=i","cat":284715},{"id":247141,"n":"Petit pois carottes D'Aucy Tendres et fondants - 265g","p":1.38,"u":"5,21 €/KG","img":"https://fd9-photos.leclercdrive.fr/image.ashx?id=2849680&use=l&cat=p&typeid=i","cat":312607},{"id":247261,"n":"Shampooing Elsève Colorvive - 300ml","p":4.18,"u":"13,93 €/L","img":"https://fd9-photos.leclercdrive.fr/image.ashx?id=2850614&use=l&cat=p&typeid=i","cat":284606},{"id":247262,"n":"Shampooing Elsève Hyaluronique - 250ml","p":4.18,"u":"16,72 €/L","img":"https://fd9-photos.leclercdrive.fr/image.ashx?id=2869095&use=l&cat=p&typeid=i","cat":284606},{"id":247263,"n":"Shampooing Elsève Total repair 5 - 300ml","p":4.18,"u":"13,93 €/L","img":"https://fd9-photos.leclercdrive.fr/image.ashx?id=2850617&use=l&cat=p&typeid=i","cat":284606},{"id":247264,"n":"Shampooing Elseve Huile extraordinaire - 250ml","p":4.18,"u":"16,72 €/L","img":"https://fd9-photos.leclercdrive.fr/image.ashx?id=2868690&use=l&cat=p&typeid=i","cat":284606},{"id":247265,"n":"Shampooing Elseve Dream long - 250ml","p":4.18,"u":"16,72 €/L","img":"https://fd9-photos.leclercdrive.fr/image.ashx?id=2850623&use=l&cat=p&typeid=i","cat":284606},{"id":247269,"n":"Shampooing Elseve Nutri gloss - 300ml","p":4.18,"u":"13,93 €/L","img":"https://fd9-photos.leclercdrive.fr/image.ashx?id=2869089&use=l&cat=p&typeid=i","cat":284606},{"id":247270,"n":"Shampooing Elseve Multi-vitaminé - 300ml","p":4.18,"u":"13,93 €/L","img":"https://fd9-photos.leclercdrive.fr/image.ashx?id=2850629&use=l&cat=p&typeid=i","cat":284606},{"id":247271,"n":"Après-shampooing Elseve Color vive - 250ml","p":4.18,"u":"16,72 €/L","img":"https://fd9-photos.leclercdrive.fr/image.ashx?id=2850632&use=l&cat=p&typeid=i","cat":284607},{"id":247273,"n":"Démélant Elseve Hyaluronique Booster hydratation 72h - 200ml","p":4.18,"u":"20,90 €/L","img":"https://fd9-photos.leclercdrive.fr/image.ashx?id=2869092&use=l&cat=p&typeid=i","cat":284607},{"id":247274,"n":"Après-Shampooing Elseve Dream Long - 200ml","p":4.18,"u":"20,90 €/L","img":"https://fd9-photos.leclercdrive.fr/image.ashx?id=2850638&use=l&cat=p&typeid=i","cat":284607},{"id":247275,"n":"Après-shampooing Elseve Nutri gloss - 250ml","p":4.18,"u":"16,72 €/L","img":"https://fd9-photos.leclercdrive.fr/image.ashx?id=2850641&use=l&cat=p&typeid=i","cat":284607},{"id":247298,"n":"Sablés normands Nos Régions ont du Talent","p":1.79,"u":"10,23 €/KG","img":"https://fd9-photos.leclercdrive.fr/image.ashx?id=2909930&use=l&cat=p&typeid=i","cat":284487},{"id":247882,"n":"Shampooing Elsève  Antipelliculaire - 300ml","p":3.84,"u":"12,80 €/L","img":"https://fd9-photos.leclercdrive.fr/image.ashx?id=2853982&use=l&cat=p&typeid=i","cat":284606},{"id":248545,"n":"Chou-fleur blanc 1p","p":1.1,"img":"https://fd9-photos.leclercdrive.fr/image.ashx?id=1631991&use=l&cat=p&typeid=i","cat":284352},{"id":249021,"n":"Lessive liquide Xéor Savon de Marseille - 1.2L","p":2.12,"u":"1,77 €/L","img":"https://fd9-photos.leclercdrive.fr/image.ashx?id=2901503&use=l&cat=p&typeid=i","cat":284640},{"id":249173,"n":"Riz basmati Taureau Ailé 1kg","p":3.59,"u":"3,59 €/KG","img":"https://fd9-photos.leclercdrive.fr/image.ashx?id=2860457&use=l&cat=p&typeid=i","cat":284428},{"id":249200,"n":"Sauce béarnaise Rustica 235g","p":1.02,"u":"4,34 €/KG","img":"https://fd9-photos.leclercdrive.fr/image.ashx?id=2955083&use=l&cat=p&typeid=i","cat":318430},{"id":249968,"n":"Pain sandwich nature Harry's  x8 - 360g","p":2.5,"u":"6,94 €/KG","img":"https://fd9-photos.leclercdrive.fr/image.ashx?id=2861503&use=l&cat=p&typeid=i","cat":284477},{"id":250026,"n":"Sauce samourai Rustica 260g","p":1.39,"u":"5,35 €/KG","img":"https://fd9-photos.leclercdrive.fr/image.ashx?id=2955074&use=l&cat=p&typeid=i","cat":318431},{"id":250127,"n":"Recharge lessive Briochin  Peaux sensibles 37 Lav - 1,7L","p":5.69,"u":"3,35 €/L","img":"https://fd9-photos.leclercdrive.fr/image.ashx?id=3000785&use=l&cat=p&typeid=i","cat":284640},{"id":250182,"n":"Sauce tartare Rustica 235g","p":1.13,"u":"4,81 €/KG","img":"https://fd9-photos.leclercdrive.fr/image.ashx?id=2955080&use=l&cat=p&typeid=i","cat":318430},{"id":250415,"n":"Lait corps hydratant Nivea Fermeté Q10 + vitamine C 250ml","p":3.54,"u":"14,16 €/L","img":"https://fd9-photos.leclercdrive.fr/image.ashx?id=3008978&use=l&cat=p&typeid=i","cat":325349},{"id":250428,"n":"Sérum visage Q10 Double action - 30ml","p":13.31,"u":"443,67 €/L","img":"https://fd9-photos.leclercdrive.fr/image.ashx?id=3014620&use=l&cat=p&typeid=i","cat":325345},{"id":250429,"n":"Crème contour yeux Nivea Q10 Power anti-rides - 15ml","p":12.12,"u":"808,00 €/L","img":"https://fd9-photos.leclercdrive.fr/image.ashx?id=3000336&use=l&cat=p&typeid=i","cat":325345},{"id":251522,"n":"Boisson énergisante Celsius Pêche - 35,5cl","p":1.4,"u":"3,94 €/L","img":"https://fd9-photos.leclercdrive.fr/image.ashx?id=2905021&use=l&cat=p&typeid=i","cat":284533},{"id":252128,"n":"Spray nettoyant multi-usage CIF Infinite+Clean Protection 280ml","p":4.43,"u":"15,82 €/MT","img":"https://fd9-photos.leclercdrive.fr/image.ashx?id=2948543&use=l&cat=p&typeid=i","cat":325357},{"id":252129,"n":"Spray nettoyant multi-usage Cif  Infinite+Clean Brillance-280ml","p":4.25,"u":"15,18 €/L","img":"https://fd9-photos.leclercdrive.fr/image.ashx?id=2872234&use=l&cat=p&typeid=i","cat":325357},{"id":252133,"n":"Spray nettoyant multi-usage CIF Infinite+Clean 280ml","p":4.25,"u":"15,18 €/L","img":"https://fd9-photos.leclercdrive.fr/image.ashx?id=2948546&use=l&cat=p&typeid=i","cat":325357},{"id":252134,"n":"Recharge Spray nettoyant CIF Infinite+Clean Protection 590ml","p":4.98,"u":"8,44 €/L","img":"https://fd9-photos.leclercdrive.fr/image.ashx?id=2948549&use=l&cat=p&typeid=i","cat":325357},{"id":252136,"n":"Recharge Spray nettoyant CIF Infinite+Clean Brillance 590ml","p":5.0,"u":"8,47 €/L","img":"https://fd9-photos.leclercdrive.fr/image.ashx?id=2940675&use=l&cat=p&typeid=i","cat":325357},{"id":252137,"n":"Recharge Spray nettoyant CIF Infinite+Clean 590ml","p":4.85,"u":"8,22 €/L","img":"https://fd9-photos.leclercdrive.fr/image.ashx?id=2974066&use=l&cat=p&typeid=i","cat":325357},{"id":252786,"n":"Skyr protéiné Yoplait 0%MG Pêche Mangue - 4x100g","p":2.29,"u":"5,73 €/KG","img":"https://fd9-photos.leclercdrive.fr/image.ashx?id=2884498&use=l&cat=p&typeid=i","cat":315000},{"id":252811,"n":"Lait corps Nivea Nourrissant Peaux sèches 250ml","p":4.12,"u":"20,60 €/L","img":"https://fd9-photos.leclercdrive.fr/image.ashx?id=3005233&use=l&cat=p&typeid=i","cat":325349},{"id":252813,"n":"Lait corps Nivea Douceur - 400ml","p":5.22,"u":"13,05 €/L","img":"https://fd9-photos.leclercdrive.fr/image.ashx?id=3014623&use=l&cat=p&typeid=i","cat":325349},{"id":254391,"n":"Boisson énergisante Red Bull Zéro, 250ml","p":1.09,"u":"4,36 €/L","img":"https://fd9-photos.leclercdrive.fr/image.ashx?id=2877313&use=l&cat=p&typeid=i","cat":284533},{"id":254875,"n":"Œuf Kinder Joy Jurassic Park - 3x20g","p":3.22,"u":"53,67 €/KG","img":"https://fd9-photos.leclercdrive.fr/image.ashx?id=2885177&use=l&cat=p&typeid=i","cat":284958},{"id":255180,"n":"Déodorant tout le corps Rexona  stick 48h anti-odeur 50ml","p":4.78,"u":"95,60 €/L","img":"https://fd9-photos.leclercdrive.fr/image.ashx?id=2896033&use=l&cat=p&typeid=i","cat":284595},{"id":255516,"n":"Café en grains Grand-mère Equilibré - 1kg","p":17.18,"u":"17,18 €/KG","img":"https://fd9-photos.leclercdrive.fr/image.ashx?id=2880588&use=l&cat=p&typeid=i","cat":293237},{"id":256000,"n":"Déodorant stick Dove Pour tout  Le corps - Lavande - 75ml","p":4.99,"u":"66,53 €/L","img":"https://fd9-photos.leclercdrive.fr/image.ashx?id=2894560&use=l&cat=p&typeid=i","cat":284595},{"id":256001,"n":"Déodorant stick Dove Pour tout Le corps - Framboise - 24h 75ml","p":5.08,"u":"67,73 €/L","img":"https://fd9-photos.leclercdrive.fr/image.ashx?id=2894563&use=l&cat=p&typeid=i","cat":284595},{"id":256003,"n":"Déodorant spray Dove Pour tout Le corps - 72h - Lavande 150ml","p":5.68,"u":"37,87 €/L","img":"https://fd9-photos.leclercdrive.fr/image.ashx?id=2894566&use=l&cat=p&typeid=i","cat":284595},{"id":256004,"n":"Déodorant spray Dove Pour tout Le corps - 72h Framboise 150ml","p":2.99,"u":"19,93 €/L","img":"https://fd9-photos.leclercdrive.fr/image.ashx?id=3009341&use=l&cat=p&typeid=i","cat":284595},{"id":256005,"n":"Déodorant crème Dove Pour tout Le corps - 72h Framboise - 75ml","p":2.99,"u":"39,87 €/L","img":"https://fd9-photos.leclercdrive.fr/image.ashx?id=2894572&use=l&cat=p&typeid=i","cat":284595},{"id":256491,"n":"Déodorant tout le corps Rexona  spray 72h anti-odeur 150ml","p":3.29,"u":"21,93 €/L","img":"https://fd9-photos.leclercdrive.fr/image.ashx?id=2989486&use=l&cat=p&typeid=i","cat":284595},{"id":257001,"n":"Happy Family façon bouchère Charal - x4 - 400g","p":7.0,"u":"17,50 €/KG","img":"https://fd9-photos.leclercdrive.fr/image.ashx?id=2883459&use=l&cat=p&typeid=i","cat":284332},{"id":257008,"n":"Steak haché bon plan Charal x2 - 200g","p":3.7,"u":"18,50 €/KG","img":"https://fd9-photos.leclercdrive.fr/image.ashx?id=2883456&use=l&cat=p&typeid=i","cat":284332},{"id":257074,"n":"Gnocchi à poêler Lustucru Extra jambon fromage 300g","p":2.13,"u":"7,10 €/KG","img":"https://fd9-photos.leclercdrive.fr/image.ashx?id=2884387&use=l&cat=p&typeid=i","cat":333682},{"id":257076,"n":"Gnocchi à poêler Lustucru Extra fromage 300g","p":2.13,"u":"7,10 €/KG","img":"https://fd9-photos.leclercdrive.fr/image.ashx?id=2886013&use=l&cat=p&typeid=i","cat":333682},{"id":257077,"n":"Fromage enfant Mini Babybel  16 portions goûter - 352g","p":5.89,"u":"16,73 €/KG","img":"https://fd9-photos.leclercdrive.fr/image.ashx?id=2935840&use=l&cat=p&typeid=i","cat":314030},{"id":257232,"n":"Capsules Lave-Vaisselle SUN  Pro-Expert Regular 38 lavages","p":7.9,"u":"13,86 €/KG","img":"https://fd9-photos.leclercdrive.fr/image.ashx?id=2907728&use=l&cat=p&typeid=i","cat":284656},{"id":257233,"n":"Tablettes lave-vaisselle Uni Vert - Tout-en-1 - x45 - 720g","p":6.57,"u":"9,13 €/KG","img":"https://fd9-photos.leclercdrive.fr/image.ashx?id=3015132&use=l&cat=p&typeid=i","cat":284656},{"id":257251,"n":"Capsules Lave-Vaisselle SUN  Pro-Expert Citron 38 lavages","p":7.9,"u":"13,86 €/KG","img":"https://fd9-photos.leclercdrive.fr/image.ashx?id=2991039&use=l&cat=p&typeid=i","cat":284656},{"id":257277,"n":"Bâtonnets surimi moelleux Fleury Michon x12 - 180g","p":1.77,"u":"9,83 €/KG","img":"https://fd9-photos.leclercdrive.fr/image.ashx?id=2936920&use=l&cat=p&typeid=i","cat":285189},{"id":257278,"n":"Bâtonnets surimi moelleux Fleury Michon x18 - 270g","p":2.57,"u":"9,52 €/KG","img":"https://fd9-photos.leclercdrive.fr/image.ashx?id=2936923&use=l&cat=p&typeid=i","cat":285189},{"id":257279,"n":"Bâtonnets surimi moelleux  Fleury Michon x24 - 360g","p":3.23,"u":"8,97 €/KG","img":"https://fd9-photos.leclercdrive.fr/image.ashx?id=2936926&use=l&cat=p&typeid=i","cat":285189},{"id":257280,"n":"Bâtonnets surimi moelleux Fleury Michon x30 - 450g","p":3.78,"u":"8,40 €/KG","img":"https://fd9-photos.leclercdrive.fr/image.ashx?id=2936929&use=l&cat=p&typeid=i","cat":285189},{"id":257593,"n":"Saumon fumé Ecosse  4 tranches 130g","p":7.38,"u":"56,77 €/KG","img":"https://fd9-photos.leclercdrive.fr/image.ashx?id=2885947&use=l&cat=p&typeid=i","cat":285188},{"id":258606,"n":"Soda Fanta Orange  Bouteille - 1.25L","p":1.68,"u":"1,34 €/L","img":"https://fd9-photos.leclercdrive.fr/image.ashx?id=2924752&use=l&cat=p&typeid=i","cat":284532},{"id":259632,"n":"Nectar Bio Pressade Pomme - 1.5L","p":2.08,"u":"1,39 €/L","img":"https://fd9-photos.leclercdrive.fr/image.ashx?id=2892586&use=l&cat=p&typeid=i","cat":284522},{"id":260045,"n":"Boisson énergisante Celsius Pêche framboise - 35,5cl","p":1.4,"u":"3,94 €/L","img":"https://fd9-photos.leclercdrive.fr/image.ashx?id=2922155&use=l&cat=p&typeid=i","cat":284533},{"id":260047,"n":"Boisson énergisante Celsius Multifruits - 35,5cl","p":1.4,"u":"3,94 €/L","img":"https://fd9-photos.leclercdrive.fr/image.ashx?id=2919006&use=l&cat=p&typeid=i","cat":284533},{"id":260048,"n":"Boisson énergisante Celsius Orange - 35,5cl","p":1.4,"u":"3,94 €/L","img":"https://fd9-photos.leclercdrive.fr/image.ashx?id=2922152&use=l&cat=p&typeid=i","cat":284533},{"id":260054,"n":"Boisson énergisante Celsius Fraise passion - 35,5cl","p":1.4,"u":"3,94 €/L","img":"https://fd9-photos.leclercdrive.fr/image.ashx?id=2922158&use=l&cat=p&typeid=i","cat":284533},{"id":261200,"n":"Cônes Magnum noisette  4x90g","p":4.88,"u":"18,77 €/KG","img":"https://fd9-photos.leclercdrive.fr/image.ashx?id=2896453&use=l&cat=p&typeid=i","cat":284264},{"id":261292,"n":"Chewing-gum Hollywood  Menthe Verte sans sucres - 70g","p":2.2,"u":"31,43 €/KG","img":"https://fd9-photos.leclercdrive.fr/image.ashx?id=2987053&use=l&cat=p&typeid=i","cat":304251},{"id":261513,"n":"Gel douche homme Adidas Pure game - 250ml","p":1.57,"u":"0,01 €/M2","img":"https://fd9-photos.leclercdrive.fr/image.ashx?id=2899506&use=l&cat=p&typeid=i","cat":284619},{"id":261528,"n":"Nectar Bio Pressade Orange Bio - 6x20cl","p":3.48,"u":"2,90 €/L","img":"https://fd9-photos.leclercdrive.fr/image.ashx?id=2902705&use=l&cat=p&typeid=i","cat":284521},{"id":262544,"n":"Sirop Teisseire Défense Citron vert Gingembre - 60cl","p":3.55,"u":"5,92 €/L","img":"https://fd9-photos.leclercdrive.fr/image.ashx?id=2901767&use=l&cat=p&typeid=i","cat":295020},{"id":262545,"n":"Sirop Teisseire Tonus Fraise Kiwi - 60cl","p":3.55,"u":"5,92 €/L","img":"https://fd9-photos.leclercdrive.fr/image.ashx?id=2901758&use=l&cat=p&typeid=i","cat":295020},{"id":262546,"n":"Sirop Teisseire Relax Pêche Goyave - 60cl","p":3.55,"u":"5,92 €/L","img":"https://fd9-photos.leclercdrive.fr/image.ashx?id=2901764&use=l&cat=p&typeid=i","cat":295020},{"id":262547,"n":"Sirop Teisseire Boost Ananas Mangue - 60cl","p":3.55,"u":"5,92 €/L","img":"https://fd9-photos.leclercdrive.fr/image.ashx?id=2901761&use=l&cat=p&typeid=i","cat":295020},{"id":262868,"n":"Baume lèvre hydratant Labello","p":2.1,"u":"420,00 €/KG","img":"https://fd9-photos.leclercdrive.fr/image.ashx?id=2984676&use=l&cat=p&typeid=i","cat":285485},{"id":263328,"n":"Bonbons Lutti Bubblizz Piquants - 300g","p":1.77,"u":"5,90 €/KG","img":"https://fd9-photos.leclercdrive.fr/image.ashx?id=2900983&use=l&cat=p&typeid=i","cat":304250},{"id":263914,"n":"Café grains Temps des Cerises Saveur Caramel - 900g","p":18.9,"u":"21,00 €/KG","img":"https://fd9-photos.leclercdrive.fr/image.ashx?id=2904853&use=l&cat=p&typeid=i","cat":293237},{"id":264694,"n":"Cheetos crispy Balls  90g","p":1.05,"u":"11,67 €/KG","img":"https://fd9-photos.leclercdrive.fr/image.ashx?id=2907962&use=l&cat=p&typeid=i","cat":284449},{"id":264696,"n":"Cheetos crunchy Fromage - 90g","p":1.29,"u":"14,33 €/KG","img":"https://fd9-photos.leclercdrive.fr/image.ashx?id=2907965&use=l&cat=p&typeid=i","cat":284449},{"id":264700,"n":"Cheetos crunchy Sweet Chili - 90g","p":1.29,"u":"14,33 €/KG","img":"https://fd9-photos.leclercdrive.fr/image.ashx?id=2907968&use=l&cat=p&typeid=i","cat":284449},{"id":264707,"n":"Cheetos original  135g","p":1.99,"u":"14,74 €/KG","img":"https://fd9-photos.leclercdrive.fr/image.ashx?id=2907956&use=l&cat=p&typeid=i","cat":284449},{"id":264708,"n":"Cheetos original  Fromage - 80g","p":1.23,"u":"15,38 €/KG","img":"https://fd9-photos.leclercdrive.fr/image.ashx?id=2907959&use=l&cat=p&typeid=i","cat":284449},{"id":265152,"n":"Fromage apéritif Apéricube Soirée match 48 cubes 250g","p":4.17,"u":"16,68 €/KG","img":"https://fd9-photos.leclercdrive.fr/image.ashx?id=2908915&use=l&cat=p&typeid=i","cat":314027},{"id":265156,"n":"Fromage apéritif Apéricube Montagne 48 cubes 250g","p":4.17,"u":"16,68 €/KG","img":"https://fd9-photos.leclercdrive.fr/image.ashx?id=2908924&use=l&cat=p&typeid=i","cat":314027},{"id":265449,"n":"Martini rosato 14.5° - 1L","p":9.25,"u":"9,25 €/L","img":"https://fd9-photos.leclercdrive.fr/image.ashx?id=2941946&use=l&cat=p&typeid=i","cat":284913},{"id":265514,"n":"Adoucissant Lenor collection Jasmin et rose de mai 1.155L","p":4.53,"u":"3,92 €/L","img":"https://fd9-photos.leclercdrive.fr/image.ashx?id=2912701&use=l&cat=p&typeid=i","cat":284650},{"id":265921,"n":"Capsules lave-vaisselle Fairy Platinium Plus anti-terne 388g","p":8.35,"u":"21,52 €/KG","img":"https://fd9-photos.leclercdrive.fr/image.ashx?id=2914189&use=l&cat=p&typeid=i","cat":284656},{"id":265941,"n":"Dentifrice Sensodyne Soin gencives 3x75ml","p":9.83,"pp":5.9,"u":"26,22 €/L","img":"https://fd9-photos.leclercdrive.fr/image.ashx?id=3009020&use=l&cat=p&typeid=i","cat":284612},{"id":265947,"n":"Dentifrice Sensodyne  Soin complet 3x75ml","p":9.83,"pp":5.9,"u":"26,22 €/L","img":"https://fd9-photos.leclercdrive.fr/image.ashx?id=3009023&use=l&cat=p&typeid=i","cat":284612},{"id":265950,"n":"Dentifrice Sensodyne Soin blancheur 3x75ml","p":9.83,"pp":5.9,"u":"26,22 €/L","img":"https://fd9-photos.leclercdrive.fr/image.ashx?id=3009026&use=l&cat=p&typeid=i","cat":284612},{"id":266078,"n":"Lessive liquide Persil Douceur d'amande - 2.565L x61","p":10.38,"u":"4,05 €/L","img":"https://fd9-photos.leclercdrive.fr/image.ashx?id=2944497&use=l&cat=p&typeid=i","cat":284640},{"id":266088,"n":"Adoucissant Cajoline Creations Brise de muguet 1.386L x66","p":5.57,"u":"4,02 €/L","img":"https://fd9-photos.leclercdrive.fr/image.ashx?id=2914240&use=l&cat=p&typeid=i","cat":284650},{"id":266093,"n":"Adoucissant Lenor Envolée d'air - x55 - 1.155L","p":4.53,"u":"3,92 €/L","img":"https://fd9-photos.leclercdrive.fr/image.ashx?id=2914171&use=l&cat=p&typeid=i","cat":284650},{"id":266113,"n":"Lessive liquide Ariel Unstoppable - x30 1.350L","p":9.88,"u":"7,32 €/L","img":"https://fd9-photos.leclercdrive.fr/image.ashx?id=2914144&use=l&cat=p&typeid=i","cat":284640},{"id":266114,"n":"Lessive liquide Ariel Alpine - x35 - 1.575L","p":9.88,"u":"6,27 €/L","img":"https://fd9-photos.leclercdrive.fr/image.ashx?id=2914822&use=l&cat=p&typeid=i","cat":284640},{"id":266137,"n":"Lessive liquide Ariel Ultra détachant - 1.350L x30","p":9.88,"u":"7,32 €/L","img":"https://fd9-photos.leclercdrive.fr/image.ashx?id=2914147&use=l&cat=p&typeid=i","cat":284640},{"id":266166,"n":"Lessive capsules Ariel 3en1 Pods - Alpine - 546g - x30","p":12.38,"u":"22,67 €/KG","img":"https://fd9-photos.leclercdrive.fr/image.ashx?id=2914177&use=l&cat=p&typeid=i","cat":284641},{"id":266177,"n":"Adoucissant Soupline Lenor Ambre & orchidée - 1.155L x55","p":4.53,"u":"3,92 €/L","img":"https://fd9-photos.leclercdrive.fr/image.ashx?id=2914165&use=l&cat=p&typeid=i","cat":284650},{"id":266181,"n":"Adoucissant Lenor Bouquet floral - 1.155L - x55","p":4.53,"u":"3,92 €/L","img":"https://fd9-photos.leclercdrive.fr/image.ashx?id=2914174&use=l&cat=p&typeid=i","cat":284650},{"id":266238,"n":"Bonbons La Vosgienne  Cassis sans sucres -  49g","p":1.67,"u":"34,08 €/KG","img":"https://fd9-photos.leclercdrive.fr/image.ashx?id=2971900&use=l&cat=p&typeid=i","cat":304252},{"id":266242,"n":"Filet de poulet Bon Plan Douce France - 500g","p":6.52,"u":"13,04 €/KG","img":"https://fd9-photos.leclercdrive.fr/image.ashx?id=2914561&use=l&cat=p&typeid=i","cat":284336},{"id":266436,"n":"Lessive liquide Ariel Original - 1.575L - x35","p":9.88,"u":"6,27 €/L","img":"https://fd9-photos.leclercdrive.fr/image.ashx?id=2914813&use=l&cat=p&typeid=i","cat":284640},{"id":266438,"n":"Lessive liquide Ariel Protection fibres - 1.350ml x30","p":9.88,"u":"7,32 €/L","img":"https://fd9-photos.leclercdrive.fr/image.ashx?id=2914825&use=l&cat=p&typeid=i","cat":284640},{"id":266440,"n":"Lessive liquide Ariel Active - 1350ml x30","p":9.88,"u":"7,32 €/L","img":"https://fd9-photos.leclercdrive.fr/image.ashx?id=2914828&use=l&cat=p&typeid=i","cat":284640},{"id":266444,"n":"Lessive capsules Ariel 3en1 Original - 546g - x30","p":11.45,"u":"20,97 €/KG","img":"https://fd9-photos.leclercdrive.fr/image.ashx?id=2914834&use=l&cat=p&typeid=i","cat":284641},{"id":266446,"n":"Lessive capsules Ariel Pods+ Active - 405g - x19","p":10.66,"u":"26,32 €/KG","img":"https://fd9-photos.leclercdrive.fr/image.ashx?id=2914849&use=l&cat=p&typeid=i","cat":284641},{"id":266450,"n":"Lessive capsules Ariel Pods+ Ultra détachant - 443g x19","p":10.66,"u":"24,06 €/KG","img":"https://fd9-photos.leclercdrive.fr/image.ashx?id=2914837&use=l&cat=p&typeid=i","cat":284641},{"id":266465,"n":"Lessive liquide Skip Bébé - 1.47L x35","p":12.93,"u":"8,80 €/L","img":"https://fd9-photos.leclercdrive.fr/image.ashx?id=2971787&use=l&cat=p&typeid=i","cat":284640},{"id":266706,"n":"Pain de mie La Boulangère Complet & graines - 500g","p":1.98,"u":"3,96 €/KG","img":"https://fd9-photos.leclercdrive.fr/image.ashx?id=2926693&use=l&cat=p&typeid=i","cat":284477},{"id":266755,"n":"Gel détartrant Canard WC Ecolabel - 750ml","p":2.47,"pp":1.63,"u":"2,17 €/L","img":"https://fd9-photos.leclercdrive.fr/image.ashx?id=2916390&use=l&cat=p&typeid=i","cat":284662},{"id":266757,"n":"Gel nettoyant Canard Action rapide - 750ml","p":2.47,"pp":1.63,"u":"2,17 €/L","img":"https://fd9-photos.leclercdrive.fr/image.ashx?id=2916393&use=l&cat=p&typeid=i","cat":284662},{"id":267332,"n":"Adoucissant Cajoline Créations Souffle de fraîcheur 1.386L x66","p":5.71,"u":"4,12 €/L","img":"https://fd9-photos.leclercdrive.fr/image.ashx?id=2917109&use=l&cat=p&typeid=i","cat":284650},{"id":267333,"n":"Adoucissant Cajoline Créations Fleur de tiaré & Pivoine 1.386L","p":5.63,"u":"4,06 €/L","img":"https://fd9-photos.leclercdrive.fr/image.ashx?id=2917112&use=l&cat=p&typeid=i","cat":284650},{"id":267335,"n":"Adoucissant Cajoline Créations Lavande & Rose blanche 1.386L","p":4.88,"u":"3,52 €/L","img":"https://fd9-photos.leclercdrive.fr/image.ashx?id=2917115&use=l&cat=p&typeid=i","cat":284650},{"id":267336,"n":"Adoucissant Cajoline Doux & Pur L'original - 1.386L x66","p":4.35,"u":"3,14 €/L","img":"https://fd9-photos.leclercdrive.fr/image.ashx?id=2917118&use=l&cat=p&typeid=i","cat":284650},{"id":267339,"n":"Adoucissant Cajoline Origines Fraîcheur Céleste 1.254L x66","p":6.87,"u":"5,48 €/L","img":"https://fd9-photos.leclercdrive.fr/image.ashx?id=2917121&use=l&cat=p&typeid=i","cat":284650},{"id":267341,"n":"Adoucissant Cajoline Elixir Bouquet estival - 460ml","p":6.83,"u":"14,85 €/L","img":"https://fd9-photos.leclercdrive.fr/image.ashx?id=2940672&use=l&cat=p&typeid=i","cat":284650},{"id":267342,"n":"Adoucissant liquide Cajoline Elixir Brise printanière 460ml","p":6.92,"u":"15,04 €/L","img":"https://fd9-photos.leclercdrive.fr/image.ashx?id=3000896&use=l&cat=p&typeid=i","cat":284650},{"id":267371,"n":"Adoucissant Cajoline Créations Fleur de la passion 1.386L x66","p":4.73,"u":"3,41 €/L","img":"https://fd9-photos.leclercdrive.fr/image.ashx?id=2918107&use=l&cat=p&typeid=i","cat":284650},{"id":267388,"n":"Adoucissant liquide Cajoline Elixir Fraîcheur Céleste 460ml","p":6.87,"u":"14,93 €/L","img":"https://fd9-photos.leclercdrive.fr/image.ashx?id=2918113&use=l&cat=p&typeid=i","cat":284650},{"id":267391,"n":"Adoucissant Cajoline Origines Brise printanière 1.254L x66","p":6.85,"u":"5,46 €/L","img":"https://fd9-photos.leclercdrive.fr/image.ashx?id=2918110&use=l&cat=p&typeid=i","cat":284650},{"id":267542,"n":"Skyr Yoplait  Fraise - 4x100g","p":2.26,"u":"5,65 €/KG","img":"https://fd9-photos.leclercdrive.fr/image.ashx?id=2917792&use=l&cat=p&typeid=i","cat":315000},{"id":267956,"n":"Filet de poulet  en aiguillette Eco+ 400g","p":4.95,"u":"12,38 €/KG","img":"https://fd9-photos.leclercdrive.fr/image.ashx?id=2918242&use=l&cat=p&typeid=i","cat":284336},{"id":268050,"n":"Couches Pampers Baby-Dry Taille 6 - x33","p":16.94,"u":"0,51 €/P","img":"https://fd9-photos.leclercdrive.fr/image.ashx?id=2941994&use=l&cat=p&typeid=i","cat":284737},{"id":268057,"n":"Couches Pampers Premium Protection Taille 2 - x54","p":16.97,"u":"0,31 €/P","img":"https://fd9-photos.leclercdrive.fr/image.ashx?id=2957392&use=l&cat=p&typeid=i","cat":284737},{"id":268179,"n":"Culottes Pampers Premium Protection Pants - Taille 5 x29","p":16.77,"u":"0,58 €/P","img":"https://fd9-photos.leclercdrive.fr/image.ashx?id=3009245&use=l&cat=p&typeid=i","cat":290633},{"id":268190,"n":"Couches Pampers Premium Protection Taille 5 x33","p":16.94,"u":"0,51 €/P","img":"https://fd9-photos.leclercdrive.fr/image.ashx?id=2991012&use=l&cat=p&typeid=i","cat":284737},{"id":268378,"n":"Steak de boeuf ** L'Atelier Boucherie x1 - 140g","p":2.99,"u":"21,36 €/KG","img":"https://fd9-photos.leclercdrive.fr/image.ashx?id=2930570&use=l&cat=p&typeid=i","cat":284328},{"id":268821,"n":"Couches Pampers Baby Dry x98","p":35.21,"u":"0,36 €/P","img":"https://fd9-photos.leclercdrive.fr/image.ashx?id=2922278&use=l&cat=p&typeid=i","cat":284737},{"id":268832,"n":"Couches Pampers Premium Taille 3 - x112","p":34.53,"u":"0,31 €/P","img":"https://fd9-photos.leclercdrive.fr/image.ashx?id=2922251&use=l&cat=p&typeid=i","cat":284737},{"id":268837,"n":"Couches Pampers Protection Taille 4 - x90","p":33.8,"u":"0,38 €/P","img":"https://fd9-photos.leclercdrive.fr/image.ashx?id=2922260&use=l&cat=p&typeid=i","cat":284737},{"id":269161,"n":"Lessive liquide Persil  Bouquet de Provence - 1,806L","p":7.79,"u":"4,31 €/L","img":"https://fd9-photos.leclercdrive.fr/image.ashx?id=2924977&use=l&cat=p&typeid=i","cat":284640},{"id":269166,"n":"Lessive liquide Persil  Bouquet de Provence - 2,565L","p":10.77,"u":"4,20 €/L","img":"https://fd9-photos.leclercdrive.fr/image.ashx?id=2924980&use=l&cat=p&typeid=i","cat":284640},{"id":269169,"n":"Lessive liquide Skip  Active clean - 2.520 L","p":17.07,"u":"6,77 €/L","img":"https://fd9-photos.leclercdrive.fr/image.ashx?id=2924974&use=l&cat=p&typeid=i","cat":284640},{"id":269176,"n":"Lessive liquide Skip  Peaux sensiles - 1,554L","p":11.63,"u":"7,48 €/L","img":"https://fd9-photos.leclercdrive.fr/image.ashx?id=2985669&use=l&cat=p&typeid=i","cat":284640},{"id":269197,"n":"Lessive liquide Persil  Douceur d'amande - 1.806","p":7.69,"u":"4,26 €/L","img":"https://fd9-photos.leclercdrive.fr/image.ashx?id=2944491&use=l&cat=p&typeid=i","cat":284640},{"id":270135,"n":"Déodorant Dove Tout le corps Crème Lavande 72H- 75ml","p":5.78,"u":"77,07 €/L","img":"https://fd9-photos.leclercdrive.fr/image.ashx?id=2927738&use=l&cat=p&typeid=i","cat":284595},{"id":270238,"n":"Filets  maquereaux Petit Navire Moutarde - 338g","p":3.78,"u":"11,18 €/KG","img":"https://fd9-photos.leclercdrive.fr/image.ashx?id=2928369&use=l&cat=p&typeid=i","cat":303868},{"id":270349,"n":"Poudre cacaotée Nesquik  Moins de sucre - 350g","p":4.0,"u":"11,43 €/KG","img":"https://fd9-photos.leclercdrive.fr/image.ashx?id=3005380&use=l&cat=p&typeid=i","cat":293235},{"id":270988,"n":"Capsules café L'Or Espresso Brésil N°8 x30","p":9.41,"u":"60,32 €/KG","img":"https://fd9-photos.leclercdrive.fr/image.ashx?id=2938295&use=l&cat=p&typeid=i","cat":284749},{"id":271978,"n":"Dentifrice Blancheur Signal White Now 3en1 blancheur 75ml","p":4.87,"u":"64,93 €/L","img":"https://fd9-photos.leclercdrive.fr/image.ashx?id=2985684&use=l&cat=p&typeid=i","cat":284612},{"id":271982,"n":"Dentifrice Blancheur Signal White Now 3en1 Charbon 75ml","p":4.87,"u":"64,93 €/L","img":"https://fd9-photos.leclercdrive.fr/image.ashx?id=2938340&use=l&cat=p&typeid=i","cat":284612},{"id":272349,"n":"Sérum visage Nivea Anti-age  30ml","p":25.41,"u":"847,00 €/L","img":"https://fd9-photos.leclercdrive.fr/image.ashx?id=2991304&use=l&cat=p&typeid=i","cat":325345},{"id":272853,"n":"Confit de Canard 4 Cuisses -1kg Les Thomasines - IGP Sud Ouest","p":15.31,"u":"15,31 €/KG","img":"https://fd9-photos.leclercdrive.fr/image.ashx?id=2935005&use=l&cat=p&typeid=i","cat":284339},{"id":272919,"n":"Sauce pour CheeseBurger Amora - 250g","p":2.3,"u":"9,20 €/KG","img":"https://fd9-photos.leclercdrive.fr/image.ashx?id=2938962&use=l&cat=p&typeid=i","cat":318431},{"id":272921,"n":"Sauce Deluxe Amora - 420g","p":2.61,"u":"6,21 €/KG","img":"https://fd9-photos.leclercdrive.fr/image.ashx?id=3004456&use=l&cat=p&typeid=i","cat":318431},{"id":273444,"n":"Riz Taureau Ailé 2x500g","p":3.15,"u":"3,15 €/KG","img":"https://fd9-photos.leclercdrive.fr/image.ashx?id=2963745&use=l&cat=p&typeid=i","cat":284428},{"id":273449,"n":"Riz basmati Taureau Ailé  2x500g","p":3.15,"u":"3,15 €/KG","img":"https://fd9-photos.leclercdrive.fr/image.ashx?id=2963748&use=l&cat=p&typeid=i","cat":284428},{"id":273849,"n":"Boîte à en-cas Monbento Double compartiment - 400ml","p":14.0,"img":"https://fd9-photos.leclercdrive.fr/image.ashx?id=3005739&use=l&cat=p&typeid=i","cat":284710},{"id":273854,"n":"Boîte repas Monbento 2 étages - x1","p":38.0,"img":"https://fd9-photos.leclercdrive.fr/image.ashx?id=3005787&use=l&cat=p&typeid=i","cat":284710},{"id":273856,"n":"Boîte de conservation Monbento Rectangulaire - 2600ml","p":28.0,"img":"https://fd9-photos.leclercdrive.fr/image.ashx?id=3005724&use=l&cat=p&typeid=i","cat":284710},{"id":273859,"n":"Boîte repas Monbento 1 étage","p":28.0,"img":"https://fd9-photos.leclercdrive.fr/image.ashx?id=3005745&use=l&cat=p&typeid=i","cat":284710},{"id":273870,"n":"Mini ruban correcteur Esquisse Rouge, Bleu, Gris - x3","p":1.99,"img":"https://fd9-photos.leclercdrive.fr/image.ashx?id=2943331&use=l&cat=p&typeid=i","cat":334133},{"id":274343,"n":"Café dosettes Tassimo Milka x10","p":5.26,"u":"32,88 €/KG","img":"https://fd9-photos.leclercdrive.fr/image.ashx?id=2944461&use=l&cat=p&typeid=i","cat":293240},{"id":275217,"n":"Crème visage jour Nivea Anti-âge repulpant SPF30 50ml","p":12.99,"u":"259,80 €/L","img":"https://fd9-photos.leclercdrive.fr/image.ashx?id=3000815&use=l&cat=p&typeid=i","cat":325345},{"id":276184,"n":"Ferrero Collection Arbre mixte  129g","p":7.57,"u":"58,68 €/KG","img":"https://fd9-photos.leclercdrive.fr/image.ashx?id=2952052&use=l&cat=p&typeid=i","cat":327595},{"id":276186,"n":"Ferrero Collection Assortiment cube lumières de fête - 185g","p":9.27,"u":"50,11 €/KG","img":"https://fd9-photos.leclercdrive.fr/image.ashx?id=2952121&use=l&cat=p&typeid=i","cat":327595},{"id":276187,"n":"Ferrero Collection Assortiment Merveilles d'hiver - 203g","p":9.97,"u":"49,11 €/KG","img":"https://fd9-photos.leclercdrive.fr/image.ashx?id=2952061&use=l&cat=p&typeid=i","cat":327595},{"id":276188,"n":"Ferrero Collection Assortiment Promenade en ville - 197g","p":9.97,"u":"50,61 €/KG","img":"https://fd9-photos.leclercdrive.fr/image.ashx?id=2952058&use=l&cat=p&typeid=i","cat":327595},{"id":276189,"n":"Chocolats Ferrero Prestige  256g","p":9.47,"u":"36,99 €/KG","img":"https://fd9-photos.leclercdrive.fr/image.ashx?id=2952112&use=l&cat=p&typeid=i","cat":327595},{"id":276190,"n":"Chocolats Ferrero Prestige  319g","p":11.47,"u":"35,96 €/KG","img":"https://fd9-photos.leclercdrive.fr/image.ashx?id=2961287&use=l&cat=p&typeid=i","cat":284499},{"id":276191,"n":"Chocolats Ferrero Prestige  442g","p":14.97,"u":"33,87 €/KG","img":"https://fd9-photos.leclercdrive.fr/image.ashx?id=2952115&use=l&cat=p&typeid=i","cat":327595},{"id":276198,"n":"Calendrier Kinder cadeau  214g","p":10.99,"u":"51,36 €/KG","img":"https://fd9-photos.leclercdrive.fr/image.ashx?id=2952094&use=l&cat=p&typeid=i","cat":336112},{"id":276200,"n":"Kinder moulage  Père Noël - 85g","p":3.48,"u":"40,94 €/KG","img":"https://fd9-photos.leclercdrive.fr/image.ashx?id=2952070&use=l&cat=p&typeid=i","cat":327592},{"id":276202,"n":"Kinder mini friends  Lait - 122g","p":3.87,"u":"31,72 €/KG","img":"https://fd9-photos.leclercdrive.fr/image.ashx?id=2952049&use=l&cat=p&typeid=i","cat":327592},{"id":276205,"n":"Kinder mini eggs  Noisettes - 182g","p":4.57,"u":"25,11 €/KG","img":"https://fd9-photos.leclercdrive.fr/image.ashx?id=2952085&use=l&cat=p&typeid=i","cat":327592},{"id":276207,"n":"Kinder Bueno et mini eggs 193g","p":6.97,"u":"36,11 €/KG","img":"https://fd9-photos.leclercdrive.fr/image.ashx?id=2952109&use=l&cat=p&typeid=i","cat":327592},{"id":276208,"n":"Kinder Balls  Eclats de Noisettes - 164g","p":5.93,"u":"36,16 €/KG","img":"https://fd9-photos.leclercdrive.fr/image.ashx?id=2952088&use=l&cat=p&typeid=i","cat":327592},{"id":276209,"n":"Kinder Balls  Eclats de Bsicuits cacao - 164g","p":5.93,"u":"36,16 €/KG","img":"https://fd9-photos.leclercdrive.fr/image.ashx?id=2952091&use=l&cat=p&typeid=i","cat":327592},{"id":276210,"n":"Kinder Schokobons  200g","p":3.54,"u":"17,70 €/KG","img":"https://fd9-photos.leclercdrive.fr/image.ashx?id=2952911&use=l&cat=p&typeid=i","cat":327592},{"id":276211,"n":"Kinder Schokobons  350g","p":5.97,"u":"17,06 €/KG","img":"https://fd9-photos.leclercdrive.fr/image.ashx?id=2952103&use=l&cat=p&typeid=i","cat":327592},{"id":276214,"n":"Nutella Chausette  209g","p":9.97,"u":"47,70 €/KG","img":"https://fd9-photos.leclercdrive.fr/image.ashx?id=2952100&use=l&cat=p&typeid=i","cat":327592},{"id":276217,"n":"Coffret Animaux Merveilleux 140g","p":10.69,"u":"76,36 €/KG","img":"https://fd9-photos.leclercdrive.fr/image.ashx?id=2951971&use=l&cat=p&typeid=i","cat":327595},{"id":276218,"n":"Papillotes Equador chocolat  au lait fourrage praliné - 350g","p":7.59,"u":"21,69 €/KG","img":"https://fd9-photos.leclercdrive.fr/image.ashx?id=2951155&use=l&cat=p&typeid=i","cat":327597},{"id":276219,"n":"Papillotes Equador chocolat  Noir - 350g","p":7.59,"u":"21,69 €/KG","img":"https://fd9-photos.leclercdrive.fr/image.ashx?id=2951158&use=l&cat=p&typeid=i","cat":327597},{"id":276220,"n":"Papillotes Equador chocolat  Blanc et au lait - 350g","p":7.59,"u":"21,69 €/KG","img":"https://fd9-photos.leclercdrive.fr/image.ashx?id=2951161&use=l&cat=p&typeid=i","cat":327597},{"id":276371,"n":"Nougat caramel, fleur d'oranger Chabert & Guillot - 300g","p":10.97,"u":"36,57 €/KG","img":"https://fd9-photos.leclercdrive.fr/image.ashx?id=2952514&use=l&cat=p&typeid=i","cat":327605},{"id":276378,"n":"Chocolat Rohan et boules   125g","p":3.25,"u":"26,00 €/KG","img":"https://fd9-photos.leclercdrive.fr/image.ashx?id=2952637&use=l&cat=p&typeid=i","cat":327592},{"id":276379,"n":"Boules Rohan en chocolat  200g","p":4.8,"u":"24,00 €/KG","img":"https://fd9-photos.leclercdrive.fr/image.ashx?id=2952634&use=l&cat=p&typeid=i","cat":327592},{"id":276394,"n":"Boite ruby liqueurs Abtey Chocolat noir liqueur - 200g","p":8.44,"u":"42,20 €/KG","img":"https://fd9-photos.leclercdrive.fr/image.ashx?id=2952535&use=l&cat=p&typeid=i","cat":327601},{"id":276396,"n":"Casier l'original Abtey Chocolat noir liqueur x9 - 81g","p":3.38,"u":"41,73 €/KG","img":"https://fd9-photos.leclercdrive.fr/image.ashx?id=2969878&use=l&cat=p&typeid=i","cat":327601},{"id":276397,"n":"Sachet pn et rennes Riegelein moulage chocolat lait - 132g","p":4.57,"u":"34,62 €/KG","img":"https://fd9-photos.leclercdrive.fr/image.ashx?id=2952763&use=l&cat=p&typeid=i","cat":327592},{"id":276398,"n":"Sachet figurines Riegelein moulage chocolat lait - 184g","p":6.21,"u":"33,75 €/KG","img":"https://fd9-photos.leclercdrive.fr/image.ashx?id=2952769&use=l&cat=p&typeid=i","cat":327592},{"id":276399,"n":"Calendriers chats Riegelein garnis chocolat lait - 65g","p":2.26,"u":"34,77 €/KG","img":"https://fd9-photos.leclercdrive.fr/image.ashx?id=2952760&use=l&cat=p&typeid=i","cat":336112},{"id":276400,"n":"Sachet composition Riegelein moulage chocolat lait - 150g","p":4.24,"u":"28,27 €/KG","img":"https://fd9-photos.leclercdrive.fr/image.ashx?id=2952784&use=l&cat=p&typeid=i","cat":327592},{"id":276401,"n":"Calendriers Vintage Riegelein garnis chocolat lait - 65g","p":2.26,"u":"34,77 €/KG","img":"https://fd9-photos.leclercdrive.fr/image.ashx?id=2952757&use=l&cat=p&typeid=i","cat":336112},{"id":276402,"n":"Sachet déco sapin Riegelein moulage chocolat lait -150g","p":4.29,"u":"28,60 €/KG","img":"https://fd9-photos.leclercdrive.fr/image.ashx?id=2952766&use=l&cat=p&typeid=i","cat":327592},{"id":276403,"n":"Assortiment Riegelein moulage chocolat lait - 75g","p":2.38,"u":"31,73 €/KG","img":"https://fd9-photos.leclercdrive.fr/image.ashx?id=2952775&use=l&cat=p&typeid=i","cat":327592},{"id":276404,"n":"Assortiment cloches Riegelein moulage chocolat lait - 75g","p":2.38,"u":"31,73 €/KG","img":"https://fd9-photos.leclercdrive.fr/image.ashx?id=2952772&use=l&cat=p&typeid=i","cat":327592},{"id":276435,"n":"Papillotes Révillon Féériques Noir 70% et Lait - 300g","p":11.57,"u":"38,57 €/KG","img":"https://fd9-photos.leclercdrive.fr/image.ashx?id=2980689&use=l&cat=p&typeid=i","cat":327597},{"id":276436,"n":"Coffret chocolats Révillon Noir, Lait Blanc Alcool - 231g","p":10.17,"u":"44,03 €/KG","img":"https://fd9-photos.leclercdrive.fr/image.ashx?id=2980692&use=l&cat=p&typeid=i","cat":327595},{"id":276437,"n":"Coffret chocolats Révillon Noir 70% - 232g","p":9.97,"u":"42,97 €/KG","img":"https://fd9-photos.leclercdrive.fr/image.ashx?id=2980701&use=l&cat=p&typeid=i","cat":327595},{"id":276438,"n":"Coffret chocolats Révillon Lait - 230g","p":10.17,"u":"44,22 €/KG","img":"https://fd9-photos.leclercdrive.fr/image.ashx?id=2980695&use=l&cat=p&typeid=i","cat":284499},{"id":276439,"n":"Coffret chocolats Révillon Noir Lait Blanc - 233g","p":9.97,"u":"42,79 €/KG","img":"https://fd9-photos.leclercdrive.fr/image.ashx?id=2980698&use=l&cat=p&typeid=i","cat":284499},{"id":276459,"n":"Chocolat Nestlé  Lait et noir - 198g","p":8.35,"u":"42,17 €/KG","img":"https://fd9-photos.leclercdrive.fr/image.ashx?id=2952998&use=l&cat=p&typeid=i","cat":327595},{"id":276462,"n":"Nestlé dessert truffes Noir - 250g","p":8.89,"u":"35,56 €/KG","img":"https://fd9-photos.leclercdrive.fr/image.ashx?id=2953040&use=l&cat=p&typeid=i","cat":327600},{"id":276464,"n":"Nestlé dessert truffes Noir 70 % - 250g","p":6.35,"u":"25,40 €/KG","img":"https://fd9-photos.leclercdrive.fr/image.ashx?id=2953043&use=l&cat=p&typeid=i","cat":327600},{"id":276465,"n":"Nestlé dessert truffes Noir 85 %  - 250g","p":8.89,"u":"35,56 €/KG","img":"https://fd9-photos.leclercdrive.fr/image.ashx?id=2953049&use=l&cat=p&typeid=i","cat":327600},{"id":276484,"n":"Chocolats Ferrero Rocher  100g","p":3.97,"u":"39,70 €/KG","img":"https://fd9-photos.leclercdrive.fr/image.ashx?id=2952899&use=l&cat=p&typeid=i","cat":327600},{"id":276485,"n":"Chocolats Ferrero Rocher  525g","p":15.85,"u":"30,19 €/KG","img":"https://fd9-photos.leclercdrive.fr/image.ashx?id=2952962&use=l&cat=p&typeid=i","cat":327600},{"id":276486,"n":"Chocolats Ferrero Rocher  Golden star Lait - 115g","p":5.87,"u":"51,04 €/KG","img":"https://fd9-photos.leclercdrive.fr/image.ashx?id=2952956&use=l&cat=p&typeid=i","cat":327600},{"id":276487,"n":"Chocolats Ferrero Rocher  Golden star mix - 115g","p":5.87,"u":"51,04 €/KG","img":"https://fd9-photos.leclercdrive.fr/image.ashx?id=2964042&use=l&cat=p&typeid=i","cat":327600},{"id":276550,"n":"Biscuit sésame GERBLE - 5x4 220g","p":1.52,"u":"6,91 €/KG","img":"https://fd9-photos.leclercdrive.fr/image.ashx?id=2953803&use=l&cat=p&typeid=i","cat":318651},{"id":278034,"n":"Agrafeuse Esquisse Gris - +400 agrafes n°10","p":1.49,"img":"https://fd9-photos.leclercdrive.fr/image.ashx?id=2958065&use=l&cat=p&typeid=i","cat":334133},{"id":278570,"n":"Lessive liquide Le Chat  L'expert Bicarbonate - 1,8L","p":10.39,"u":"5,77 €/L","img":"https://fd9-photos.leclercdrive.fr/image.ashx?id=2962290&use=l&cat=p&typeid=i","cat":284640},{"id":278976,"n":"Crème épaisse St Hubert 15%MG 450g","p":2.07,"u":"4,60 €/KG","img":"https://fd9-photos.leclercdrive.fr/image.ashx?id=2967169&use=l&cat=p&typeid=i","cat":284381},{"id":278978,"n":"Crème épaisse St Hubert 30%MG 450g","p":2.31,"u":"5,13 €/KG","img":"https://fd9-photos.leclercdrive.fr/image.ashx?id=2967172&use=l&cat=p&typeid=i","cat":284381},{"id":280019,"n":"Œuf Kinder Joy Mario - 3x20g","p":3.22,"u":"53,67 €/KG","img":"https://fd9-photos.leclercdrive.fr/image.ashx?id=2970753&use=l&cat=p&typeid=i","cat":284958},{"id":280610,"n":"Lait corps Nivea Repair & care - 250ml","p":4.48,"pp":2.96,"u":"11,84 €/L","img":"https://fd9-photos.leclercdrive.fr/image.ashx?id=2974435&use=l&cat=p&typeid=i","cat":325349},{"id":280611,"n":"Lait corps Nivea Hydratant - Peaux sèches 250ml","p":3.64,"u":"14,56 €/L","img":"https://fd9-photos.leclercdrive.fr/image.ashx?id=2974438&use=l&cat=p&typeid=i","cat":325349},{"id":280905,"n":"Pancakes Pasquier Pépites de chocolat x8 - 280g","p":2.21,"u":"7,89 €/KG","img":"https://fd9-photos.leclercdrive.fr/image.ashx?id=2975921&use=l&cat=p&typeid=i","cat":284495},{"id":281744,"n":"Album collector Disney x1","p":1.99,"img":"https://fd9-photos.leclercdrive.fr/image.ashx?id=2980498&use=l&cat=p&typeid=i","cat":334380},{"id":282006,"n":"Boule de Noel Disney 15g","p":2.31,"u":"154,00 €/KG","img":"https://fd9-photos.leclercdrive.fr/image.ashx?id=2983730&use=l&cat=p&typeid=i","cat":327789},{"id":282008,"n":"Sucette guimauve Père Noel 45g","p":1.61,"u":"35,78 €/KG","img":"https://fd9-photos.leclercdrive.fr/image.ashx?id=2983727&use=l&cat=p&typeid=i","cat":327592},{"id":282010,"n":"Kinder Surprise  x4 - 80g","p":4.31,"u":"53,88 €/KG","img":"https://fd9-photos.leclercdrive.fr/image.ashx?id=2981373&use=l&cat=p&typeid=i","cat":327592},{"id":282011,"n":"Chocolat Kinder Géant 300g","p":6.87,"u":"22,90 €/KG","img":"https://fd9-photos.leclercdrive.fr/image.ashx?id=2981367&use=l&cat=p&typeid=i","cat":327592},{"id":282014,"n":"Chocolat Kinder Mix - 102g","p":3.73,"u":"36,57 €/KG","img":"https://fd9-photos.leclercdrive.fr/image.ashx?id=2981370&use=l&cat=p&typeid=i","cat":327592},{"id":282063,"n":"Chocolat Rohan   90g","p":2.57,"u":"28,56 €/KG","img":"https://fd9-photos.leclercdrive.fr/image.ashx?id=2982429&use=l&cat=p&typeid=i","cat":327592},{"id":282156,"n":"Chocolat Rohan   Ourson - 90g","p":2.57,"u":"28,56 €/KG","img":"https://fd9-photos.leclercdrive.fr/image.ashx?id=3001229&use=l&cat=p&typeid=i","cat":284958},{"id":282157,"n":"Chocolat Rohan   Père Noel - 90g","p":2.57,"u":"28,56 €/KG","img":"https://fd9-photos.leclercdrive.fr/image.ashx?id=3001232&use=l&cat=p&typeid=i","cat":284958},{"id":282158,"n":"Chocolat Rohan   Renne - 90g","p":2.57,"u":"28,56 €/KG","img":"https://fd9-photos.leclercdrive.fr/image.ashx?id=3001235&use=l&cat=p&typeid=i","cat":284958},{"id":282454,"n":"Boule de Noel Disney Mickey - 15g","p":2.31,"u":"154,00 €/KG","img":"https://fd9-photos.leclercdrive.fr/image.ashx?id=2989796&use=l&cat=p&typeid=i","cat":327789},{"id":282455,"n":"Boule de Noel Disney Frozen - 15g","p":2.31,"u":"154,00 €/KG","img":"https://fd9-photos.leclercdrive.fr/image.ashx?id=2984531&use=l&cat=p&typeid=i","cat":327789},{"id":282456,"n":"Boule de Noel Disney Vaiana - 15g","p":2.31,"u":"154,00 €/KG","img":"https://fd9-photos.leclercdrive.fr/image.ashx?id=2984534&use=l&cat=p&typeid=i","cat":327789},{"id":282457,"n":"Boule de Noel Disney Stitch - 15g","p":2.31,"u":"154,00 €/KG","img":"https://fd9-photos.leclercdrive.fr/image.ashx?id=2984537&use=l&cat=p&typeid=i","cat":327789},{"id":282458,"n":"Boule de Noel Disney Iron Man - 15g","p":2.31,"u":"154,00 €/KG","img":"https://fd9-photos.leclercdrive.fr/image.ashx?id=2984540&use=l&cat=p&typeid=i","cat":327789},{"id":282684,"n":"Boule de Noel Disney Spider Man - 15g","p":2.31,"u":"154,00 €/KG","img":"https://fd9-photos.leclercdrive.fr/image.ashx?id=2984543&use=l&cat=p&typeid=i","cat":327789},{"id":282769,"n":"Chocolat Kinder Mix - 102g","p":3.73,"u":"36,57 €/KG","img":"https://fd9-photos.leclercdrive.fr/image.ashx?id=2984546&use=l&cat=p&typeid=i","cat":327592},{"id":282770,"n":"Chocolat Kinder Pingouin - 102g","p":3.73,"u":"36,57 €/KG","img":"https://fd9-photos.leclercdrive.fr/image.ashx?id=2984549&use=l&cat=p&typeid=i","cat":327592},{"id":283043,"n":"Sucette guimauve Père Noel Lunette jaune - 45g","p":1.61,"u":"35,78 €/KG","img":"https://fd9-photos.leclercdrive.fr/image.ashx?id=2987178&use=l&cat=p&typeid=i","cat":327592},{"id":283044,"n":"Sucette guimauve Père Noel Lunettes rouge - 45g","p":1.61,"u":"35,78 €/KG","img":"https://fd9-photos.leclercdrive.fr/image.ashx?id=2987181&use=l&cat=p&typeid=i","cat":327592},{"id":283046,"n":"Sucette guimauve Père Noel Lunettes bleu - 45g","p":1.61,"u":"35,78 €/KG","img":"https://fd9-photos.leclercdrive.fr/image.ashx?id=2987184&use=l&cat=p&typeid=i","cat":327592},{"id":283136,"n":"Kinder Surprise  Père Noel x4 - 80g","p":4.31,"u":"53,88 €/KG","img":"https://fd9-photos.leclercdrive.fr/image.ashx?id=2981373&use=l&cat=p&typeid=i","cat":327592},{"id":283138,"n":"Kinder Surprise  Bonhomme de neige x4 - 80g","p":4.31,"u":"53,88 €/KG","img":"https://fd9-photos.leclercdrive.fr/image.ashx?id=2987196&use=l&cat=p&typeid=i","cat":327592},{"id":283154,"n":"Chocolat Kinder Géant Père Noel - 300g","p":6.87,"u":"22,90 €/KG","img":"https://fd9-photos.leclercdrive.fr/image.ashx?id=2981367&use=l&cat=p&typeid=i","cat":327592},{"id":283155,"n":"Chocolat Kinder Géant Bonhomme de neige - 300g","p":6.87,"u":"22,90 €/KG","img":"https://fd9-photos.leclercdrive.fr/image.ashx?id=2998808&use=l&cat=p&typeid=i","cat":327592},{"id":283546,"n":"Peluche Kinder Ecureuil - 133g","p":13.92,"u":"104,66 €/KG","img":"https://fd9-photos.leclercdrive.fr/image.ashx?id=2995890&use=l&cat=p&typeid=i","cat":327789},{"id":283547,"n":"Peluche Kinder Dragon - 133g","p":13.92,"u":"104,66 €/KG","img":"https://fd9-photos.leclercdrive.fr/image.ashx?id=2995893&use=l&cat=p&typeid=i","cat":327789},{"id":284898,"n":"Sauce Porto Charal 120g","p":2.08,"u":"17,33 €/KG","img":"https://fd9-photos.leclercdrive.fr/image.ashx?id=2995100&use=l&cat=p&typeid=i","cat":327293},{"id":284948,"n":"Sac noel Kinder Sac vert \"Oh Oh Oh!\" - 223g","p":10.36,"u":"46,46 €/KG","img":"https://fd9-photos.leclercdrive.fr/image.ashx?id=2995896&use=l&cat=p&typeid=i","cat":327592},{"id":287400,"n":"Confit canard et pomme de terre La Belle Chaurienne - 1.35kg","p":8.25,"pp":5.44,"u":"4,03 €/KG","img":"https://fd9-photos.leclercdrive.fr/image.ashx?id=3004867&use=l&cat=p&typeid=i","cat":284440},{"id":287410,"n":"Bière IPA Uini's 5° -  75cl","p":5.5,"pp":4.4,"u":"5,87 €/L","img":"https://fd9-photos.leclercdrive.fr/image.ashx?id=3005047&use=l&cat=p&typeid=i","cat":334873},{"id":287411,"n":"Bière Blonde Uini's 5° -  75cl","p":5.5,"pp":4.4,"u":"5,87 €/L","img":"https://fd9-photos.leclercdrive.fr/image.ashx?id=3005790&use=l&cat=p&typeid=i","cat":334873},{"id":287484,"n":"Truite fumée Vendsyssel 280g","p":14.9,"pp":10.43,"u":"37,25 €/KG","img":"https://fd9-photos.leclercdrive.fr/image.ashx?id=3009044&use=l&cat=p&typeid=i","cat":285188}]}